4032 3024
309 374 374 434 10

489 479 794 539 vorgewehrt
846 489 1057 549 worden,
1067 497 1162 557 daß
1204 514 1551 574 verhoffentlich
1582 535 1708 595 nichts
1729 550 1845 610 mehr

501 571 571 631 zu
621 575 870 635 befahren;
880 583 1129 643 Welches
1159 589 1209 649 Er
1249 595 1378 655 Ihnen
1418 602 1468 662 in
1478 615 1827 675 angemeßenen

516 658 758 718 Terminio
776 663 973 723 eröffnen
1017 674 1187 734 werde.
1187 682 1268 742 etc.

471 836 766 896 Erlach
792 838 856 898 sie
894 839 1023 899 aus
1048 841 1176 901 Ihrem
1202 845 1394 905 Schreiben
1407 851 1522 911 haben
1574 861 1753 921 meh¬

487 913 609 973 mit
650 913 874 973 Vermuegen
894 915 996 975 ihne
1027 922 1475 982 Ruhmerckestankeit
1516 934 1587 994 und
1607 943 1842 1003 erzeigende

518 1002 652 1062 Streu
697 1004 768 1064 und
804 1006 937 1066 hier
982 1009 1071 1069 aus
1098 1012 1267 1072 Anlas
1303 1015 1374 1075 der
1409 1019 1436 1079 in
1481 1025 1659 1085 hiesiger
1686 1034 1855 1094 Haubt¬

511 1097 648 1157 Statt
669 1097 1015 1157 entstandenen
1057 1098 1299 1158 Unruhen
1320 1105 1677 1165 verstanden,
1687 1114 1792 1174 da¬

520 1196 623 1256 aber
657 1196 783 1256 durch
817 1195 977 1255 Gottes
1012 1195 1160 1255 Guete
1183 1196 1275 1256 den
1309 1196 1424 1256 böse
1458 1198 1675 1258 Anschlag
1687 1198 1744 1258 in
1755 1198 1835 1258 Zeit

511 1306 703 1366 entdecket,
740 1300 836 1360 und
860 1297 981 1357 aller
993 1294 1234 1354 ferneren
1246 1292 1439 1352 gefahr
1463 1296 1716 1356 vorgebogen
1764 1303 1872 1363 wordt¬

514 1400 599 1460 Als
648 1399 758 1459 haben
819 1397 904 1457 auch
917 1396 1112 1456 Mehl.
1136 1397 1259 1457 vor
1271 1397 1381 1457 das
1417 1400 1784 1460 gegenwertige

517 1496 606 1556 diß
628 1496 784 1556 Ohrts
795 1498 940 1558 Ihnen
1007 1501 1141 1561 nichts
1185 1502 1241 1562 zu
1297 1504 1531 1564 befehlen,
1564 1504 1631 1564 und
1653 1502 1753 1562 haben

510 1588 714 1648 lediglich
735 1591 982 1651 hierdurch
1014 1592 1111 1652 das
1121 1594 1400 1654 Oberkeitl.
1432 1598 1786 1658 Wohlgefallen

513 1679 663 1739 aber
690 1683 840 1743 Ihrer
840 1684 1085 1744 Getrenen
1099 1684 1439 1744 Außfuhrung
1439 1684 1644 1744 bezeugen
1698 1684 1875 1744 wollen.

447 1908 866 1968 Luborne
938 1902 1112 1962 Praes.
1126 1903 1184 1963 Es
1198 1903 1300 1963 habe
1329 1904 1401 1964 die
1401 1903 1560 1963 Statt
1560 1896 1748 1956 autore

496 1996 636 2056 durch
664 1990 733 2050 ein
761 1990 845 2050 an
887 1991 1082 2051 Mhhl.
1124 1996 1291 2056 Andts
1291 1999 1444 2059 Cons:
1458 1991 1751 2051 abgelaßenen

483 2092 720 2152 Schreiben
770 2084 859 2144 aus
898 2083 1056 2143 Anlas
1076 2083 1165 2143 der
1204 2083 1253 2143 in
1273 2081 1480 2141 hiesiger
1520 2077 1668 2137 Haubt
1698 2069 1796 2129 Statt

493 2186 817 2246 entstandenen
867 2179 1128 2239 Unruhen,
1166 2177 1303 2237 Mith
1390 2174 1527 2234 Ihren
1539 2170 1677 2230 treu
1714 2163 1801 2223 und

489 2284 881 2344 dienstfertigkeit
913 2277 1131 2337 versicheren
1185 2272 1370 2332 laßen,
1402 2269 1457 2329 da
1489 2266 1587 2326 nun
1620 2262 1685 2322 ein
1717 2255 1837 2315 solches

481 2388 649 2448 Muls
732 2383 837 2443 zum
869 2379 1151 2439 Vermuegen
1183 2371 1445 2431 gereichet,
1455 2366 1571 2426 Als
1591 2361 1749 2421 befehlen

493 2475 569 2535 Sie
601 2473 730 2533 Ihme
762 2472 881 2532 das
913 2471 1193 2531 Oberkeitl.
1225 2465 1526 2525 Wohlgefallen
1580 2457 1644 2517 ob
1677 2450 1816 2510 dieser

483 2563 639 2623 Ihrer
673 2555 998 2615 Außfuhrung
1020 2554 1098 2614 zu
1132 2552 1378 2612 bezeugen,
1390 2548 1535 2608 welches
1535 2545 1569 2605 in
1613 2535 1826 2595 angemeßenen

493 2642 722 2702 terminio
753 2642 805 2702 zu
837 2641 930 2701 thun
972 2641 1024 2701 Er
1034 2640 1170 2700 besten
1232 2638 1420 2698 laßen
1472 2634 1659 2694 werten,

2030 532 2254 592 Wedell
2305 518 2392 578 vnd
2409 520 2564 580 Muthl.
2564 526 2736 586 Stadts
2788 539 2960 599 Schreiben
2995 547 3167 607 Groß.
3184 546 3202 606 E.

2076 622 2263 682 prachten
2287 617 2462 677 Mehl.
2497 623 2767 683 angemeßen
2825 633 2872 693 zu
2884 635 3012 695 seyn,
3047 638 3118 698 daß
3141 638 3328 698 Muhl.

2083 722 2179 782 den
2215 716 2624 776 Frauenfeldischen
2660 725 2792 785 Ehren
2804 732 3057 792 gestandten
3093 735 3393 795 participalion

2085 821 2284 881 ertheilt
2303 815 2466 875 werde,
2475 816 2575 876 von
2611 819 2729 879 allem
2784 824 2884 884 was
2902 827 2975 887 die
2993 829 3347 889 ausgebrochene

2067 917 2397 977 Conspiration
2461 919 2685 979 betrifft,
2696 922 2930 982 Gelange
2962 923 3069 983 also
3090 922 3314 982 Matth.

2321 977 2379 1037 gehen

2402 1024 2557 1084 Ihne
2602 1024 2769 1084 Muhl.
2802 1021 2858 1081 mit
2891 1015 3192 1075 beforderung
3225 1009 3292 1069 die

2074 1022 2272 1082 freundtl.
2272 1022 2384 1082 Con¬

2081 1127 2390 1187 substant,
2411 1127 2544 1187 aller
2586 1124 2895 1184 Verloßenheit
2926 1123 3008 1183 und
3039 1121 3410 1181 Veranstaltungen

2090 1219 2136 1279 in
2192 1218 2360 1278 specie
2406 1217 2508 1277 auch
2527 1216 2611 1276 die
2639 1216 2788 1276 Lite
2825 1214 2899 1274 der
2936 1214 3243 1274 beschuldigten,
3271 1214 3355 1274 nach

2065 1309 2199 1369 Ihren
2220 1306 2405 1366 Clagen
2457 1307 2663 1367 zusamen
2715 1311 2869 1371 ziehen
2900 1313 2962 1373 zu
3003 1315 3220 1375 laßen,
3230 1313 3344 1373 und

2090 1395 2166 1455 mit
2231 1393 2372 1453 einem
2448 1390 2632 1450 Standts
2643 1388 2871 1448 Schreiben
2925 1388 3153 1448 begleitet,
3185 1390 3240 1450 an
3250 1391 3391 1451 Mhhl.

2078 1489 2188 1549 Ehren
2232 1487 2453 1547 gestandte
2486 1483 2574 1543 zu
2607 1478 2916 1538 übermachen,
2927 1477 3081 1537 Wie
3092 1478 3170 1538 zu
3181 1481 3280 1541 thun
3313 1487 3379 1547 etc.

2056 1714 2527 1774 Interlacten,
2540 1715 2782 1775 Daß
2820 1714 2909 1774 also
2922 1712 2998 1772 fort
3024 1711 3126 1771 auf
3151 1709 3368 1769 vernemen

2091 1811 2192 1871 deß
2226 1811 2293 1871 so
2316 1810 2529 1870 ohnerhört,
2574 1807 2675 1867 und
2687 1803 2990 1863 grausamen,
3035 1801 3114 1861 als
3125 1801 3271 1861 höchst

2073 1906 2455 1966 Straaßbahren
2483 1903 2731 1963 anschlagk
2770 1898 2817 1958 zu
2836 1897 2980 1957 einer
3008 1897 3352 1957 Conspiration

2077 2011 2256 2071 wider
2280 2009 2447 2069 hiesige
2471 2005 2734 2065 Regierung
2769 2002 2817 2062 Er
2829 2000 2924 2060 H.
2960 2000 3175 2060 Landvegt
3223 2005 3366 2065 seiner

2079 2122 2337 2182 Sigilantz
2398 2113 2484 2173 und
2509 2110 2595 2170 Echer
2644 2106 2755 2166 Mull
2865 2100 3086 2160 bezeuget,
3111 2099 3160 2159 die
3185 2099 3406 2159 Landschafft

2081 2220 2255 2280 droben
2287 2216 2407 2276 dan,
2439 2211 2569 2271 durch
2580 2204 2786 2264 gestandte
2829 2200 2916 2260 Ihre
2949 2198 3252 2258 Statthaltere
3285 2205 3393 2265 Ihne

2074 2325 2152 2385 zu
2191 2319 2335 2379 handen
2400 2311 2479 2371 Ihr
2505 2306 2570 2366 zu
2636 2293 2910 2353 versicheren
2936 2291 3146 2351 laßen,
3172 2298 3276 2358 was
3289 2308 3394 2368 mehr¬

2076 2422 2171 2482 Sie
2230 2416 2396 2476 bereit,
2431 2408 2514 2468 auf
2526 2399 2703 2459 ersten
2739 2388 2893 2448 befelch,
2928 2382 2987 2442 ja
3023 2380 3094 2440 auf
3141 2380 3307 2440 eigenen

2072 2505 2392 2565 Ambrosten
2430 2492 2494 2552 zu
2506 2483 2813 2543 marieren,
2851 2473 2928 2533 fur
2966 2470 3081 2530 Ihne
3119 2470 3324 2530 Oberkeit

3186 2524 3264 2584 leib¬

3422 794 3452 854 vn

3429 835 3460 895 2.
