4032 3024
500 537 581 597 96

860 540 1102 600 Gustow
1143 534 1183 594 den
1223 531 1264 591 19
1317 526 1573 586 Augusti
1587 524 1654 584 Ao

1034 649 1202 709 torum
1250 640 1370 700 Senae

710 781 918 841 Erbaren
992 765 1114 825 Ihme
1163 757 1237 817 H.
1261 749 1543 809 Comandener
1604 738 1739 798 beyde
1788 733 1874 793 die

724 856 838 916 Copei,
904 841 1141 901 einligende
1160 828 1425 888 erkantnuß
1482 819 1577 879 deß
1605 811 1833 871 vnschreyen

719 927 852 987 zeigen
909 918 976 978 auf
1033 909 1195 969 welchem
1233 902 1356 962 fueß
1404 894 1575 954 Mehl.
1613 886 1689 946 und
1699 878 1851 938 Oberen

709 1010 783 1070 St.
808 1003 883 1063 und
891 999 941 1059 B.
974 992 1073 1052 den
1115 986 1156 1046 in
1181 976 1446 1036 Bekanten
1504 960 1711 1020 leidigen
1736 945 1926 1005 Consi¬

734 1075 867 1135 ration
922 1066 1111 1126 geschafft
1156 1058 1222 1118 sich
1245 1051 1411 1111 schuldig
1445 1039 1667 1099 gemachten
1700 1030 1834 1090 Michel

710 1148 903 1208 bühret
939 1139 1013 1199 an
1068 1130 1316 1190 lebendlung
1344 1119 1555 1179 druncken
1601 1105 1858 1165 befänglich

724 1219 938 1279 enthalten
986 1209 1035 1269 zu
1054 1205 1210 1265 laßen
1249 1198 1579 1258 entschloßen,
1589 1187 1754 1247 Aller
1754 1176 1929 1236 vorderst

708 1297 810 1357 nun
853 1288 1006 1348 beyde
1040 1283 1125 1343 ihme
1184 1278 1414 1338 hierdurch
1448 1269 1694 1329 befohlen,
1703 1255 1932 1315 dasienige

701 1368 878 1428 Benach
906 1360 1055 1420 Bremen
1092 1356 1139 1416 14.
1167 1352 1316 1412 Michell
1409 1344 1624 1404 ehemahls
1652 1331 1894 1391 einbeschloßen

701 1441 923 1501 gelesen,
950 1432 1101 1492 parat
1136 1428 1199 1488 zu
1216 1425 1367 1485 halten
1429 1420 1509 1480 und
1527 1412 1784 1472 Allfählig

700 1518 749 1578 so
759 1510 1005 1570 verbahren
1064 1501 1133 1561 zu
1143 1497 1339 1557 laßen,
1359 1492 1467 1552 daß
1506 1486 1615 1546 nach
1644 1475 1919 1535 hochvberkeitl.

718 1586 843 1646 Julent
891 1580 958 1640 14
986 1575 1159 1635 darinnen
1207 1572 1303 1632 Jahre
1360 1566 1590 1626 Verbahre
1638 1553 1763 1613 seyt,
1791 1542 1839 1602 so

722 1659 829 1719 bald
850 1655 935 1715 auch
946 1651 1063 1711 solches
1127 1647 1308 1707 geschehen
1382 1641 1468 1701 solle
1521 1638 1563 1698 er
1585 1634 1681 1694 Ihr
1702 1627 1830 1687 hal¬

712 1727 853 1787 deßen
871 1723 1100 1783 beruhten,
1144 1718 1205 1778 in
1232 1714 1417 1774 ansehen
1478 1706 1584 1766 dan
1654 1694 1804 1754 seiner

701 1799 1013 1859 Vorleßigung
1048 1790 1137 1850 und
1173 1785 1430 1845 besagung
1466 1777 1599 1837 seiner
1653 1765 1839 1825 Mitten

713 1873 844 1933 vndt
885 1871 934 1931 er
967 1867 1204 1927 erwagten
1270 1861 1368 1921 was
1384 1855 1491 1915 auf
1523 1841 1876 1901 anbefohlenes

709 1951 939 2011 zuachten
971 1945 1159 2005 Mehl.
1170 1940 1201 2000 H.
1232 1937 1316 1997 Diet
1337 1933 1400 1993 S.
1400 1926 1651 1986 verordnet
1714 1913 1850 1973 werden

719 2023 799 2083 bito

717 2146 984 2206 Wedelein
1020 2143 1166 2203 Mehl.
1191 2140 1239 2200 D.
1251 2138 1336 2198 et
1336 2136 1385 2196 F.
1422 2132 1519 2192 Es
1519 2126 1701 2186 Verman
1762 2116 1847 2176 die

723 2223 930 2283 gesteigen
939 2218 1062 2278 tags
1099 2213 1259 2273 wider
1278 2209 1372 2269 den
1382 2204 1598 2264 Muhele
1636 2196 1805 2256 Jahret

724 2295 952 2355 Bekanter
972 2290 1169 2350 Vrsachen
1221 2287 1335 2347 wegen
1407 2278 1811 2338 hochberkeitlich

726 2364 981 2424 ergangene
1030 2362 1118 2422 und
1157 2360 1255 2420 Mich
1353 2355 1421 2415 den
1470 2349 1637 2409 Rähten
1686 2341 1764 2401 per
1784 2336 1891 2396 Andre

718 2435 989 2495 zugesandte
1036 2431 1288 2491 Urtheil,
1307 2425 1410 2485 daß
1428 2419 1578 2479 neben
1615 2408 1840 2468 anderen

715 2510 958 2570 denenselben
1016 2503 1125 2563 solle
1159 2495 1410 2555 überlaßen
1460 2487 1502 2547 sie
1611 2478 1762 2538 wegen

734 2575 861 2635 einer
882 2568 1189 2628 Verbößigung
1231 2563 1284 2623 so
1294 2560 1421 2620 wohl
1432 2557 1516 2617 als
1559 2554 1696 2614 wegen
1707 2552 1844 2612 deßen

3368 466 3426 526 97

2221 598 2394 658 selben
2440 588 2520 648 und
2543 584 2670 644 bezug
2704 583 2808 643 der
2842 583 3072 643 Interesse
3107 582 3302 642 belegen
3337 577 3406 637 zu

2218 673 2363 733 sicheren
2391 666 2491 726 und
2528 658 2810 718 Vertrauen
2856 653 3020 713 handen
3093 650 3138 710 zu
3175 644 3412 704 verordnen

2203 748 2292 808 vns
2331 739 2519 799 nöthig,
2529 730 2834 790 welchemnach
2854 724 2962 784 Ihr
2982 719 3120 779 Gul.
3130 715 3189 775 sie
3199 710 3366 770 Mhhl.

2199 821 2339 881 Vndt
2403 808 2660 868 ausen,
2692 800 2799 860 ihre
2832 792 3078 852 bedanken
3121 776 3314 836 walten
3335 763 3410 823 zu¬

2206 895 2400 955 laßen,
2426 889 2505 949 wie
2532 885 2567 945 sie
2611 879 2796 939 darmit
2849 871 2893 931 zu
2919 862 3113 922 halten,
3139 850 3218 910 und
3245 840 3350 900 was
3368 828 3438 888 für

2200 969 2491 1029 procautione
2525 956 2696 1016 darbey
2730 949 2782 1009 zu
2799 942 2961 1002 nemen
3004 933 3072 993 sein
3132 921 3312 981 wollen,
3329 907 3449 967 dero

2215 1042 2369 1102 abfaß
2389 1035 2512 1095 endes
2522 1025 2758 1085 brachten
2779 1016 2912 1076 aber
2953 1004 3128 1064 Mühl.
3138 989 3415 1049 vorzutragen

2211 1177 2411 1237 Edel
2444 1166 2588 1226 sehl.
2622 1155 2855 1215 Großleibe
2933 1145 3011 1205 und
3022 1141 3088 1201 H.
3122 1127 3444 1187 Gerichtschreiber

2229 1248 2436 1308 Gleichwie
2486 1235 2535 1295 in
2565 1230 2653 1290 folge
2693 1223 2880 1283 gestrigen
2929 1214 3018 1274 hier
3057 1204 3264 1264 Copeylich
3284 1187 3471 1247 mitkom¬

2220 1321 2372 1381 menden
2400 1311 2562 1371 Jedels
2590 1305 2647 1365 an
2704 1297 2846 1357 Mhhl.
2875 1292 2951 1352 die
2989 1282 3150 1342 Räht
3188 1271 3254 1331 sit
3283 1260 3378 1320 dem

2214 1397 2271 1457 in
2299 1386 2450 1446 thuen
2487 1372 2770 1432 enthaltenen
2827 1356 3016 1416 übele
3063 1338 3261 1398 Jahret,
3299 1315 3412 1375 stat¬

2219 1463 2411 1523 theill
2427 1449 2603 1509 üblicher
2651 1435 2843 1495 maßen
2859 1422 3067 1482 proferen
3115 1399 3307 1459 Worden,
3323 1380 3387 1440 Als

2221 1536 2382 1596 bezahlen
2447 1525 2528 1585 Ihr
2528 1517 2673 1577 Geil.
2690 1506 2835 1566 etita,
2900 1494 2964 1554 so
2964 1487 3078 1547 wohl
3126 1473 3207 1533 seine
3255 1450 3514 1510 Obrig¬

2223 1603 2328 1663 daß
2355 1592 2540 1652 sothane
2580 1579 2751 1639 Urtheil
2831 1566 2897 1626 ihme
2950 1553 3121 1613 erofugt
3201 1527 3359 1587 worden

2208 1673 2302 1733 Als
2333 1665 2427 1725 auch
2448 1653 2729 1713 dasjenige,
2760 1641 2812 1701 so
2833 1636 2896 1696 er
2927 1628 3062 1688 seiner
3114 1612 3271 1672 Misten
3312 1590 3448 1650 halb¬

2231 1735 2442 1795 außangen
2465 1727 2565 1787 und
2599 1717 2799 1777 angeben
2844 1701 3045 1761 möchte,
3056 1688 3145 1748 auf
3167 1671 3379 1731 zuzihnen

2221 1808 2291 1868 und
2321 1801 2432 1861 daß
2472 1792 2583 1852 Man
2613 1786 2664 1846 es
2704 1778 2855 1838 seiner
2885 1766 3016 1826 bodt
3036 1758 3107 1818 zu
3147 1742 3409 1802 kunfftiger

2229 1872 2434 1932 Nachricht
2454 1858 2717 1918 einschreibe,
2727 1847 2785 1907 zu
2814 1836 3058 1896 verschaffen

2237 1995 2393 2055 Wedel
2440 1988 2476 2048 an
2524 1983 2620 2043 Mey
2703 1973 2775 2033 die
2799 1965 2954 2025 Kriegs
2990 1953 3097 2013 Raht
3133 1941 3265 2001 Ihnen
3300 1927 3444 1987 Copey

2237 2065 2287 2125 den
2338 2058 2481 2118 wider
2515 2051 2590 2111 den
2633 2043 2818 2103 Michel
2902 2026 3180 2086 ergangenen
3205 2005 3474 2065 hochbescheit

2224 2133 2390 2193 Urtheil
2455 2121 2695 2181 zusenden,
2695 2111 2825 2171 samb
2853 2102 2954 2162 dem
3010 2088 3195 2148 beruht,
3222 2076 3315 2136 was
3333 2061 3528 2121 deßhalb¬

2212 2209 2292 2269 An
2343 2202 2373 2262 H.
2403 2190 2716 2250 comandaut
2756 2176 2806 2236 zu
2837 2164 3048 2224 Anburg
3099 2139 3421 2199 Abgangen,
3431 2119 3502 2179 mit

2234 2273 2444 2333 ersuchen
2479 2264 2619 2324 seiner
2654 2255 2747 2315 Zeit
2806 2247 2864 2307 zu
2899 2237 3074 2297 suchetem
3109 2219 3319 2279 begleich
3342 2202 3447 2262 deß¬

2229 2348 2429 2408 Michele
2469 2339 2569 2399 nach
2589 2330 2790 2390 Anburg
2830 2321 2900 2381 und
2920 2308 3231 2368 verwahrung
3261 2287 3461 2347 daselbst

2233 2421 2326 2481 Auch
2357 2414 2461 2474 ihres
2471 2410 2596 2470 Orts
2647 2406 2741 2466 die
2751 2401 2969 2461 nöthigen
2979 2392 3155 2452 besolchen
3207 2376 3373 2436 ergehen

2226 2506 2304 2566 zu
2330 2493 2435 2553 laßen
