4032 3024
519 520 572 580 100

693 574 839 634 Zecul
850 568 913 628 an
944 563 1112 623 Mhhl.
1122 559 1174 619 S.
1174 556 1342 616 Seiner

713 663 736 723 Es
758 659 860 719 habe
894 651 1042 711 Meghl.
1042 646 1121 706 und
1144 639 1269 699 Oberen
1303 635 1428 695 Rund
1450 632 1530 692 G.
1530 631 1711 691 heutigen
1734 634 1915 694 Morgens

723 753 879 813 gefallenn,
915 745 999 805 wegen
1023 734 1335 794 hingefloßener
1347 725 1455 785 Zeit,
1479 724 1539 784 die
1551 724 1827 784 beurtheillung
1851 732 1899 792 der

718 851 1083 911 außgetrettenen,
1083 840 1172 900 und
1194 834 1294 894 auff
1305 829 1371 889 den
1393 823 1549 883 gesetzten
1560 821 1803 881 Terminum
1837 828 1958 888 stalen¬

725 939 1019 999 außgebliebenen
1070 934 1111 994 in
1131 931 1202 991 der
1233 926 1416 986 leidigen
1446 922 1700 982 Conspiration
1731 920 1944 980 Implicier¬

734 1035 791 1095 ten
802 1031 995 1091 burgeren
1040 1025 1108 1085 auß
1142 1022 1255 1082 nachst
1267 1020 1471 1080 könstigen
1516 1019 1675 1079 Geystag
1698 1021 1924 1081 aufzusetzen,

739 1134 794 1194 da
815 1130 859 1190 sie
870 1127 935 1187 dan
935 1124 1021 1184 das
1043 1120 1195 1180 delictum
1228 1114 1358 1174 Eines
1369 1112 1466 1172 Jeden
1488 1111 1770 1171 beschüldigten,
1803 1112 1868 1172 als
1879 1113 1933 1173 daß

737 1225 904 1285 Gabriel
925 1222 1124 1282 Gueters,
1145 1219 1270 1279 Daniel
1302 1216 1469 1276 Guetert
1469 1215 1552 1275 deß
1584 1214 1845 1274 Gottschmides,
1845 1219 1981 1279 Hatten¬

726 1326 853 1386 kuhn
876 1322 945 1382 deß
980 1319 1164 1379 Gebers
1164 1318 1257 1378 und
1257 1316 1372 1376 david
1407 1316 1488 1376 zug
1499 1316 1568 1376 deß
1603 1316 1822 1376 Goldschmidt

740 1412 939 1472 specialiter
960 1409 1232 1469 hinzuschauben,
1263 1408 1336 1468 und
1336 1408 1420 1468 den
1462 1408 1525 1468 die
1525 1409 1797 1469 angemeßene
1818 1411 1943 1471 straf¬

741 1509 796 1569 zu
796 1505 969 1565 dictiren
991 1503 1121 1563 geruhen
1164 1502 1327 1562 werden.
1338 1502 1435 1562 Als
1435 1502 1576 1562 langet
1598 1504 1825 1564 Hochgedacht
1847 1505 1912 1565 Ihr

744 1606 868 1666 Hl.
868 1603 1049 1663 frundtl.
1061 1601 1129 1661 gesen
1230 1600 1276 1660 an
1287 1598 1411 1658 Ihne
1411 1598 1570 1658 Muhl.
1581 1598 1649 1658 dan
1660 1598 1853 1658 zumahlen
1875 1597 1921 1657 die

737 1702 849 1762 Erste
849 1700 1007 1760 Urtheil
1030 1695 1266 1755 zueröfnen,
1300 1691 1368 1751 und
1390 1690 1503 1750 beede
1503 1690 1571 1750 Ist
1650 1690 1717 1750 der
1740 1690 1830 1750 auß
1830 1693 1931 1753 zuge¬

742 1793 827 1853 aus
838 1792 891 1852 die
912 1792 1135 1852 Procedur,
1146 1790 1178 1850 so
1199 1790 1273 1850 dem
1295 1789 1645 1849 Gerichtschreiber
1667 1787 1709 1847 zu
1720 1787 1943 1847 Capedienen

757 1886 945 1946 anbefohlen
1000 1885 1111 1945 worden
1155 1883 1387 1943 beykomend
1409 1882 1631 1942 zugesandt,
1653 1882 1763 1942 dieses
1763 1884 1940 1944 beschwe¬

763 1987 842 2047 liche
875 1987 1044 2047 Pensum,
1078 1985 1123 2045 so
1134 1984 1224 2044 leich
1236 1984 1382 2044 möglich
1416 1982 1686 2042 zuerlichteren
1754 1985 1855 2045 Acten

753 2084 901 2144 Coram
947 2081 1027 2141 200
1038 2080 1095 2140 den
1129 2080 1175 2140 20.
1186 2081 1392 2141 Augusti
1426 2083 1506 2143 ist.
1506 2083 1551 2143 9.

1235 2252 1677 2312 Gerichtschreiberey
1691 2251 1820 2311 Hern
1877 2255 1948 2315 etc.

750 2425 807 2485 den
841 2428 908 2488 11.
931 2426 1100 2486 Augusti
1100 2425 1213 2485 1709.
1247 2422 1405 2482 Wurde
1427 2419 1484 2479 die
1495 2416 1619 2476 Urtheil
1664 2412 1800 2472 Meyl.
1811 2411 1879 2471 Raht
1913 2410 1969 2470 und

1314 2483 1454 2543 Michel
1504 2479 1653 2539 Durest
1669 2479 1727 2539 von
1752 2477 1843 2537 gent,
1859 2476 1901 2536 in
1917 2474 1983 2534 gege¬

726 2495 776 2555 6.
790 2492 848 2552 vom
877 2492 927 2552 18.
941 2494 1042 2554 Aug.
1049 2494 1121 2554 dem

727 2558 832 2618 wart
849 2557 906 2617 H.
914 2555 1101 2615 Großleibel
1134 2550 1337 2610 Willading
1362 2545 1427 2605 und
1435 2543 1492 2603 H.
1508 2540 1671 2600 Friderich
1687 2537 1744 2597 von
1777 2533 1940 2593 Mulien

740 2620 776 2680 in
804 2617 1032 2677 Frantzogischer
1060 2611 1179 2671 Spruch
1197 2606 1416 2666 abgelesen;
1435 2602 1618 2662 Welcher
1627 2600 1800 2660 darauff
1819 2600 1874 2660 sich

2012 908 2106 968 Pano

2012 1084 2045 1144 Gt.

3378 426 3420 486 10.

2116 521 2349 581 verlauten
2367 510 2498 570 laßen,
2526 507 2572 567 Er
2582 505 2731 565 ergebe
2749 505 2805 565 sich
2814 504 2852 564 in
2870 503 3057 563 dehmuth
3066 502 3131 562 und
3141 499 3383 559 gelaßenheit
3420 492 3457 552 in

2128 601 2211 661 die
2232 590 2408 650 Schickung
2429 581 2491 641 deß
2512 576 2750 636 Allerhöchsten,
2781 575 2843 635 und
2854 574 2875 634 in
2916 574 2968 634 die
2989 575 3206 635 Verordnung
3217 575 3372 635 Megkl.
3372 575 3476 635 welche

2139 678 2176 738 he
2213 668 2306 728 aber
2343 659 2445 719 mehr
2473 652 2575 712 durch
2594 649 2751 709 ungluck
2779 646 2844 706 und
2863 645 3048 705 fatalitet,
3076 643 3151 703 als
3151 642 3253 702 aber
3271 640 3364 700 durch
3364 637 3429 697 die

2148 744 2419 804 Verbrechen,
2437 729 2536 789 deren
2545 724 2608 784 er
2617 718 2825 778 beschuldiget
2861 712 3024 772 werde,
3033 710 3159 770 möchte
3177 709 3231 769 zu
3249 707 3385 767 gezogen
3412 705 3511 765 haben.

2151 827 2280 887 actum
2317 814 2353 874 im
2390 803 2584 863 dittlinger
2611 796 2722 856 Thuen
2740 793 2851 853 dat.
2879 789 2998 849 obstaht

2827 875 3007 935 Ratsche
3079 862 3307 922 Gerichtschaff¬

2151 892 2263 952 tion,

2288 950 2401 1010 E.
2427 934 2527 994 E.
2540 932 2679 992 W

2140 1069 2180 1129 H.
2231 1063 2241 1123 C.
2241 1046 2801 1106 Non
2811 1028 3106 1088 Sonverano
3116 1016 3380 1076 Seigneuro

2155 1141 2418 1201 advorer
2454 1132 2582 1192 Decie
2600 1129 2654 1189 et
2691 1123 2863 1183 Grand
2890 1113 3090 1173 Consil
3108 1106 3226 1166 etan
3299 1092 3526 1152 assembli¬

2157 1225 2166 1285 a
2220 1220 2464 1280 surdui
2501 1213 2654 1273 malen
2682 1206 2781 1266 par
2817 1195 3080 1255 serment:
3089 1182 3288 1242 deciure
3342 1171 3469 1231 deur

2158 1308 2196 1368 a
2234 1304 2287 1364 et
2355 1297 2492 1357 facte
2514 1291 2567 1351 de
2583 1287 2636 1347 la
2681 1279 2893 1339 Procedure
2909 1267 3166 1327 Criminelle
3204 1261 3250 1321 de
3280 1258 3500 1318 Micheli¬

2160 1385 2367 1445 Buhret
2429 1376 2554 1436 Natis
2574 1372 2626 1432 de
2657 1367 2833 1427 Genere
2896 1361 2999 1421 deben
3051 1357 3175 1417 dani
3217 1354 3279 1414 des
3310 1353 3517 1413 Prigno¬

2171 1480 2236 1540 de
2261 1475 2367 1535 certe
2408 1469 2514 1529 Ville

2173 1596 2254 1656 se
2290 1593 2362 1653 que
2407 1590 2532 1650 banni
2577 1588 2658 1648 deo
2685 1586 2882 1646 quaequeo
2909 1586 3098 1646 anneco
3125 1586 3169 1646 de
3187 1586 3259 1646 sa
3286 1586 3412 1646 rati

2184 1678 2295 1738 cone
2350 1675 2669 1735 torturbaur
2689 1670 2752 1730 du
2793 1667 2918 1727 repos
2952 1663 3063 1723 publi
3125 1660 3167 1720 na
3195 1658 3264 1718 pro
3291 1657 3416 1717 luisse
3444 1657 3499 1717 de¬

2179 1745 2351 1805 depuis,
2373 1743 2430 1803 de
2459 1740 2652 1800 sublier
2703 1732 2947 1792 auprint,
2961 1727 3011 1787 de
3040 1722 3212 1782 sousser
3248 1717 3291 1777 la
3320 1711 3492 1771 sedition

2188 1807 2230 1867 et
2237 1805 2524 1865 deformenter
2545 1802 2643 1862 par
2664 1800 2734 1860 do
2748 1797 2888 1857 erito
2916 1795 2965 1855 de
3014 1790 3252 1850 pratiqueo
3273 1783 3532 1843 dangerentes

2194 1873 2290 1933 non
2331 1871 2597 1931 seulement,
2625 1867 2734 1927 dano
2761 1865 2816 1925 leo
2837 1861 2973 1921 Daro
2987 1857 3178 1917 Vordine,
3199 1851 3322 1911 maio
3356 1846 3486 1906 meme

2203 1939 2320 1999 dano
2354 1937 2443 1997 atte
2485 1934 2587 1994 villo
2636 1927 2903 1987 Tellement
2944 1920 3026 1980 quo
3061 1918 3109 1978 ne
3143 1915 3335 1975 pouvant
3376 1910 3479 1970 etre¬

2209 2013 2454 2073 regarde,
2469 2007 2561 2067 que
2599 2002 2760 2062 comme
2798 1995 2859 2055 in
2905 1987 3096 2047 membre
3142 1977 3394 2037 perniae
3447 1972 3516 2032 de¬

2817 2030 2852 2090 a

2200 2089 2261 2149 ta
2323 2084 2461 2144 societe
2514 2078 2568 2138 L.
2614 2071 2721 2131 diter
2751 2064 2851 2124 et:
2859 2059 2943 2119 se
2966 2054 3050 2114 son
3073 2048 3173 2108 vnd
3211 2044 3364 2104 oblige
3402 2041 3487 2101 dere

2216 2149 2372 2209 priver
2402 2150 2446 2210 de
2476 2148 2528 2208 la
2572 2145 2721 2205 liberte
2751 2137 2803 2197 et
2810 2134 2862 2194 de
2877 2131 2929 2191 lo
2966 2122 3159 2182 resperrer
3174 2114 3286 2174 dano
3308 2112 3360 2172 les
3375 2111 3523 2171 prion

2215 2219 2408 2279 Vnthaten
2469 2216 2724 2276 Barborus

2615 2296 2657 2356 do

2214 2342 2292 2402 in
2340 2340 2428 2400 gute
2467 2336 2593 2396 dd.
2602 2333 2709 2393 2.
2719 2330 2826 2390 par
2835 2327 2913 2387 un
2942 2324 3000 2384 effec
3068 2320 3107 2380 de
3146 2313 3476 2373 seurnemene

2234 2402 2437 2462 accontum
2468 2397 2679 2457 acant
2694 2393 2795 2453 bien
2827 2391 2912 2451 von
3006 2388 3053 2448 se
3076 2386 3224 2446 lasser
3240 2386 3411 2446 Rechir
3450 2387 3489 2447 a

2234 2468 2297 2528 la
2344 2465 2649 2525 supplication
2688 2461 2782 2521 Juditt
2844 2456 3024 2516 Michel,
3079 2454 3118 2514 et
3142 2452 3228 2512 qua
3275 2447 3509 2507 promesses

2220 2533 2493 2593 Somnelles
2527 2526 2609 2586 par
2629 2524 2704 2584 lui
2725 2522 2909 2582 donneo
2936 2521 3011 2581 par
3038 2519 3147 2579 erit
3174 2519 3236 2579 de
3263 2519 3495 2579 maniscoter

2243 2594 2336 2654 par
2367 2594 2452 2654 une
2483 2593 2677 2653 condicte
2715 2588 2940 2648 Franquile
2971 2585 3280 2645 lamandement
3319 2586 3551 2646 dispenen
