4032 3024
533 526 609 586 190

698 614 841 674 Und
863 606 974 666 weilen
996 599 1040 659 an
1063 593 1162 653 einer
1173 586 1273 646 guten
1295 575 1538 635 Pranollation
1583 569 1671 629 dieses
1671 571 1892 631 impro¬

718 681 798 741 auch
798 678 843 738 ein
878 672 985 732 vieles
1003 663 1154 723 gelegen,
1162 658 1242 718 Alß
1251 652 1384 712 wollen
1411 649 1580 709 Maghl.
1580 649 1686 709 und
1686 651 1731 711 O.
1758 655 1864 715 Ihnen

718 750 861 810 hiemit
885 743 968 803 auch
980 737 1170 797 überlaßen
1194 731 1265 791 und
1265 727 1515 787 aufgetragen
1562 727 1705 787 haben,
1717 731 1883 791 selbige

735 820 785 880 zu
795 816 1079 876 veranstalten,
1079 810 1170 870 und
1170 806 1352 866 schmand
1352 803 1402 863 zu
1422 803 1665 863 übergeben,
1696 811 1756 871 der
1756 820 1908 880 dergl.

748 896 869 956 sachen
902 892 968 952 wohl
990 887 1165 947 kundig,
1165 882 1363 942 maßen
1385 881 1429 941 zu
1440 881 1539 941 thun
1550 883 1648 943 und
1648 892 1934 952 zuverfuegen,

750 983 832 1043 die
842 975 965 1035 bestens
986 970 1099 1030 bußen
1140 968 1304 1028 werden.

751 1106 831 1166 An
854 1102 934 1162 alle
942 1100 989 1160 I.
989 1099 1076 1159 und
1100 1097 1147 1157 W.
1171 1096 1425 1156 Ambtleuth.
1441 1097 1488 1157 1.
1504 1098 1631 1158 Stadt,
1654 1104 1908 1164 freyleibel¬

770 1174 854 1234 und
873 1169 1041 1229 einan.
1050 1168 1190 1228 Ihnen
1209 1166 1256 1226 von
1293 1167 1396 1227 disem
1424 1170 1648 1230 manifest
1667 1178 1882 1238 gnugsame

776 1247 911 1307 dopgel
949 1244 1112 1304 zusenden,
1131 1243 1208 1303 mit
1247 1245 1410 1305 befelch,
1419 1248 1544 1308 selbe
1563 1250 1592 1310 zu
1621 1254 1746 1314 handen
1775 1258 1861 1318 der

772 1329 892 1389 Ambts
923 1322 1134 1382 angehorigen
1164 1322 1496 1382 außzutheilen,
1506 1322 1567 1382 alß
1577 1320 1637 1380 mu¬

1626 1378 1786 1438 Mand.
1793 1381 1852 1441 D.

782 1493 867 1553 An
891 1489 989 1549 Alle
1013 1486 1110 1546 Lobl.
1135 1486 1281 1546 Eydtgl.
1281 1487 1427 1547 Hoch-
1427 1489 1512 1549 und
1536 1492 1792 1552 zugelandt,
1804 1498 1889 1558 und

803 1570 1047 1630 Verbündete
1063 1567 1181 1627 ohrt,
1189 1565 1275 1625 alß
1283 1565 1354 1625 hr
1361 1565 1440 1625 abt
1440 1566 1519 1626 und
1542 1567 1629 1627 Stadt
1652 1569 1692 1629 N.
1715 1573 1849 1633 Kallen,
1865 1581 1967 1641 Viel¬

800 1642 902 1702 den
936 1639 1088 1699 Wolliß,
1114 1639 1317 1699 Pünden,
1343 1640 1470 1700 druff,
1495 1645 1775 1705 Neulenburg,
1775 1650 1911 1710 Erstl.

794 1706 908 1766 Raht
937 1706 1001 1766 und
1023 1708 1159 1768 Stadt,
1173 1709 1252 1769 dem
1294 1714 1581 1774 Müllhausen,
1602 1720 1888 1780 Nebenstadt

790 1783 885 1843 und
893 1786 949 1846 an
965 1786 1020 1846 H.
1052 1786 1226 1846 Bischoff
1234 1787 1305 1847 von
1321 1788 1535 1848 Gesell.

788 1887 937 1947 Ihren
947 1885 1125 1945 Selbiges
1144 1886 1224 1946 auch
1243 1888 1313 1948 zur
1332 1891 1510 1951 Nachricht
1550 1899 1758 1959 zusenden,
1768 1904 1847 1964 alß
1876 1906 1926 1966 zu

800 1961 871 2021 sehen
916 1956 951 2016 im

1462 2048 1526 2108 1.
1565 2052 1700 2112 Miss.
1724 2058 1787 2118 D.

793 2195 876 2255 an
888 2198 995 2258 Ihro
1006 2201 1101 2261 loc.
1113 2203 1172 2263 den
1196 2205 1432 2265 Prachofischen
1432 2206 1515 2266 H.
1515 2207 1835 2267 Ambefoderen,
1870 2209 1941 2269 Ihme

1642 2275 1754 2335 ibid.

792 2279 914 2339 solches
939 2278 1098 2338 gleichfals
1135 2277 1404 2337 übermachen.

793 2392 893 2452 An
904 2389 964 2449 H.
994 2387 1156 2447 Mattel,
1186 2386 1357 2446 Königl.
1377 2387 1609 2447 Wollinschen
1650 2392 1720 2452 vnd
1761 2397 1851 2457 Chur
1851 2403 1962 2463 Säch¬

790 2463 923 2523 sischen
956 2456 1171 2516 Resident,
1196 2455 1263 2515 wie
1279 2455 1362 2515 auch
1379 2456 1429 2516 an
1437 2458 1478 2518 H.
1503 2460 1561 2520 de
1586 2466 1843 2526 montollien

804 2527 1192 2587 Wurtenbergischen
1211 2525 1390 2585 Desident
1420 2526 1469 2586 in
1489 2530 1678 2590 Wiß:
1688 2536 1787 2596 Ihnen
1827 2543 1946 2603 solches

814 2602 918 2662 auch
936 2599 1161 2659 zusenden.

1655 2612 1769 2672 bid.

3393 445 3450 505 31.

2185 572 2350 632 An.
2370 556 2597 616 Senatus
2597 549 2648 609 den
2679 547 2751 607 Eigen
2803 544 3070 604 Ministrum,
3101 544 3173 604 und
3194 545 3225 605 an
3245 547 3348 607 hero
3348 550 3410 610 de
3410 552 3462 612 la¬

2209 644 2420 704 fallmette
2438 638 2490 698 den
2499 634 2771 694 Hollandischen
2780 629 3035 689 Ministrum
3070 629 3157 689 wird
3175 630 3307 690 solches
3324 632 3438 692 durch

2211 715 2372 775 jemand
2392 710 2432 770 von
2472 707 2633 767 Mugschen
2643 707 2824 767 zugestelt
2854 704 3025 764 werden.

2237 858 2365 918 Wedel
2385 852 2444 912 an
2463 847 2591 907 Mühlen
2630 841 2846 901 Stadthalter
2846 838 2974 898 Oct.
2984 838 3112 898 Von
3121 839 3190 899 H.
3190 840 3337 900 Ohngell
3377 846 3514 906 Schreiber

2261 937 2459 997 Stedtlen
2459 932 2525 992 sey
2553 927 2714 987 heutigen
2732 922 2817 982 tags
2836 918 2893 978 vor
2912 916 3044 976 Mall
3062 914 3138 974 und
3138 914 3176 974 D.
3204 916 3336 976 geandet
3364 922 3506 982 worden,

2244 1010 2345 1070 daß
2368 1008 2437 1068 auß
2453 1003 2723 1063 angebrachten
2747 1000 2909 1060 gründen
2948 1000 3071 1060 nöhtig
3094 1000 3195 1060 bare,
3218 1001 3280 1061 daß
3303 1002 3350 1062 die
3365 1006 3520 1066 bekant¬

2252 1083 2437 1143 Erlanger
2448 1077 2589 1137 Zeitung
2611 1073 2709 1133 kegen
2731 1071 2807 1131 denen
2828 1070 2872 1130 in
2915 1069 2981 1129 sich
2992 1069 3165 1129 haltenden
3198 1072 3448 1132 gefährlichen

2266 1165 2426 1225 Sachen,
2454 1156 2530 1216 und
2549 1152 2652 1212 damit
2690 1148 2784 1208 disem
2812 1147 3095 1207 unbahrhafften
3133 1151 3331 1211 libelliren
3378 1156 3491 1216 Inhalt

2263 1242 2417 1302 gethan
2437 1232 2572 1292 werde,
2581 1227 2697 1287 durch
2716 1225 2774 1285 den
2803 1225 2967 1285 Scharff
2976 1225 3131 1285 Richter
3150 1228 3343 1288 offentlich
3362 1230 3468 1290 solte

2279 1313 2512 1373 verbrandt
2529 1303 2710 1363 werden,
2718 1300 2873 1360 welchen
2890 1300 3045 1360 anzuge
3071 1301 3226 1361 Muhl.
3252 1303 3329 1363 und
3347 1304 3381 1364 D.
3407 1306 3450 1366 ad

2269 1381 2408 1441 notam
2449 1375 2490 1435 zu
2490 1373 2613 1433 meinen
2646 1367 2826 1427 befohlen,
2851 1364 2941 1424 und
2965 1364 3023 1424 dehm
3047 1364 3179 1424 nach
3203 1366 3269 1426 Ihm
3302 1371 3425 1431 Muhll

2281 1448 2370 1508 fol.
2394 1443 2443 1503 an
2451 1440 2540 1500 seinen
2572 1436 2734 1496 wollen,
2743 1433 2929 1493 Selbigen
2953 1433 3026 1493 mit
3059 1434 3213 1494 nechsten
3253 1438 3334 1498 vor
3342 1442 3480 1502 Mughl.

2285 1517 2395 1577 und
2411 1511 2458 1571 O.
2458 1507 2623 1567 gelangen
2654 1504 2850 1564 zulaßen.

2414 1600 2611 1660 Frytags
2640 1597 2677 1657 den
2687 1596 2715 1656 19.
2743 1594 2828 1654 Sept.
2865 1594 2969 1654 1749.
3006 1592 3129 1652 coram
3176 1594 3336 1654 senatu

2277 1672 2456 1732 Jedel
2465 1671 2525 1731 an
2545 1669 2683 1729 Mehren
2713 1668 2762 1728 die
2782 1666 2970 1726 gehenden
2990 1666 3119 1726 Raht,
3129 1666 3198 1726 Da
3218 1669 3406 1729 nunmehro
3426 1676 3495 1736 das

2289 1745 2446 1805 gantze
2456 1742 2702 1802 Conspiration
2731 1741 2878 1801 geschafft
2898 1741 2947 1801 zu
2967 1741 3085 1801 seiner
3085 1742 3291 1802 Endschafft
3291 1747 3507 1807 gebracht,

2295 1835 2349 1895 ist
2384 1829 2447 1889 der
2456 1823 2758 1883 anzuebeschehenn,
2776 1822 2838 1882 die
2856 1822 3025 1882 Mehrt,
3052 1825 3105 1885 die
3114 1827 3452 1887 Examinatores

2302 1906 2410 1966 der
2410 1903 2455 1963 in
2483 1901 2618 1961 verhafft
2636 1900 2835 1960 geseßenen
2863 1901 3143 1961 conjurierten
3170 1903 3270 1963 wegen
3306 1904 3360 1964 dis
3369 1904 3532 1964 ohrtiger

2287 1981 2436 2041 Ihrer
2454 1982 2830 2042 außerordentlichen
2874 1984 3111 2044 Mühewalt
3146 1988 3382 2048 dankbarlich
3391 1998 3549 2058 anzusehen

2318 2053 2413 2113 seyn
2448 2053 2620 2113 wollen?
2638 2053 2862 2113 dieseren
2880 2053 3035 2113 anzugenn
3165 2056 3260 2116 haben
3303 2061 3467 2121 Mughl.

2298 2133 2377 2193 der
2401 2128 2630 2188 würdigkeit
2677 2128 2906 2188 befunden,
2922 2132 2969 2192 in
2985 2137 3261 2197 überlegung
3285 2143 3467 2203 genommen

2316 2204 2553 2264 zuberden,
2581 2206 2780 2266 Inmaßen
2828 2211 2894 2271 Ihr
2894 2213 2970 2273 g.
2979 2215 3055 2275 die
3055 2218 3245 2278 Melchen
3254 2224 3377 2284 hiemit
3415 2226 3501 2286 frl.

2312 2288 2475 2348 ansinnen
2504 2293 2668 2353 wollen,
2687 2298 2879 2358 harüber
2898 2302 2985 2362 das
3004 2307 3302 2367 erforderliche
3321 2315 3513 2375 Nachden¬

2333 2377 2441 2437 ben
2461 2377 2500 2437 zu
2529 2378 2667 2438 haben,
2676 2380 2765 2440 und
2784 2381 2853 2441 Ihr
2872 2384 3049 2444 befinden
3078 2387 3186 2447 nach
3196 2390 3421 2450 außlauff
3441 2395 3500 2455 der

2349 2457 2585 2517 angehenden
2596 2461 2885 2521 herbsferien
2896 2467 3089 2527 Mühlen
3142 2477 3453 2537 vorzutragen.
