4032 3024
511 523 561 583 106

595 578 699 638 daß
734 574 873 634 dieser
884 569 1093 629 Aschlag
1151 561 1255 621 auff
1301 555 1405 615 nicht,
1440 551 1671 611 wenigers
1718 550 1880 610 abge¬

601 648 787 708 blocket,
811 641 892 701 als
924 635 1094 695 vnsere
1158 621 1441 681 Regierung
1506 608 1684 668 soren,
1708 602 1813 662 wie

616 707 775 767 selbige
792 698 868 758 sitet
885 691 1002 751 welch
1044 684 1212 744 Hundert
1229 678 1439 738 Jahren
1489 668 1850 728 stabiliret,

601 772 699 832 und
737 764 827 824 biß
865 757 1008 817 anhin
1068 749 1151 809 mit
1204 741 1528 801 bestendigen
1611 729 1898 789 Aufnemmen

599 835 687 895 deß
727 823 944 883 Staats,
968 813 1096 873 und
1137 806 1321 866 Gentz
1385 796 1650 856 besondern
1747 787 1907 847 segen

607 895 699 955 von
738 890 830 950 dem
907 877 1230 937 Allerhöchsten
1291 860 1568 920 betronet,
1583 852 1722 912 von
1745 847 1921 907 Unseren

607 957 680 1017 sel
720 942 1029 1002 vorforderen,
1078 930 1151 990 den
1216 922 1484 982 Regimerten
1524 916 1638 976 und
1695 912 1882 972 hinder¬

599 1017 752 1077 laßen
808 1003 1058 1063 worden,
1082 988 1549 1048 umbzulehren;
1557 980 1694 1040 die
1710 977 1911 1037 Ehren¬

606 1074 760 1134 glider
808 1062 894 1122 der
923 1054 1230 1114 Regierung
1278 1051 1623 1111 gewalthätig
1662 1044 1854 1104 Ihrer

610 1141 797 1201 Ehren,
806 1128 1012 1188 Anderen
1062 1121 1160 1181 und
1189 1116 1385 1176 Lebens
1434 1112 1503 1172 zu
1542 1108 1797 1168 berauben

617 1209 788 1269 theils
822 1201 934 1261 auch
951 1193 1147 1253 Vnsere
1182 1184 1430 1244 Getreuwe
1481 1173 1823 1233 Underthanen

629 1272 731 1332 zum
778 1265 1011 1325 Vnwillen
1095 1258 1188 1318 und
1225 1252 1514 1312 Ausstand
1561 1247 1616 1307 zu
1635 1241 1905 1301 verheren¬

614 1336 703 1396 Ja
747 1332 932 1392 Endlich
976 1327 1152 1387 unsere
1214 1321 1399 1381 werthe
1443 1314 1655 1374 Vatter
1699 1307 1814 1367 Stadt

622 1401 704 1461 mit
757 1392 914 1452 word
959 1386 1086 1446 und
1131 1381 1325 1441 brand
1378 1376 1452 1436 zu
1482 1369 1797 1429 verlesen,

620 1467 726 1527 der
755 1459 879 1519 unnd
918 1455 1043 1515 solche
1081 1451 1312 1511 Greuel
1331 1449 1369 1509 in
1379 1447 1494 1507 und
1533 1436 1878 1496 traffelhaffte

614 1525 977 1585 undernemung
1020 1519 1087 1579 zu
1121 1516 1451 1576 bestraffen,
1451 1511 1577 1571 und
1620 1503 1814 1563 andere

621 1585 919 1645 leichtfertige
962 1579 1216 1639 Gerichter
1268 1576 1417 1636 davon
1461 1568 1784 1628 abzuschieken

621 1655 825 1715 Unserem
907 1649 981 1709 von
1014 1646 1153 1706 Gott
1219 1639 1636 1699 anvertraubten
1694 1625 1948 1685 HochVber¬

615 1717 839 1777 keitlichen
895 1711 1025 1771 Andt
1081 1708 1165 1768 und
1221 1704 1389 1764 Pflicht
1454 1696 1744 1756 oblieget,
1753 1689 1856 1749 Als

616 1787 753 1847 haben
799 1784 900 1844 Wir
936 1782 1238 1842 geurtheillet,
1266 1773 1376 1833 und

941 1882 1032 1942 zu
1055 1884 1181 1944 Recht
1204 1885 1341 1945 Erkent

631 1999 738 2059 daß
786 1999 1023 2059 obgenante
1058 1996 1284 2056 Gabriel
1355 1989 1509 2049 guter
1544 1976 1793 2036 Gottfrie
1829 1961 1912 2021 Kuhe

615 2066 716 2126 vnd
737 2065 889 2125 Daniel
940 2064 1113 2124 guter
1143 2062 1245 2122 der
1265 2058 1549 2118 Goldschund,
1580 2051 1681 2111 als
1702 2042 1895 2102 recht¬

629 2121 855 2181 schuldige
924 2119 1020 2179 und
1046 2117 1237 2177 obiger
1280 2114 1549 2174 Schrötlicher
1602 2104 1853 2164 Verbrechen

619 2191 695 2251 als
749 2189 835 2249 deß
867 2188 1212 2248 hochverrahts
1266 2185 1546 2245 überführte
1589 2172 1880 2232 Mißenthäter

633 2258 728 2318 Uns
801 2257 885 2317 mit
948 2258 1053 2318 Leib
1085 2258 1200 2318 und
1242 2258 1326 2318 gut
1389 2256 1620 2316 zubekent,
1683 2244 1904 2304 Mithin

640 2334 800 2394 Ihre
811 2329 1014 2389 guter,
1024 2327 1089 2387 so
1089 2327 1174 2387 sie
1206 2327 1334 2387 deren
1377 2324 1633 2384 hatten,
1654 2313 1868 2373 Unseren

629 2408 782 2468 siges
843 2399 1292 2459 anheimgefallen,
1302 2395 1435 2455 sie
1476 2390 1588 2450 aus
1639 2384 1720 2444 dem
1761 2372 1924 2432 friden

630 2479 686 2539 in
723 2473 1031 2533 anfrieden,
1040 2467 1208 2527 Aus
1254 2461 1338 2521 der
1376 2456 1618 2516 Sicherheit,
1674 2448 1748 2508 in
1786 2443 1879 2503 im¬

656 2531 917 2591 sicherheit,
926 2530 1052 2590 und
1100 2529 1370 2589 Vogelfrey
1438 2524 1660 2584 Erkennet
1698 2512 1843 2572 seyn

654 2599 817 2659 Ihnen
863 2596 981 2656 auch
1018 2594 1118 2654 auß
1181 2593 1418 2653 betreten,
1473 2589 1573 2649 mit
1627 2584 1718 2644 dem
1764 2577 1919 2637 Schwert

613 2680 751 2740 durch
801 2672 879 2732 den
899 2663 1273 2723 Scharpffrichter
1332 2656 1421 2716 das
1451 2655 1608 2715 Haubt
1648 2649 1963 2709 abgeschlagen,

3390 455 3461 515 107

2144 562 2241 622 aus
2259 560 2347 620 sie
2382 559 2470 619 also
2523 557 2620 617 vom
2673 556 2814 616 Leben
2876 556 2964 616 zum
2999 553 3096 613 Sod
3131 549 3378 609 hingerichtet

2126 633 2333 693 werden
2374 623 2484 683 sollen

2137 718 2266 778 deß
2309 716 2480 776 Gabriel
2545 713 2695 773 Gutter
2738 709 2834 769 und
2856 704 3070 764 Gottfrie
3102 697 3263 757 Kuhns
3274 689 3435 749 Leiber

2142 788 2306 848 aber,
2314 777 2453 837 sollen
2511 768 2617 828 nach
2658 764 2757 824 deren
2773 760 3085 820 enthaubtung
3142 754 3183 814 in
3224 749 3306 809 Vier
3355 742 3462 802 Theil

2136 848 2414 908 ertheilt,
2422 839 2538 899 und
2569 832 2700 892 dieser
2769 826 2909 886 Urtel
2947 820 3048 880 ohne
3094 814 3264 874 fernere
3318 806 3465 866 recht¬

2160 913 2424 973 fertigung,
2470 902 2570 962 noch
2616 897 2780 957 Gnade
2835 892 2954 952 auff
3000 888 3100 948 ihre
3155 878 3447 938 bekündigung

2151 982 2211 1042 an
2262 976 2398 1036 Ihnen
2449 968 2619 1028 selbst,
2644 961 2882 1021 Indeßen
2933 953 3052 1013 aber
3103 947 3188 1007 an
3231 939 3409 999 Ihrer

2140 1048 2381 1108 bildnuß,
2398 1041 2489 1101 auff
2564 1037 2656 1097 der
2673 1032 2922 1092 Gewohnten
2972 1020 3230 1080 Richtstadt
3255 1004 3497 1064 vollstretet

2144 1115 2325 1175 werden

2135 1201 2316 1261 Wann
2346 1196 2457 1256 aber
2497 1188 2799 1248 allgemeiner
2839 1179 2980 1239 Kuhe,
3011 1172 3101 1232 und
3131 1167 3212 1227 der
3232 1159 3444 1219 Bucherheit
3474 1151 3524 1211 der

2145 1262 2403 1322 Regierung
2458 1255 2583 1315 viele
2661 1249 2826 1309 daran
2865 1242 2982 1302 liget,
3044 1235 3162 1295 daß
3201 1228 3342 1288 sollich
3373 1221 3506 1281 giftiget

2159 1321 2364 1381 unberant
2432 1312 2807 1372 außgeleget,
2807 1305 2927 1365 und
2969 1298 3234 1358 dergleichen
3294 1289 3524 1349 Gefährliche

2153 1396 2420 1456 Gerichter
2472 1386 2822 1446 hinweggeschaffet
2894 1372 3110 1432 werdenn,
3121 1363 3244 1423 Als
3296 1352 3429 1412 haben

2143 1467 2248 1527 Wir
2274 1458 2526 1518 deroselben
2604 1449 2726 1509 Leibs
2752 1443 2926 1503 gestalt
2978 1434 3091 1494 und
3134 1421 3334 1481 scheinbare
3369 1402 3525 1462 gezeichen

2163 1523 2435 1583 außschreiben
2526 1512 2700 1572 laßen,
2724 1505 2865 1565 damit
2931 1492 3121 1552 Unsere
3154 1476 3426 1536 Getreuwe

2168 1591 2453 1651 angehörige
2495 1582 2545 1642 bey
2604 1574 2780 1634 höchsten
2822 1562 3040 1622 Unserer
3090 1546 3283 1606 Ohngnad
3341 1531 3442 1591 vi¬

3502 1591 3530 1651 1

2163 1657 2453 1717 müßigen,
2478 1641 2683 1701 dieselbe
2726 1632 2794 1692 zu
2837 1623 3058 1683 enthalten
3152 1610 3271 1670 oder
3314 1601 3357 1661 zu
3399 1593 3484 1653 Ver¬

2513 1710 2774 1770 hingegen
2843 1696 2965 1756 solle
2999 1686 3095 1746 vor
3112 1675 3260 1735 Jeden
3303 1657 3520 1717 derselbigen

2161 1729 2291 1789 holen,

2166 1796 2221 1856 es
2249 1791 2360 1851 were
2425 1783 2509 1843 der
2536 1776 2722 1836 Kuhn,
2750 1768 2898 1828 oder
2935 1756 3120 1816 Gabriel
3185 1736 3370 1796 guter,
3380 1721 3454 1781 so

2174 1862 2388 1922 lebendig
2429 1853 2479 1913 in
2528 1845 2701 1905 Unsere
2742 1836 2866 1896 hafft
2924 1823 3188 1883 gebracht,
3212 1805 3394 1865 würde
3418 1790 3509 1850 hin¬

2173 1930 2354 1990 tausen
2406 1922 2630 1982 thaler,
2639 1916 2725 1976 so
2759 1910 2845 1970 sie
2888 1902 2992 1962 aber
3061 1892 3156 1952 von
3199 1877 3449 1937 Geistiret,

2181 1999 2442 2059 würden,
2452 1990 2773 2050 funfhundert
2804 1976 2944 2036 Thaler
2995 1957 3346 2017 außgerichtet
3397 1939 3577 1999 werden.

2170 2074 2320 2134 Geben
2357 2067 2423 2127 in
2469 2061 2619 2121 unser
2666 2052 2863 2112 Großen
2909 2033 3359 2093 Rahtsversamlung
3406 2009 3499 2069 den

2176 2146 2286 2206 22.
2295 2137 2456 2197 Aug.
2456 2133 2651 2193 1749.

2175 2321 2307 2381 es
2362 2312 2450 2372 an
2461 2302 2693 2362 Mhhl.
2715 2292 2781 2352 die
2803 2284 2979 2344 Raht,
3012 2273 3145 2333 Ihnen
3156 2264 3299 2324 dieser
3299 2256 3431 2316 Urtel
3464 2246 3530 2306 Co¬

2173 2378 2309 2438 priam
2368 2365 2648 2425 zusenden,
2674 2355 2776 2415 und
2801 2346 3065 2406 verdenten,
3124 2335 3217 2395 daß
3260 2322 3506 2382 Melthl.

2182 2443 2279 2503 N.
2297 2437 2385 2497 und
2394 2431 2491 2491 G.
2491 2425 2668 2485 Ihnen
2720 2413 2968 2473 überlaßen,
2994 2403 3082 2463 die
3117 2388 3462 2448 Gutfindende

2174 2500 2602 2560 Veranstaltung,
2620 2486 2795 2546 sowohl
2821 2478 2917 2538 der
2926 2473 3065 2533 Zeit,
3074 2465 3223 2525 wann
3275 2451 3415 2511 Als
3450 2440 3520 2500 der

2195 2566 2438 2626 meiner,
2438 2558 2563 2618 wie
2605 2552 2680 2612 die
2714 2544 2973 2604 Execution
3015 2531 3333 2591 instige,
3350 2518 3517 2578 vorzu¬

2179 2632 2449 2692 nemen,
2458 2622 2601 2682 den
2677 2614 2829 2674 wegen
2863 2607 3235 2667 Ausschreibung
3285 2594 3370 2654 der
