4032 3024
515 521 580 581 108

633 590 1008 650 Signalements,
1029 580 1307 640 comination
1340 569 1479 629 wegen
1543 562 1821 622 Verholung,
1853 565 1907 625 und

634 654 977 714 remuneration
1029 642 1163 702 wegen
1215 633 1416 693 diserung
1468 626 1550 686 der
1573 622 1915 682 Delinquenten

642 716 753 776 auch
792 704 1194 764 Requisitorialien
1258 689 1328 749 die
1360 681 1541 741 nöhtige
1604 672 1841 732 befehle,

652 776 810 836 ergehen
869 766 1116 826 zulaßen,

617 875 755 935 Jedel
776 869 819 929 an
840 866 893 926 H.
914 860 1116 920 Großleibe
1158 852 1232 912 und
1253 850 1603 910 Brichtschreiben:
1614 855 1731 915 Was
1741 867 1932 927 Megk¬

639 940 728 1000 vnd
737 938 798 998 V.
816 936 860 996 R.
887 934 957 994 und
975 934 1037 994 G.
1055 932 1090 992 zu
1099 932 1328 992 racuition
1364 932 1452 992 dero
1461 936 1673 996 gerechten
1682 944 1850 1004 Urtheil

627 1015 759 1075 wider
775 1010 821 1070 die
829 1007 1100 1067 außgelichenen
1131 1003 1286 1063 Gabriel
1310 1003 1480 1063 unter
1511 1006 1713 1066 Gottfrid
1752 1011 1868 1071 kun¬

638 1079 724 1139 vns
756 1075 884 1135 daniel
895 1071 1055 1131 Kunter
1077 1069 1141 1129 den
1151 1069 1269 1129 goldt
1291 1069 1408 1129 und
1419 1071 1633 1131 Mughh.
1665 1075 1708 1135 den
1740 1080 1889 1140 Rahten

631 1153 924 1213 aufgetragen,
943 1150 992 1210 sey
1021 1150 1060 1210 in
1080 1148 1343 1208 beyligender
1363 1147 1489 1207 Copia
1509 1149 1655 1209 Jedels
1675 1159 1928 1219 enthalten;

648 1225 901 1285 welchemnach
901 1223 978 1283 Ihr
978 1222 1055 1282 gl.
1055 1222 1199 1282 Ihnen,
1232 1220 1276 1280 so
1276 1221 1375 1281 viel
1386 1222 1463 1282 die
1485 1223 1640 1283 frage,
1662 1226 1739 1286 ben
1761 1229 1838 1289 und
1860 1232 1926 1292 lie¬

639 1302 759 1362 diese
759 1300 903 1360 Urtheil
927 1296 1047 1356 solle
1059 1295 1191 1355 volzogen
1239 1294 1442 1354 werden,
1466 1297 1658 1357 betrifft,
1658 1302 1886 1362 hierdurch

634 1371 855 1431 auftragen
885 1366 1026 1426 wollen,
1056 1366 1187 1426 einen
1197 1366 1388 1426 project
1408 1367 1448 1427 zu
1478 1370 1710 1430 verfaßen,
1740 1374 1840 1434 und

630 1456 750 1516 Mich
847 1445 1076 1505 furderlich
1100 1444 1389 1504 vorgetragen;
1401 1447 1522 1507 Wie
1534 1449 1558 1509 zu
1594 1451 1690 1511 thun
1702 1453 1726 1513 .
1763 1457 1895 1517 acta

645 1532 685 1592 den
715 1531 775 1591 25.
816 1525 926 1585 Aug.
946 1519 1087 1579 1719.

602 1672 790 1732 Wedell
790 1668 848 1728 an
848 1666 977 1726 Mehl.
1036 1663 1083 1723 die
1083 1662 1317 1722 Geheimbder
1364 1660 1516 1720 Raht,
1528 1659 1587 1719 Ehe
1587 1657 1680 1717 vnd
1680 1654 1809 1714 bevor

624 1744 749 1804 Mags,
783 1741 841 1801 und
858 1739 1017 1799 Oberen
1050 1736 1117 1796 sich
1134 1735 1209 1795 über
1251 1732 1318 1792 die
1335 1732 1427 1792 auß
1460 1729 1586 1789 anlaß
1611 1726 1703 1786 der
1728 1722 1895 1782 beyden

628 1812 913 1872 hingerichteten
943 1806 1286 1866 Stadtküntl.
1316 1804 1473 1864 Fürther
1492 1801 1551 1861 und
1581 1794 1944 1854 Marchanderner

637 1894 876 1954 verfertigten
896 1891 1135 1951 einliegenden
1145 1885 1346 1945 Inventarium
1393 1877 1671 1937 entstandene
1738 1871 1776 1931 in
1805 1868 1939 1928 beyver¬

626 1978 764 2038 lahrten
823 1975 952 2035 Jedell
971 1969 1198 2029 enthaltene
1247 1962 1356 2022 frag
1375 1958 1425 2018 sich
1454 1953 1691 2013 entschließen
1710 1951 1878 2011 können

625 2061 677 2121 hab
708 2060 761 2120 vnd
761 2058 917 2118 hochgel.
928 2053 990 2113 Ihre
1011 2048 1199 2108 aller
1199 2041 1408 2101 vorderst
1449 2032 1668 2092 überlegen
1689 2026 1877 2086 zulaßen,

632 2143 886 2203 nohtwendig
919 2132 1185 2192 befunden,
1196 2124 1240 2184 ob
1262 2118 1439 2178 rahtsam
1505 2111 1594 2171 über
1616 2107 1704 2167 der
1715 2105 1859 2165 Frey¬

623 2230 936 2290 hingerichteten
982 2221 1176 2281 Gütheren
1231 2215 1314 2275 eine
1333 2207 1600 2267 Confication
1637 2197 1904 2257 zuerkennen

625 2326 731 2386 oder
774 2320 858 2380 nicht
880 2316 922 2376 2.
943 2313 1039 2373 und
1060 2308 1102 2368 ob
1123 2303 1293 2363 dieselbe
1304 2295 1442 2355 Pentz
1442 2290 1537 2350 haben
1579 2285 1707 2345 solle,
1717 2278 1897 2338 Lange

629 2413 859 2473 demnach
869 2406 1059 2466 Megh,
1079 2395 1279 2455 harüber
1299 2387 1379 2447 Ihre
1379 2383 1489 2443 beyste
1519 2375 1719 2435 Bedancken
1739 2369 1898 2429 wolten

628 2500 820 2560 zulaßen,
853 2497 932 2557 mit
955 2491 1102 2551 auch
1124 2480 1418 2540 Juristictiren,
1418 2471 1508 2531 vnd
1530 2466 1609 2526 fur
1632 2464 1745 2524 laßen
1756 2462 1925 2522 alsehlig

632 2590 776 2650 seines
786 2584 911 2644 orths
920 2576 1161 2636 einzugeben
1228 2566 1315 2626 und
1315 2559 1536 2619 zuforderen
1565 2552 1661 2612 seyn
1699 2545 1939 2605 wollende.

3384 428 3434 488 109

2131 516 2200 576 ob
2200 505 2453 565 Intentione
2453 493 2741 553 Atzungs-
2741 489 2834 549 und
2857 486 3202 546 Procederlösen
3225 483 3421 543 zusamen

2126 582 2233 642 oder
2257 574 2340 634 nur
2348 569 2422 629 die
2438 564 2537 624 Ihren
2553 559 2693 619 ersten
2710 553 2956 613 guttung,
2964 550 3121 610 denne
3145 548 3236 608 auch
3252 547 3293 607 ob
3318 545 3417 605 nicht

2129 656 2243 716 auch
2253 648 2376 708 mehrer
2424 640 2462 700 in
2481 636 2538 696 der
2538 629 2824 689 Conspiration
2852 618 3137 678 implicierte-
3137 613 3233 673 und
3252 611 3366 671 welche
3385 610 3480 670 mit

2132 733 2297 793 zuzahlen
2306 725 2413 785 haben
2422 716 2577 776 sollen:
2587 706 2713 766 Alß
2732 698 2829 758 über
2839 691 3003 751 welches
3032 685 3129 745 alles
3139 683 3216 743 Sie
3235 683 3361 743 Wohghl.

2120 820 2207 880 Ihr
2218 808 2401 868 gedachten
2423 789 2693 849 abzufaßen,
2715 776 2790 836 und
2801 770 2877 830 das
2898 763 3093 823 befinden
3147 754 3276 814 Muhlen
3276 750 3428 810 und

2128 900 2273 960 Oberen
2321 886 2389 946 zu
2408 871 2669 931 hinterbringen
2746 849 2939 909 beliebt
2958 840 3045 900 seyn
3074 834 3229 894 werden
3306 829 3441 889 In¬

2134 982 2285 1042 welchem
2317 975 2393 1035 vnd
2414 969 2522 1029 Ihnen
2543 958 2759 1018 Muhghl.
2759 947 2834 1007 die
2856 939 2974 999 Ihren
2995 923 3232 983 obermelte
3243 907 3491 967 Inventaria

2148 1064 2408 1124 angeschloßen
2450 1043 2700 1103 zugesandt
2700 1030 2857 1090 werden
2992 1015 3096 1075 Act
3138 1008 3180 1068 den
3180 1005 3242 1065 27
3242 995 3440 1055 August

3309 1064 3360 1124 Art

2828 1168 2891 1228 den

2323 1243 2574 1303 Griptagk
2648 1226 2722 1286 den
2751 1225 2840 1285 29.
2869 1226 3061 1286 Aug.
3090 1222 3223 1282 179

2572 1423 2710 1483 Coram
2733 1414 2814 1474 200

2080 1589 2345 1649 Edel
2404 1577 2448 1637 an
2478 1573 2610 1633 Mehl.
2699 1568 2905 1628 Bellungs
2949 1568 3081 1628 Raht,
3096 1569 3332 1629 Nachdeme
3346 1571 3523 1631 heutigen

2155 1682 2412 1742 Morgendes
2421 1675 2531 1735 über
2559 1672 2632 1732 den
2660 1669 2825 1729 unterm
2862 1666 2926 1726 15.
2953 1664 3045 1724 daß
3073 1664 3165 1724 vor
3192 1664 3312 1724 Muth
3385 1666 3468 1726 und

2051 1694 2099 1754 9.

2160 1777 2313 1837 Oberen
2331 1773 2412 1833 S.
2421 1771 2493 1831 und
2501 1770 2555 1830 B.
2582 1766 2816 1826 beschehenen
2851 1762 2932 1822 und
2941 1760 2977 1820 in
3013 1756 3273 1816 einligendem
3327 1752 3498 1812 Jedels

2180 1864 2447 1924 enthaltenen
2467 1858 2644 1918 anzug
2674 1856 2812 1916 wegen
2881 1855 3187 1915 Vermunderung
3216 1855 3286 1915 der
3295 1853 3463 1913 annoch

2183 1959 2239 2019 in
2267 1954 2425 2014 hiesiger
2462 1951 2583 2011 Statt
2621 1949 2937 2009 subsistierende
2956 1951 3105 2011 Wacht
3142 1951 3207 2011 der
3226 1952 3366 2012 allher
3403 1952 3478 2012 Be¬

2175 2049 2377 2109 mussenen
2413 2041 2543 2101 Miltz
2567 2040 2626 2100 etc.
2626 2039 2745 2099 vor
2757 2039 3054 2099 Hochgedacht
3101 2041 3196 2101 Ihr
3208 2039 3338 2099 Geil.
3374 2037 3469 2097 die

2178 2144 2382 2204 gewohnte
2423 2137 2640 2197 Untrag
2681 2137 2871 2197 gehalten
2912 2138 3088 2198 worden,
3129 2142 3265 2202 haben
3319 2145 3482 2205 Me¬

2183 2237 2271 2297 und
2293 2231 2436 2291 Obere
2469 2227 2579 2287 Raht
2622 2225 2699 2285 und
2721 2225 2787 2285 B.
2787 2225 2985 2285 denselben
3040 2227 3105 2287 der
3127 2225 3424 2285 Uberlegung

2182 2322 2328 2382 würdig
2361 2314 2575 2374 erachtet,
2586 2309 2844 2369 Inmaßen
2900 2309 2968 2369 mit
3002 2312 3226 2372 deßelben
3271 2318 3327 2378 zu
3350 2326 3541 2386 sendung

2176 2412 2268 2472 die
2291 2406 2485 2466 Mhhl.
2485 2401 2680 2461 hiemit
2715 2401 2910 2461 freündtl.
2932 2404 3185 2464 angestund
3253 2410 3437 2470 werden

2201 2498 2415 2558 darüber
2450 2491 2557 2551 Ihre
2592 2491 2711 2551 weise
2723 2492 2959 2552 gedancken
2995 2501 3184 2561 walten
3208 2506 3279 2566 zu
3291 2512 3540 2572 laßen,
