4032 3024
499 445 562 505 54.

728 577 1097 637 Verlaßenschafft
1141 572 1195 632 ein
1227 565 1553 625 Vollständiges
1575 562 1911 622 inventarium

745 652 795 712 zu
835 649 1054 709 zeuchen,
1084 645 1164 705 und
1204 641 1403 701 selbiges
1423 638 1572 698 gleich
1602 637 1701 697 der
1741 637 1861 697 Zwey

742 729 917 789 übrigen
975 724 1324 784 hingerichteten
1405 724 1603 784 Muhl.
1626 724 1708 784 zu
1743 725 1929 785 bewegen

742 806 1007 866 Verordnung
1065 802 1487 862 vorzutragen:
1496 799 1620 859 und
1670 797 1827 857 weilen
1860 793 1976 853 unter

739 886 830 946 deß
880 883 1052 943 Hausis
1083 881 1285 941 Electen
1325 880 1477 940 neben
1558 874 1781 934 anderen
1821 865 1902 925 sich

734 968 864 1028 bey
904 964 1014 1024 bißen
1084 961 1325 1021 befinden,
1355 956 1475 1016 deren
1515 954 1576 1014 die
1586 949 1736 1009 nicke
1766 940 1856 1000 mit

738 1047 1012 1107 cotampen,
1027 1042 1118 1102 die
1149 1039 1354 1099 andere
1430 1033 1559 1093 aber
1605 1027 1681 1087 mit
1734 1021 1878 1081 Viltu

745 1124 950 1184 Schachten
1038 1120 1116 1180 von
1165 1118 1399 1178 allerhand
1448 1111 1643 1171 schriften
1672 1098 1926 1158 angefult¬

737 1203 815 1263 Als
854 1199 991 1259 haben
1030 1197 1118 1257 Ihr
1167 1195 1245 1255 an
1323 1190 1440 1250 ihnen
1488 1185 1586 1245 H.
1586 1177 1869 1237 Großweibe

740 1277 823 1337 und
841 1275 915 1335 H.
951 1270 1301 1330 Grichtschreiber
1356 1261 1494 1321 hiemit
1559 1250 1752 1310 befehlen
1807 1236 1927 1296 wollen

730 1355 821 1415 die
831 1352 994 1412 ersten
1085 1348 1217 1408 diser
1268 1343 1390 1403 bißen
1481 1338 1522 1398 zu
1562 1332 1725 1392 denen
1765 1324 1928 1384 übrigen

739 1426 832 1486 deß
869 1423 1046 1483 Hanzus
1102 1417 1381 1477 Erichen,
1399 1412 1492 1472 und
1530 1407 1623 1467 sub
1651 1396 1930 1456 inventario

736 1507 800 1567 zu
838 1501 1036 1561 legen,
1036 1496 1157 1556 die
1195 1489 1399 1549 andere
1457 1482 1591 1542 aber
1629 1469 1922 1529 anlangen¬

736 1583 877 1643 bollen
917 1577 1018 1637 Mell
1109 1570 1250 1630 ihnen
1311 1564 1452 1624 hiemit
1523 1556 1714 1616 befohlen
1755 1544 1926 1604 haben,

739 1653 902 1713 selbige
950 1649 1018 1709 mit
1085 1646 1210 1706 ihren
1239 1642 1498 1702 Pitschaffen
1575 1625 1940 1685 wollverwahrt,

735 1731 912 1791 Mutzahl
968 1723 1035 1783 den
1079 1719 1334 1779 Scheünden
1368 1715 1545 1775 Rahten
1568 1703 1912 1763 zuzustellen.

976 1900 1140 1960 Coram
1277 1886 1442 1946 200.

683 2090 1081 2150 Nachdeme
1121 2080 1360 2140 heutigen
1373 2075 1519 2135 tags
1545 2068 1731 2128 Muls.
1731 2060 1837 2120 Endt
1851 2050 1957 2110 Cons¬

755 2182 865 2242 vor
898 2175 1052 2235 Muhl.
1096 2170 1172 2230 und
1205 2166 1359 2226 Oberen
1381 2162 1458 2222 H.
1491 2158 1567 2218 vnd
1578 2154 1633 2214 D.
1655 2143 1908 2203 eröfnet,

754 2257 857 2317 das
885 2253 1054 2313 maßen
1101 2248 1186 2308 die
1233 2245 1326 2305 von
1364 2239 1542 2299 Mühl.
1599 2230 1674 2290 den
1711 2220 1880 2280 Cammin

750 2335 869 2395 toren
933 2330 1159 2390 Vermoge,
1191 2320 1557 2380 hochvberreitl.
1567 2307 1643 2367 de
1643 2302 1750 2362 solchs
1793 2292 1847 2352 von

759 2407 1039 2467 Verlihenen
1106 2401 1307 2461 Gustag
1341 2392 1609 2452 gemachte
1665 2377 1833 2437 arbeit

751 2487 905 2547 ligen
936 2481 1233 2541 Cassierung
1254 2477 1367 2537 der
1387 2475 1562 2535 droben
1644 2465 1839 2525 annoch

3423 451 3439 511 5

2258 557 2557 617 inhafftierten
2605 556 2788 616 Personen
2827 559 2885 619 etc.
2914 562 2991 622 sich
3010 565 3222 625 würklichen
3261 568 3328 628 zur
3367 568 3453 628 ein¬

2278 625 2509 685 hauldung
2552 622 2654 682 durch
2748 622 2791 682 in
2825 625 2911 685 der
2971 628 3133 688 Hausen
3202 627 3407 687 befinde,
3433 618 3510 678 und

2287 694 2506 754 darauff
2597 688 2680 748 von
2725 688 2890 748 gedacht
2926 689 3127 749 Muhlthl.
3155 688 3228 748 den
3246 684 3493 744 somitirten

2306 771 2400 831 die
2417 763 2700 823 Mundtliche
2726 761 2940 821 relation
2991 758 3205 818 gestattet
3248 749 3488 809 worden,

2315 843 2398 903 wie
2431 839 2490 899 sie
2515 835 2656 895 diesem
2715 832 3056 892 Oberkeitlichen
3089 825 3239 885 besolch
3281 819 3322 879 im
3372 811 3489 871 Or¬

2313 911 2473 971 muegen
2558 908 2793 968 geistet,
2824 905 2888 965 ist
2910 904 3027 964 nach
3059 897 3293 957 deswegen
3304 885 3496 945 gehaltene

2303 991 2556 1051 Umbstan
2594 985 2701 1045 von
2740 982 2905 1042 Muhl.
2944 977 3021 1037 und
3050 973 3196 1033 Oberen
3244 964 3303 1024 H.
3332 959 3400 1019 vnd
3409 953 3468 1013 D.

2312 1060 2376 1120 und
2432 1058 2552 1118 mihr
2579 1055 2746 1115 gesezt
2773 1050 2967 1110 worden,
3032 1043 3097 1103 ob
3115 1037 3244 1097 man
3281 1020 3484 1080 haruber

2321 1130 2420 1190 nach
2444 1125 2576 1185 denen
2642 1116 2906 1176 gefallenen
2947 1106 3211 1166 verschidenen
3244 1088 3466 1148 gedanken

2314 1204 2479 1264 schwas
2507 1192 2715 1252 erbenen,
2758 1184 2859 1244 oder
2888 1179 3017 1239 aber
3067 1170 3232 1230 solches
3268 1157 3354 1217 bis

2325 1275 2557 1335 könfftigen
2618 1264 2841 1324 Mitwochen
2932 1250 3155 1310 ausschieben
3205 1232 3347 1292 wolle,

2317 1347 2396 1407 da
2413 1343 2510 1403 dan
2553 1339 2632 1399 für
2650 1335 2763 1395 das
2789 1329 2982 1389 erkennen
3008 1322 3078 1382 62
3104 1313 3244 1373 sinen
3288 1300 3367 1360 und
3393 1288 3463 1348 fur¬

2323 1414 2413 1474 das
2453 1411 2673 1471 Ausschieben
2733 1405 2823 1465 17.
2853 1397 3073 1457 gezehlet,
3083 1384 3243 1444 mithin
3283 1366 3443 1426 erkent

2313 1486 2477 1546 worden

3221 1554 3351 1614 Selbst
3389 1546 3510 1606 ange¬

2308 1602 2493 1662 Rechel
2527 1589 2574 1649 an
2631 1582 2793 1642 Mhhl.
2804 1577 2839 1637 D.
2874 1569 3024 1629 Simer

2332 1675 2509 1735 hörter
2544 1664 2712 1724 Maßen
2756 1655 2880 1715 haben
2933 1646 3101 1706 Mhhl.
3110 1640 3189 1700 und
3216 1633 3366 1693 Oberen
3410 1627 3498 1687 R.

2337 1746 2459 1806 und
2469 1742 2544 1802 B.
2553 1736 2722 1796 Zeuge
2769 1728 2826 1788 von
2873 1720 3080 1780 Muhll.
3080 1711 3174 1771 den
3202 1700 3531 1760 Lanchatern

2329 1825 2566 1885 Gemachte
2599 1807 2861 1867 Clagierung
2902 1793 2992 1853 der
3033 1781 3213 1841 droben
3262 1771 3344 1831 der
3377 1762 3524 1822 Conspi¬

2347 1900 2507 1960 ration
2573 1887 2677 1947 halb
2695 1878 2846 1938 noch
2865 1863 3167 1923 inhafftigten
3204 1842 3449 1902 personen

2341 1975 2417 2035 So
2436 1969 2513 2029 wie
2532 1964 2617 2024 sie
2627 1956 2741 2016 theil
2779 1940 3056 2000 vorgelegt
3104 1918 3323 1978 worden,
3323 1905 3494 1965 Gutt¬

2340 2045 2638 2105 geheißen,
2672 2024 2760 2084 und
2771 2011 3026 2071 demnach
3048 1998 3147 2058 ihne
3203 1986 3402 2046 Mahll.
3413 1976 3468 2036 I.

2351 2128 2518 2188 deßen
2541 2113 2696 2173 hiemit
2755 2090 3028 2150 nachrichtlich
3040 2068 3337 2128 verständigen
3396 2048 3539 2108 wollen,

2353 2203 2441 2263 mit
2474 2192 2650 2252 fändl.
2683 2173 2913 2233 Gesinnen,
2946 2151 3209 2211 Nunmehro
3220 2133 3418 2193 daruber

2349 2280 2449 2340 sich
2471 2273 2527 2333 so
2561 2259 2773 2319 verhafft
2806 2242 2862 2302 zu
2895 2229 3096 2289 machen,
3141 2214 3230 2274 daß
3263 2209 3308 2269 er
3319 2204 3498 2264 Mahll.

2369 2356 2466 2416 auf
2487 2341 2712 2401 könfftigen
2765 2318 2990 2378 Mitwochen
3076 2296 3215 2356 diser
3247 2283 3515 2343 Clegierung

2363 2435 2456 2495 zu
2476 2426 2600 2486 folge,
2642 2415 2724 2475 vor
2766 2400 2920 2460 Mich,
2951 2388 3013 2448 und
3044 2377 3189 2437 Oberen
3261 2364 3364 2424 seine
3385 2356 3530 2416 erste

2373 2499 2515 2559 urthell
2609 2478 2845 2538 außfallen
2904 2461 3010 2521 und
3033 2448 3210 2508 eröfnen
3257 2432 3410 2492 möge,
3446 2419 3517 2479 wie

2371 2566 2457 2626 dan
2489 2560 2532 2620 zu
2542 2555 2628 2615 thun
