4032 3024
698 490 869 550 gesung
897 491 926 551 Ihr
983 491 997 551 an
1040 491 1125 551 diese
1139 491 1367 551 begebenheit
1396 493 1438 553 und
1481 495 1638 555 glücklich
1652 502 1837 562 geschlagenn

697 581 850 641 vorhaben
862 581 991 641 antheil
1026 581 1132 641 zunemen
1203 580 1320 640 beliebet
1355 581 1379 641 f.
1414 582 1485 642 zum
1496 585 1614 645 avor
1626 589 1684 649 auß
1708 593 1767 653 nun
1767 598 1896 658 sellens
1908 606 1943 666 ge¬

681 661 773 721 sich
785 662 854 722 etc.
854 661 946 721 wir
969 661 1038 721 Unß
1050 661 1338 721 entschuldigen,
1361 664 1430 724 daß
1442 667 1523 727 von
1557 673 1696 733 dieseren
1719 682 1811 742 Sachen
1834 692 1915 752 wie
1915 700 1961 760 Ei¬

690 736 777 796 nicht
802 739 951 799 alsobald
951 739 1025 799 die
1050 740 1274 800 erforderliche
1286 741 1361 801 part
1398 745 1572 805 gegeben,
1584 750 1696 810 allein
1721 760 1820 820 disers
1857 775 1994 835 richtig¬

684 813 869 873 geschafft,
882 812 919 872 das
956 813 1030 873 vnser
1067 815 1216 875 sorgfalt
1253 817 1302 877 zu
1302 822 1550 882 berichtigung
1574 830 1636 890 und
1661 835 1710 895 sich
1723 843 1908 903 erstellung

694 882 773 942 vnser
784 886 874 946 Stadt
930 889 998 949 und
1020 892 1234 952 Regierung
1246 897 1392 957 bißhiehe
1448 905 1595 965 einzig
1628 911 1696 971 und
1707 916 1797 976 allein
1820 925 1932 985 einge¬

702 968 858 1028 nomen,
858 970 914 1030 hat
948 973 1026 1033 Unß
1049 973 1116 1033 vor
1116 974 1183 1034 diß
1183 976 1295 1036 ohrts
1295 979 1530 1039 gebührender
1542 986 1721 1046 attention
1743 998 1956 1058 abgeführt,

685 1060 781 1120 vnd
781 1061 985 1121 verhoffend
1008 1064 1152 1124 dahero,
1152 1065 1224 1125 Ihr
1248 1067 1343 1127 Unsere
1379 1069 1439 1129 etc.
1451 1071 1535 1131 berdet
1559 1076 1666 1136 diese
1690 1081 1762 1141 Unser
1822 1091 1918 1151 gantz¬

693 1150 961 1210 ohnvorsichtliche
982 1151 1239 1211 unterlaßung
1261 1153 1304 1213 zu
1325 1154 1368 1214 in
1368 1156 1486 1216 gutem
1507 1159 1604 1219 Unß
1636 1164 1700 1224 nicht
1732 1167 1796 1227 auß
1807 1174 1936 1234 deuten

694 1237 770 1297 als
781 1237 889 1297 beliche
921 1239 1062 1299 Unseren
1083 1242 1213 1302 dancke
1245 1246 1451 1306 vermehren
1461 1251 1559 1311 wird,
1591 1253 1645 1313 den
1667 1255 1742 1315 wir
1764 1258 1829 1318 für
1839 1260 1969 1320 furwe¬

677 1324 732 1384 so
732 1324 842 1384 freund
864 1324 1127 1384 Nachbahrliche
1149 1330 1259 1390 antheil
1303 1335 1467 1395 nemung
1489 1339 1555 1399 als
1577 1343 1654 1403 auch
1664 1346 1719 1406 deß
1730 1348 1829 1408 nachen
1873 1352 1961 1412 Auß¬

680 1412 923 1472 vertrösteten
923 1415 1032 1475 halß
1044 1417 1287 1477 Versicherung
1312 1421 1409 1481 gegen
1433 1423 1518 1483 Euch,
1530 1424 1579 1484 Sie
1591 1428 1701 1488 hiemit
1725 1433 1895 1493 beschicht,
1907 1439 1968 1499 auß

679 1503 758 1563 das
758 1507 1053 1567 verbindtlichste
1064 1510 1256 1570 abzulegen,
1290 1511 1370 1571 Unß
1392 1513 1607 1573 verpflichtet
1641 1517 1789 1577 halten,
1800 1519 1857 1579 mit
1891 1522 1947 1582 dem

679 1597 890 1657 herzlichen
913 1599 1054 1659 busch,
1089 1600 1159 1660 daß
1171 1601 1253 1661 der
1265 1604 1511 1664 Allerhöchste
1534 1607 1616 1667 nicht
1651 1608 1722 1668 mir
1733 1610 1944 1670 dergleichen

678 1688 918 1748 verderbliche
918 1690 1014 1750 und
1014 1691 1134 1751 hochst
1146 1692 1338 1752 gefehrliche
1350 1695 1518 1755 anschlag,
1518 1696 1590 1756 von
1614 1699 1758 1759 Euberei
1818 1700 1914 1760 Lobl.

681 1780 792 1840 stand
812 1778 944 1838 gnädig
954 1778 1176 1838 abhenden,
1196 1780 1338 1840 sonderen
1378 1781 1449 1841 Euch
1469 1782 1500 1842 vnd
1550 1783 1652 1843 alles
1652 1784 1743 1844 selbst
1783 1784 1975 1844 verlangende

684 1867 852 1927 Wohlseyn
863 1867 905 1927 in
926 1865 1073 1925 Reicher
1073 1865 1178 1925 maß
1199 1864 1388 1924 angedeyen
1409 1865 1504 1925 laßen
1546 1865 1651 1925 solle,
1651 1865 1724 1925 als
1735 1866 1766 1926 die
1798 1867 1861 1927 Wie
1871 1868 1934 1928 Euch

675 1955 917 2015 hinwiderumb
938 1954 1159 2014 bestermaßen
1191 1952 1411 2012 versicheren,
1432 1951 1485 2011 daß
1517 1951 1590 2011 alle
1611 1951 1706 2011 anlaß
1738 1951 1811 2011 Unß
1822 1951 1927 2011 Sehe¬

674 2044 833 2104 vngenehm
876 2042 971 2102 seyn
971 2039 1130 2099 beeden,
1151 2037 1300 2097 dardurch
1310 2035 1384 2095 Euch
1384 2033 1543 2093 wie
1565 2032 1713 2092 beliebige
1724 2032 1936 2092 gefelligkeiten

679 2132 788 2192 beeden
821 2132 973 2192 Erweisen
1006 2131 1136 2191 könen,
1158 2131 1234 2191 Euch
1234 2129 1354 2189 Vnsere
1386 2129 1430 2189 etc.
1441 2129 1473 2189 in
1473 2129 1582 2189 deßen
1604 2129 1800 2189 simblicher
1832 2129 1930 2189 Obser¬

679 2223 829 2283 laßens
842 2222 1047 2282 erlaßenn.
1060 2224 1128 2284 Dat.
1128 2224 1210 2284 den
1224 2225 1251 2285 3.
1292 2227 1441 2287 August.
1482 2230 1482 2290 19.

1311 2428 1593 2488 Schultzeß
1629 2419 1715 2479 und
1715 2417 1838 2477 Raht

1401 2500 1491 2560 der
1525 2503 1616 2563 Stadt
1672 2505 1774 2565 dern

2446 430 2700 490 Montags
2722 435 2788 495 den
2822 437 2844 497 1
2888 443 3098 503 Augusti
3165 453 3474 513 1653

2614 553 2786 613 coram
2832 556 3062 616 Senatu

2233 743 2264 803 del
2421 732 2468 792 zu
2515 729 2671 789 Mechell
2734 728 2827 788 die
2843 728 3046 788 Behrenden
3093 727 3203 787 Recht¬

2229 808 2416 868 befinde,
2442 802 2527 862 sich
2553 799 2715 859 unter
2740 799 2834 859 deß
2885 799 3192 859 hingerichteten
3226 792 3464 852 Haubtman

2228 884 2400 944 Hantis
2424 874 2613 934 theilen
2662 870 2801 930 neben
2850 868 3046 928 anderem
3104 864 3177 924 eine
3243 858 3382 918 Kisten

2218 965 2267 1025 mit
2326 948 2589 1008 Schachten,
2618 941 2696 1001 die
2725 938 2794 998 mit
2843 935 3067 995 allerhand
3086 930 3291 990 Schrifften

2220 1037 2307 1097 von
2346 1024 2625 1084 Literatur
2645 1017 2732 1077 und
2770 1012 2963 1072 anderen
2992 1006 3137 1066 sachen
3233 989 3465 1049 angefult¬

2209 1110 2333 1170 Belehr
2374 1099 2457 1159 deß
2478 1094 2695 1154 Mehrgen
2736 1084 3036 1144 examinieren
3067 1076 3119 1136 zu
3139 1071 3263 1131 laßen
3336 1059 3429 1119 Mecht

2214 1179 2378 1239 nöthig
2398 1167 2620 1227 erachtet,
2649 1159 2833 1219 dahero
2862 1156 2929 1216 H.
2958 1149 3210 1209 Großgebt
3277 1134 3355 1194 und
3384 1125 3432 1185 H.

2219 1250 2563 1310 Geichtschreiber
2593 1239 2691 1299 den
2740 1233 2897 1293 befelch
2937 1224 3192 1284 erhalten,
3222 1213 3349 1273 dieser
3379 1204 3526 1264 wißen¬

2228 1332 2333 1392 ihnen
2390 1324 2505 1384 Mahl
2581 1319 2648 1379 zu
2686 1315 2772 1375 dem
2801 1310 2896 1370 vnd
2925 1299 3221 1359 zuzustellenn,
3249 1282 3402 1342 deßen
3421 1269 3517 1329 nun

2217 1409 2280 1469 sie
2325 1400 2461 1460 hiemit
2497 1390 2786 1450 nachrichtlich
2813 1380 3121 1440 verständiget
3184 1357 3419 1417 werden,
3437 1338 3500 1398 mit

2232 1479 2355 1539 Vndt
2417 1467 2633 1527 gesunden,
2674 1457 2839 1517 selbige
2891 1449 2942 1509 zu
2963 1439 3272 1499 empfahen,
3282 1422 3374 1482 und
3405 1411 3488 1471 diese

2235 1557 2436 1617 schrifften
2480 1545 2584 1605 bohl
2629 1538 2674 1598 zu
2711 1529 2986 1589 erdann,
3008 1518 3105 1578 mit
3157 1504 3432 1564 überlaßen

2228 1628 2451 1688 demnach
2484 1617 2700 1677 gestalten
2758 1603 2915 1663 dingen
2965 1593 3064 1653 nach
3114 1585 3188 1645 mit
3221 1574 3503 1634 denenselben

2224 1707 2296 1767 zu
2332 1697 2628 1757 verfahren,
2637 1684 2763 1744 oder
2799 1678 2862 1738 an
2915 1671 2996 1731 end
3032 1663 3113 1723 und
3140 1655 3301 1715 beten
3364 1642 3454 1702 zur

2225 1774 2525 1834 Verbahrung
2563 1760 2770 1820 hinlegen
2835 1749 2892 1809 zu
2920 1741 3117 1801 laßen,
3136 1733 3211 1793 die
3230 1729 3296 1789 sie
3314 1725 3436 1785 Mehl.

2225 1848 2459 1908 Gutsenden
2537 1833 2685 1893 beyden

2216 1980 2415 2040 Edl.
2425 1973 2488 2033 an
2530 1968 2603 2028 H.
2634 1957 2896 2017 Großleibe
2958 1942 3042 2002 und
3073 1935 3147 1995 H.
3178 1921 3502 1981 Geichtschreiber

2212 2052 2300 2112 aus
2324 2042 2580 2102 anmelden
2628 2032 2708 2092 und
2740 2022 2955 2082 begehren
3003 2011 3099 2071 der
3131 2003 3275 2063 Herren
3307 1991 3539 2051 haubtleuten

2222 2122 2428 2182 Stiger
2482 2112 2571 2172 und
2598 2101 2812 2161 Manuell
2866 2090 2937 2150 als
2964 2076 3250 2136 Geordneten
3294 2057 3464 2117 Vogten

2219 2200 2329 2260 deß
2369 2185 2697 2245 hingefuhreten
2747 2163 2995 2223 Haubtman
3015 2146 3204 2206 Samuel
3264 2129 3483 2189 Hantis

2220 2269 2618 2329 hinterlaßenen
2640 2248 2834 2308 Kindern
2877 2232 2984 2292 von
3027 2218 3210 2278 beiden
3253 2202 3458 2262 Ehen¬

2224 2357 2366 2417 haben
2437 2347 2508 2407 Ihr
2543 2341 2579 2401 an
2697 2324 2815 2384 ihnen
2862 2307 3004 2367 hiemit
3051 2289 3263 2349 befehlen
3311 2274 3523 2334 wollen,

2226 2433 2273 2493 in
2331 2424 2587 2484 beywesen
2622 2401 2890 2461 gedachter
2925 2381 3064 2441 beiden
3134 2365 3227 2425 H.
3250 2355 3437 2415 Möcken

2236 2513 2327 2573 die
2340 2508 2456 2568 sage
2534 2498 2599 2558 zu
2611 2481 2922 2541 erbrechen,
2948 2463 3025 2523 und
3051 2453 3168 2513 über
3219 2440 3465 2500 deßelben
