4032 3024
503 487 551 547 60.

744 601 840 661 vom
888 604 1020 664 Leben
1068 605 1165 665 zum
1225 607 1297 667 Tod
1369 608 1501 668 sollen
1562 611 1850 671 hingerichtet

726 691 865 751 forden

713 821 1031 881 Welche
1046 823 1228 883 Gnädige
1243 825 1440 885 Vrtheil
1471 829 1501 889 in
1547 833 1683 893 obigen
1713 845 1986 905 Alimenten

732 910 997 970 vollstecket,
1028 919 1110 979 und
1150 922 1212 982 sie
1242 924 1314 984 mit
1344 925 1487 985 einem
1549 929 1834 989 Corperlichen

708 999 786 1059 Eyd
825 1002 851 1062 zu
890 1006 1072 1066 Gott,
1111 1010 1228 1070 Ihre
1241 1014 1513 1074 dehmütige
1565 1025 1903 1085 Vnterziehung

721 1100 820 1160 vnd
853 1103 1084 1163 Religiose
1128 1109 1446 1169 Grobachtung
1479 1118 1721 1178 derselben,
1754 1125 1842 1185 wie¬

723 1199 822 1259 auch
834 1199 922 1259 des
933 1201 1189 1261 gewohnten
1233 1207 1499 1267 Urthels,
1522 1212 1777 1272 versicheren
1821 1211 1921 1271 und

708 1289 957 1349 beschwehren
1009 1292 1227 1352 sollen.
1237 1294 1455 1354 Geben
1497 1298 1538 1358 in
1580 1301 1798 1361 Unserer
1829 1307 1954 1367 Großen

703 1387 859 1447 Rahts,
896 1387 1209 1447 Verstandlung,
1221 1390 1282 1450 den
1294 1392 1342 1452 ben
1402 1395 1487 1455 und
1523 1397 1583 1457 in
1619 1400 1788 1460 August
1800 1399 1921 1459 119.

708 1600 990 1660 edel
1018 1600 1075 1660 an
1075 1599 1146 1659 H.
1188 1597 1456 1657 Großbeibell
1499 1596 1781 1656 Willerung,

698 1699 850 1759 Es
914 1696 1015 1756 haben
1079 1693 1231 1753 Mhhl.
1256 1693 1370 1753 und
1383 1693 1535 1753 Oberei
1586 1693 1675 1753 N.
1700 1693 1789 1753 und
1814 1693 1928 1753 G.

704 1771 755 1831 in
806 1772 1061 1832 heutiger
1092 1777 1428 1837 Verhandlung,
1459 1780 1500 1840 in
1530 1781 1714 1841 puncto,
1724 1779 1826 1839 wan
1847 1777 1939 1837 den

698 1864 797 1924 heut
841 1865 1114 1925 banicierten
1158 1870 1355 1930 Kätzter
1388 1872 1442 1932 im
1486 1872 1770 1932 Bulgenboch,
1792 1867 1880 1927 und

699 1961 894 2021 studioso
904 1964 1161 2024 keinhard,
1192 1966 1295 2026 die
1326 1967 1675 2027 Bauisations
1685 1965 1767 2025 zeit
1798 1961 1952 2021 angehen¬

701 2053 856 2113 Wollen,
900 2056 1033 2116 solche
1066 2057 1155 2117 auf
1188 2059 1266 2119 den
1310 2059 1410 2119 15ten
1432 2059 1520 2119 deß
1576 2059 1786 2119 gesetzet,
1797 2057 1875 2117 und
1897 2055 1941 2115 in

692 2155 874 2215 anstehen
952 2155 1146 2215 übriger
1172 2156 1497 2216 Inhafftierten
1535 2152 1821 2212 Burgeren,
1847 2145 1873 2205 so

696 2252 924 2312 Allfehlig,
960 2251 1008 2311 es
1020 2251 1129 2311 seyn
1165 2251 1345 2311 lebens,
1381 2251 1586 2311 länglich,
1598 2249 1694 2309 oder
1718 2248 1778 2308 auf
1826 2243 1910 2303 eine

687 2354 895 2414 gelauße
939 2353 1005 2413 Zeit
1060 2351 1301 2411 verwiesen
1344 2348 1509 2408 werden
1563 2344 1782 2404 möchten,
1804 2341 1870 2401 von

698 2454 792 2514 der
827 2446 1144 2506 Burtheilung
1167 2444 1214 2504 an
1272 2443 1530 2503 gleichfahls
1530 2441 1741 2501 jeheilen
1776 2440 1811 2500 8.
1847 2438 1929 2498 tag

687 2549 797 2609 Zeit
810 2547 1018 2607 vergant,
1067 2545 1215 2605 Einen,
1251 2543 1423 2603 welcher
1423 2543 1571 2603 frist,
1571 2543 1816 2603 diejenige
1816 2543 1976 2603 Person¬

702 2641 779 2701 an
801 2640 900 2700 die
922 2639 1042 2699 Eine,
1053 2638 1152 2698 oder
1185 2638 1393 2698 anderer
1415 2638 1514 2698 der
1525 2636 1821 2696 Gefangenen

3379 482 3435 542 63

2302 601 2521 661 sprechen
2572 605 2701 665 wird,
2727 608 2791 668 wie
2830 612 2945 672 nicht
2971 615 3126 675 bringer
3177 616 3306 676 eines
3318 613 3460 673 Jeden¬

2307 694 2471 754 nachste
2506 700 2787 760 Angehörige,
2810 709 2962 769 Jedoch
2962 714 3044 774 mit
3091 719 3476 779 bescheidenheit,

2295 797 2370 857 und
2402 796 2615 856 schweilen
2658 802 2712 862 in
2754 810 2957 870 beysein
3000 816 3032 876 H.
3117 818 3427 878 Großleibes,

2292 899 2390 959 oder
2401 898 2532 958 eines
2554 901 2739 961 officero
2761 904 2826 964 von
2870 908 2946 968 der
2990 911 3153 971 Wacht,
3153 910 3262 970 oder
3284 907 3382 967 des

2282 1006 2649 1066 Gerichtschreibers
2649 1004 2695 1064 in
2730 1004 2822 1064 die
2856 1007 3246 1067 Gefangenschafft
3269 1001 3488 1061 gelaßen,

2292 1107 2467 1167 werden
2497 1102 2703 1162 mögen,
2713 1102 2816 1162 Acta
2847 1102 2970 1162 coram
3012 1102 3104 1162 20.
3125 1103 3186 1163 den
3217 1103 3227 1163 6.
3279 1103 3371 1163 Aug.
3402 1102 3485 1162 119.

2806 1231 3019 1291 Gericht
3051 1226 3253 1286 Schreiberey
3274 1222 3455 1282 Hern.

2282 1382 2683 1442 Der
2702 1380 2989 1440 Schultze
3103 1375 3160 1435 Sie
3313 1370 3428 1430 und

2294 1488 2431 1548 Groß
2477 1484 2580 1544 Raht
2637 1480 2717 1540 der
2717 1477 2855 1537 Statt
2866 1474 3027 1534 Hern,
3061 1470 3313 1530 Vrkunden
3358 1469 3542 1529 hiemit¬

2290 1586 2485 1646 Alsdan
2518 1583 2605 1643 Wir
2637 1580 2886 1640 abermahlen
2919 1578 3006 1638 bey
3016 1577 3168 1637 Eyden
3201 1575 3428 1635 convociert

2292 1688 2492 1748 ferners
2502 1682 2702 1742 angehört,
2702 1680 2786 1740 die
2807 1678 3038 1738 Examina
3080 1678 3165 1738 der,
3186 1678 3280 1738 wegen
3312 1678 3501 1738 Conjura¬

2300 1784 2420 1844 tion
2460 1783 2609 1843 wieder
2649 1779 2828 1839 Vnsere
2858 1775 3107 1835 Regierung
3127 1772 3436 1832 inhafftierter

2280 1888 2564 1948 Burgeren,
2574 1883 2721 1943 haben
2742 1880 2837 1940 Wir
2868 1879 2953 1939 aus
2974 1877 3163 1937 selbigen
3194 1876 3320 1936 höchst
3352 1877 3509 1937 miß¬

2317 1996 2483 2056 fellig
2493 1991 2639 2051 annoch
2659 1983 2922 2043 vornemen
2952 1978 3059 2038 und
3088 1975 3342 2035 überführet
3381 1973 3508 2033 worden

2314 2099 2552 2159 müßen,
2575 2092 2722 2152 welcher
2745 2083 2960 2143 gestalten
3005 2076 3209 2136 Rudolff
3243 2072 3402 2132 Wiß¬

2294 2202 2509 2262 Gabriel
2565 2192 2758 2252 Scheuer,
2792 2185 2882 2245 und
2905 2179 3120 2239 Daniel
3165 2176 3358 2236 Kundel
3414 2179 3460 2239 in

2307 2300 2505 2360 dieser
2542 2291 2766 2351 gefehrlich
2790 2281 2877 2341 und
2914 2274 3001 2334 weit
3051 2267 3361 2327 ausstehenden
3410 2272 3522 2332 Ver¬

2320 2397 2546 2457 bindung,
2570 2388 2749 2448 wieder
2772 2380 2879 2440 undt
2891 2376 2998 2436 Ihre
3046 2373 3117 2433 von
3153 2370 3260 2430 Gott
3308 2370 3522 2430 gestehte,

2298 2495 2686 2555 Rechtmäßige
2737 2479 2931 2539 Obrigkeit
2957 2472 3073 2532 sich
3099 2467 3344 2527 verstecket,
3383 2469 3486 2529 und

2317 2594 2545 2654 impliciert
2606 2579 2846 2639 befinden.

3289 2679 3387 2739 da
