4032 3024
544 519 604 579 64

468 1813 575 1873 auch
583 1814 675 1874 übrige

487 1873 652 1933 bandiente
663 1873 703 1933 etc.

735 656 867 716 Einer
891 655 1205 715 ohntadelhafften
1265 652 1603 712 Außfuhrung
1615 653 1736 713 Ihre
1760 661 1965 721 begnad¬

746 754 921 814 digung
954 751 1161 811 gebührend
1194 749 1270 809 bey
1281 747 1401 807 vns
1423 746 1619 806 suchen,
1630 746 1728 806 und
1783 747 1859 807 von

746 847 938 907 Unserer
966 847 1122 907 Gnade
1131 842 1369 902 erwarten,

735 941 913 1001 Welche
923 941 1120 1001 Gnädige
1159 939 1347 999 Urtheil
1376 938 1426 998 an
1455 940 1574 1000 obigen
1623 946 1948 1006 Delinquenten

743 1031 1034 1091 vollstrebet,
1064 1030 1145 1090 und
1175 1028 1245 1088 sie
1276 1028 1356 1088 mit
1396 1028 1527 1088 einem
1587 1032 1889 1092 Cörperlichen

733 1126 797 1186 Eyd
823 1126 887 1186 zu
925 1125 1053 1185 Gott,
1079 1124 1155 1184 Ihre
1207 1123 1488 1183 dehmüchtige
1539 1129 1910 1189 Unterziehung

742 1213 833 1273 vnd
878 1213 1142 1273 Beligiose
1170 1216 1534 1276 Grobachtung
1571 1220 1835 1280 derselben,
1862 1222 1944 1282 wie

737 1304 844 1364 auch
856 1304 962 1364 des
974 1306 1199 1366 gewohnten
1246 1309 1470 1369 Urthels
1506 1312 1790 1372 versicheren,
1802 1312 1896 1372 und

734 1403 990 1463 beschwähren
1020 1405 1177 1465 sollen.

1400 1408 1595 1468 Geben
1615 1406 1673 1466 in
1703 1408 1927 1468 Vnserer

714 1508 909 1568 Großen
948 1507 1104 1567 Rahts,
1143 1508 1442 1568 Verstandung
1455 1510 1520 1570 der
1520 1510 1585 1570 In
1637 1511 1715 1571 und
1741 1511 1767 1571 3.
1780 1511 1923 1571 Augusti¬

1766 1586 1900 1646 1719.

929 1635 1239 1695 Gryse

732 1756 1096 1816 Wir
1111 1753 1248 1813 Johan
1324 1753 1582 1813 Friederich
1612 1753 1703 1813 Kück
1810 1756 1901 1816 und

734 1838 867 1898 Ludolff
945 1838 1156 1898 Reinhard
1223 1840 1423 1900 bekenen
1445 1840 1556 1900 und
1579 1840 1757 1900 Erbenen
1779 1839 1990 1899 dehmuht¬

718 1930 920 1990 tiglich,
931 1931 1005 1991 daß
1037 1933 1143 1993 Wir
1175 1935 1271 1995 noch
1292 1937 1515 1997 mehreren
1579 1939 1728 1999 Inhalt
1781 1937 1973 1997 Unserer

711 2027 960 2087 Vergichten
1003 2032 1068 2092 an
1111 2035 1337 2095 Unserer
1370 2038 1597 2098 Gnädigen
1640 2039 1899 2099 Obrigkeit,

701 2124 956 2184 Schultheiß
1001 2128 1101 2188 Räht
1156 2131 1257 2191 und
1290 2134 1534 2194 Burgeren
1568 2138 1668 2198 der
1690 2140 1801 2200 Stadt
1857 2141 1957 2201 Gen¬

716 2228 872 2288 durch
906 2236 1141 2296 gefährliche
1174 2237 1275 2297 und
1297 2236 1431 2296 höchst
1465 2234 1744 2294 verbottene
1778 2237 1990 2297 Anschlag¬

714 2332 811 2392 und
833 2336 1329 2396 zusamenschwerung
1351 2336 1502 2396 wieder
1523 2336 1631 2396 dero
1642 2339 1923 2399 Regierung

716 2432 838 2492 vnd
875 2432 1095 2492 Persohnen
1156 2434 1290 2494 Uns
1315 2434 1401 2494 also
1425 2435 1731 2495 vergriffen,
1743 2437 1816 2497 daß
1841 2437 1951 2497 Wir

717 2525 837 2585 aller
861 2525 980 2585 Ihrer
1016 2527 1375 2587 Begnädigung
1411 2528 1662 2588 unbedig,
1698 2527 1758 2587 die
1781 2523 1997 2583 schwester

719 2609 933 2669 Straaffen
1001 2609 1098 2669 wohl
1117 2614 1341 2674 verdienet
1389 2620 1642 2680 hatten,
1651 2622 1787 2682 Da
1826 2618 1933 2678 aber

3424 476 3497 536 62.

2309 664 2446 724 Hoch
2471 659 2645 719 dieselbe
2670 658 2782 718 nach
2807 658 2919 718 dero
2919 659 3217 719 angebohrner
3267 661 3528 721 Großmuht¬

2331 757 2453 817 vnd
2483 757 2605 817 güte,
2636 757 2707 817 die
2727 757 2900 817 Justitz,
2910 758 3032 818 dahin
3073 761 3348 821 gemeleret,
3368 760 3439 820 daß
3470 758 3490 818 wir

2337 859 2439 919 nicht
2480 857 2571 917 nach
2602 857 2714 917 aller
2735 857 2908 917 Strenge
2939 856 3214 916 angesehen,
3214 854 3377 914 sondern
3449 851 3540 911 das¬

2343 965 2485 1025 leben
2536 961 2627 1021 und
2658 958 2922 1018 geschenket,
2943 958 3105 1018 hingegen
3156 958 3228 1018 wir
3248 961 3319 1021 von
3350 964 3421 1024 Ihr
3441 967 3543 1027 Ge¬

2331 1060 2532 1120 Stadt-
2532 1058 2638 1118 und
2669 1058 2849 1118 Landen,
2902 1059 2987 1119 sie
3008 1060 3113 1120 auch
3135 1063 3209 1123 aus
3251 1067 3399 1127 Städt-
3420 1073 3515 1133 und

2330 1153 2525 1213 Landen
2569 1151 2796 1211 gestancker
2818 1153 2926 1213 Löbl.
2926 1156 3327 1216 Eydoßschafft,
3327 1161 3435 1221 und
3467 1164 3532 1224 dero

2330 1257 2625 1317 zugekandten
2665 1256 2848 1316 Ohrten,
2879 1258 2960 1318 wie
2991 1258 3102 1318 auch
3123 1261 3346 1321 Bißthum
3377 1265 3550 1325 Basel¬

2349 1352 2692 1412 Maulenburg,
2729 1352 2912 1412 Genß,
2937 1352 3255 1412 Müllhausen,
3292 1354 3476 1414 Wolles

2339 1450 2454 1510 vnd
2512 1451 2720 1511 Puncten
2777 1451 2962 1511 eliglich
2973 1451 3181 1511 verließen
3227 1451 3319 1511 seyn
3365 1450 3550 1510 sollen,

2323 1552 2411 1612 So
2434 1552 2522 1612 thun
2567 1552 2655 1612 Wir
2667 1553 2833 1613 dieser
2866 1555 3077 1615 Gerechten
3155 1556 3255 1616 und
3288 1556 3377 1616 noch
3399 1558 3565 1618 gnädig¬

2328 1646 2437 1706 geren
2502 1648 2698 1708 Urtheil
2730 1650 2839 1710 und
2872 1651 2915 1711 in
2959 1652 3154 1712 dehmuth
3176 1657 3513 1717 unterziehen,

2342 1750 2439 1810 vnd
2475 1753 2608 1813 dero
2621 1754 2924 1814 vorschrifft,
2936 1755 2984 1815 so
3009 1755 3081 1815 wohl
3130 1756 3215 1816 als
3239 1756 3312 1816 der
3324 1758 3494 1818 darauf

2340 1859 2547 1919 gesetzten
2596 1858 2742 1918 Todes,
2767 1858 2999 1918 Straaff,
3011 1861 3401 1921 übertrettenden
3438 1865 3536 1925 fahls

2347 1960 2443 2020 vnd
2479 1955 2660 2015 gäntzlich
2684 1957 3057 2017 unterwerffen,
3069 1966 3371 2026 Gelobend
3407 1969 3563 2029 anbey¬

2338 2061 2482 2121 weder
2515 2059 2692 2119 unsere
2725 2061 3168 2121 Gefangenschafft,
3191 2067 3279 2127 noch
3301 2070 3357 2130 die
3401 2076 3556 2136 erfolge¬

2337 2168 2409 2228 de
2421 2168 2757 2228 beurtheilung
2769 2168 2913 2228 gegen
2937 2168 3033 2228 der
3069 2169 3177 2229 Stadt
3225 2171 3405 2231 Hern,
3441 2175 3537 2235 oder

2338 2270 2476 2330 dero
2487 2270 2751 2330 Regierung,
2762 2269 2843 2329 noch
2866 2267 2969 2327 gegen
3026 2266 3198 2326 einichen
3244 2269 3554 2329 Particulaten

2337 2368 2514 2428 Directe,
2534 2368 2607 2428 noch
2607 2368 2805 2428 indirecte
2815 2368 2877 2428 zu
2909 2368 3064 2428 erferen
3106 2369 3210 2429 und
3241 2370 3293 2430 zu
3303 2371 3449 2431 rüchen

2329 2463 2412 2523 zu
2435 2458 2553 2518 trafft
2576 2453 2871 2513 gegenwärtigen
2894 2452 3106 2512 Geschede,
3130 2453 3283 2513 welchen
3283 2455 3353 2515 wie
3388 2457 3459 2517 mit
3483 2459 3541 2519 poe¬

2333 2548 2543 2608 perlichem
2587 2544 2653 2604 Eyd
2675 2543 2709 2603 zu
2720 2541 2841 2601 Godt,
2874 2540 3162 2600 unterbruchlich
3162 2540 3383 2600 zuhalten,
3383 2542 3549 2602 beschlichen

2323 2633 2481 2693 haben,
2491 2631 2560 2691 Alte
2589 2629 2629 2689 in
2658 2626 2717 2686 der
2737 2620 3101 2680 Gefangenschafft,
3121 2615 3190 2675 Hern
3219 2615 3269 2675 den
3298 2615 3367 2675 8ten
3367 2616 3525 2676 Augusti

3400 2698 3535 2758 9.
