4032 3024
315 344 367 404 14

494 509 690 569 Wedell
746 511 787 571 den
829 514 1024 574 Muhl.
1066 517 1178 577 Alt
1192 520 1345 580 Vener
1401 524 1471 584 Im
1513 528 1610 588 Hoch
1666 533 1764 593 und

488 592 945 652 Mithomittierte
999 596 1105 656 zum
1147 603 1371 663 Examen
1434 615 1509 675 der
1530 625 1775 685 Inquisiten

515 683 804 743 Nachdeme
827 688 920 748 die
943 694 1174 754 Mehl.
1174 704 1394 764 Muthl.
1417 712 1498 772 so
1498 718 1683 778 einer
1717 725 1787 785 als

521 784 779 844 Schrifftlich
801 786 1166 846 vorgetragen,
1187 792 1230 852 in
1252 795 1338 855 wie
1359 800 1445 860 weit
1488 805 1552 865 die
1585 811 1660 871 mit
1714 821 1832 881 Ver¬

494 875 702 935 führung
724 876 822 936 der
855 877 1117 937 Proceduro
1138 880 1280 940 wider
1291 881 1379 941 die
1400 886 1575 946 droben
1608 897 1848 957 enthaltene

513 979 849 1039 ohnglucksterl.
860 980 1173 1040 Haubtman
1218 982 1364 1042 Hantz
1431 988 1711 1048 Lieutenans
1733 1002 1868 1062 Gueter

507 1073 587 1133 und
631 1079 959 1139 Marchand
977 1081 1269 1141 Werners,
1278 1083 1402 1143 wie
1437 1085 1543 1145 auch
1570 1089 1649 1149 mit
1694 1094 1782 1154 dem

489 1174 682 1234 Michel
739 1178 978 1238 Dupreto
1001 1178 1058 1238 es
1069 1178 1320 1238 gebracht,
1354 1178 1456 1238 und
1479 1180 1581 1240 was
1615 1183 1729 1243 dero
1741 1187 1866 1247 Ver¬

483 1273 658 1333 guhten
699 1275 791 1335 und
832 1277 1141 1337 Außagen
1172 1282 1470 1342 mitgeben,
1480 1283 1634 1343 dabey
1675 1285 1809 1345 aber

492 1375 598 1435 vor
610 1375 703 1435 Ihr
727 1375 821 1435 in
879 1373 1009 1433 sich
1044 1373 1232 1433 Rahts
1267 1372 1478 1432 erholet,
1490 1370 1548 1430 ob
1560 1370 1677 1430 und
1701 1369 1807 1429 was

466 1479 623 1539 Ihrer
623 1474 731 1534 seits
809 1470 858 1530 in
888 1466 1143 1526 ferneren
1202 1463 1339 1523 wolle
1388 1463 1456 1523 zu
1496 1462 1603 1522 thun
1643 1462 1809 1522 seyn?

483 1566 692 1626 habens,
725 1558 1033 1618 Hochgedacht
1088 1552 1286 1612 Mhh.
1286 1550 1528 1610 daherige
1561 1544 1814 1604 Examina

488 1669 599 1729 noch
639 1666 760 1726 nicht
801 1662 892 1722 für
932 1657 1185 1717 completo
1195 1652 1387 1712 anstehen
1447 1645 1629 1705 können,
1659 1639 1811 1699 sonderen

471 1760 831 1820 ohneganglich
850 1754 1142 1814 nohtwendig
1181 1750 1424 1810 erachtet,
1434 1747 1502 1807 an
1531 1744 1599 1804 die
1628 1739 1813 1799 Delin¬

454 1868 709 1928 quenten
737 1861 954 1921 ferners
1011 1858 1067 1918 zu
1095 1855 1275 1915 setzen,
1303 1852 1360 1912 in
1435 1847 1510 1907 alle
1558 1837 1812 1897 Umstände

463 1972 624 2032 Ihres
645 1967 849 2027 Mord
903 1958 1181 2018 Anschlags
1203 1948 1299 2008 und
1310 1940 1567 2000 daheriger
1578 1925 1835 1985 Anstalten

466 2068 537 2128 an
572 2069 737 2129 tage
784 2067 842 2127 zu
866 2062 1148 2122 bringen,
1160 2051 1265 2111 zu
1301 2041 1489 2101 welchem
1524 2032 1618 2092 vnd
1653 2026 1724 2086 Sie

459 2169 722 2229 Mehl.
734 2168 974 2228 Fründtl.
985 2160 1260 2220 angesonen
1283 2147 1523 2207 werden,
1535 2135 1821 2195 fürderlichst

464 2260 646 2320 möglich
679 2258 764 2318 sich
786 2255 936 2315 wider
979 2252 1032 2312 in
1064 2249 1161 2309 die
1204 2245 1343 2305 Ober
1407 2232 1782 2292 Gefangenschafft

457 2374 547 2434 zu
585 2363 815 2423 begeben,
828 2354 930 2414 den
943 2347 1122 2407 Hantze
1199 2335 1391 2395 Gueter
1416 2329 1506 2389 und
1544 2319 1787 2379 Werner

462 2463 578 2523 nach
607 2447 946 2507 vorgangenen
966 2430 1392 2490 Exportationen
1440 2415 1527 2475 auf
1556 2409 1643 2469 die
1672 2399 1837 2459 Seelette

449 2535 633 2595 setzen,
673 2526 765 2586 und
804 2518 962 2578 binden
1002 2513 1068 2573 zu
1081 2506 1305 2566 laßen,
1318 2498 1463 2558 sodan
1476 2492 1568 2552 an
1594 2484 1779 2544 jeglichen

1707 2545 1800 2605 der

2129 543 2441 603 derselben
2477 545 2765 605 absonderlich
2789 560 2981 620 folgende
3005 572 3137 632 fragen
3197 582 3257 642 zu
3257 587 3461 647 trucken,

2150 647 2222 707 ob
2246 640 2342 700 nicht
2354 640 2462 700 uns
2486 641 2594 701 was
2606 646 2702 706 vor
2738 651 2810 711 ein
2834 661 3002 721 Claus
3038 671 3110 731 und
3146 683 3350 743 Prosel¬

2133 732 2280 792 Ihren
2314 730 2553 790 Gottligsten
2609 742 2836 802 Vorstaten
2859 754 2927 814 auf
2972 763 3052 823 den
3063 770 3177 830 13.
3199 778 3279 838 diß
3335 784 3403 844 zu¬

2142 824 2464 884 exequieren,
2482 829 2624 889 unter
2669 838 2821 898 Ihnen
2856 852 3070 912 würklich
3106 867 3383 927 beschloßen,

2130 911 2208 971 vnd
2248 911 2306 971 in
2326 915 2502 975 Schrifft
2541 926 2717 986 verfaßet
2746 939 2951 999 worden,
2981 951 3078 1011 von
3127 964 3284 1024 Wem,
3313 975 3430 1035 Weßen

2121 1006 2325 1066 zuhalten,
2355 1007 2452 1067 und
2471 1011 2559 1071 wo
2588 1017 2734 1077 solcher
2753 1024 2850 1084 lige
2899 1031 2938 1091 6.
2967 1037 3094 1097 C.
3113 1044 3201 1104 In
3239 1051 3327 1111 wie
3356 1057 3434 1117 weit

2124 1094 2318 1154 allfählig
2337 1096 2420 1156 der
2457 1101 2642 1161 Duset
2670 1107 2763 1167 sich
2791 1117 2920 1177 hierin
2957 1128 3161 1188 heraus
3161 1143 3430 1203 gelaßen,

2127 1192 2212 1252 und
2233 1195 2563 1255 ergagieret.
2573 1209 2966 1269 Worzu
2998 1223 3072 1283 die
3083 1236 3380 1296 beschwohrne

2119 1294 2265 1354 Eyden
2304 1296 2440 1356 einen
2479 1298 2624 1358 Jeden,
2644 1301 2721 1361 der
2741 1303 2799 1363 in
2838 1306 2916 1366 den
2945 1315 3187 1375 Comploto
3207 1328 3459 1388 getretten,

2136 1383 2237 1443 oder
2265 1389 2385 1449 deme
2422 1393 2486 1453 Sie
2523 1396 2606 1456 von
2643 1399 2781 1459 denen
2818 1403 2956 1463 Sachen
2984 1409 3196 1469 geredet,
3224 1419 3482 1479 verbunden,

2132 1471 2214 1531 vnd
2242 1475 2343 1535 Wie
2371 1479 2490 1539 solche
2518 1486 2729 1546 verbotum
2784 1493 2968 1553 lauten
2987 1499 3170 1559 te:
3180 1504 3262 1564 Ob
3290 1507 3428 1567 nicht¬

2138 1558 2222 1618 vnd
2250 1561 2427 1621 welcher
2465 1569 2623 1629 Ohrten
2651 1575 2745 1635 Sie
2773 1580 2857 1640 zur
2894 1589 3118 1649 Vorsorge
3165 1601 3435 1661 Waßen¬

2135 1654 2331 1714 Plate
2362 1654 2517 1714 allhier
2538 1662 2796 1722 bestint,
2807 1672 2931 1732 wer
2962 1679 3096 1739 Ihnen
3138 1688 3293 1748 darzu
3324 1693 3458 1753 Vor¬

2119 1742 2236 1802 schub
2268 1742 2459 1802 gethan,
2469 1746 2586 1806 und
2607 1753 2851 1813 endtlichen
2873 1761 2958 1821 5.
2958 1766 3074 1826 Ob
3096 1773 3212 1833 und
3255 1781 3372 1841 was
3372 1786 3456 1846 fur

2116 1848 2536 1908 Porrespondentzen
2575 1854 2615 1914 in
2645 1855 2765 1915 und
2775 1856 2985 1916 Außert
3005 1859 3194 1919 Landts,
3224 1867 3294 1927 mit
3324 1877 3464 1937 dem¬

2139 1930 2270 1990 vnd
2303 1938 2346 1998 in
2357 1942 2477 2002 das
2510 1947 2684 2007 Absehen
2717 1951 3044 2011 gehalten:
3055 1954 3174 2014 Ich
3196 1959 3283 2019 nach
3327 1965 3403 2025 ge¬

2125 2020 2412 2080 taltsame
2451 2028 2560 2088 nun
2580 2032 2768 2092 deßen,
2768 2036 2817 2096 so
2847 2039 2926 2099 sie
2955 2045 3212 2105 angeben,
3222 2053 3469 2113 überlaßen

2128 2110 2207 2170 Ihr
2218 2111 2342 2171 Gn.
2376 2113 2522 2173 Ihrer
2545 2116 2759 2176 Mhhl.
2793 2123 3041 2183 Weißheit,
3074 2130 3198 2190 dabey
3232 2134 3277 2194 zu
3300 2138 3446 2198 sub¬

2126 2200 2396 2260 potieren,
2405 2203 2515 2263 oder
2549 2205 2616 2265 die
2650 2210 2895 2270 würkliche
2929 2217 3098 2277 Tortur
3140 2223 3200 2283 an
3250 2228 3352 2288 dem

2134 2299 2302 2359 einen
2356 2299 2577 2359 Anderen
2612 2299 2701 2359 und
2736 2299 2904 2359 dritten
2922 2302 3241 2362 anwenden,
3249 2312 3373 2372 und

2137 2387 2199 2447 in
2250 2387 2332 2447 dem
2384 2387 2559 2447 gradu
2610 2387 2908 2447 applicieren
2949 2389 3001 2449 zu
3032 2392 3227 2452 laßen,
3237 2396 3279 2456 so
3299 2400 3381 2460 Ihr

2138 2477 2443 2537 angemeßen
2463 2477 2636 2537 finden
2677 2476 2931 2536 möget.

3242 2563 3324 2623 der
