4032 3024
541 512 604 572 130

990 591 1426 651 Montags
1457 579 1519 639 den
1519 577 1628 637 5ten
1675 579 1783 639 Ao.
1799 586 1892 646 1699.

791 724 1004 784 Urtheil
1017 718 1142 778 über
1167 711 1405 771 Haubtman
1455 704 1756 764 Alexander
1756 706 1956 766 Herbor¬

810 880 843 940 N.

725 932 897 992 zur
995 918 1290 978 Schultzeit
1363 904 1523 964 kein
1572 899 1695 959 und
1707 901 1904 961 Große¬

795 1007 931 1067 Raht
961 1004 1029 1064 der
1068 999 1194 1059 Statt
1204 993 1311 1053 hern
1369 983 1613 1043 Vrkunden
1642 980 1768 1040 hiemit

803 1073 965 1133 Alsdan
983 1070 1100 1130 Wir
1127 1068 1208 1128 bey
1226 1066 1361 1126 Eyden
1389 1062 1677 1122 verstandet,
1686 1061 1893 1121 Vnseren

791 1143 943 1203 Burger
970 1137 1254 1197 Alexander
1272 1131 1477 1191 Herbert
1513 1124 1789 1184 Haubtman
1833 1124 1878 1184 in

794 1217 984 1277 diensten
1037 1214 1132 1274 Ihro
1164 1210 1270 1270 Hoch
1301 1205 1513 1265 Magenden
1566 1198 1629 1258 der
1639 1196 1756 1256 Hhl.
1756 1192 1914 1252 Standen

804 1290 1049 1350 Generalen
1100 1286 1201 1346 nach
1218 1283 1446 1343 nunmehro
1480 1277 1826 1337 eingetroffenem

786 1369 903 1429 Ihme
930 1358 1217 1418 angesetzten
1244 1355 1468 1415 Termino
1512 1355 1692 1415 sacali,
1710 1354 1952 1414 peremtorie

809 1439 1016 1499 culieren,
1025 1436 1116 1496 und
1152 1435 1269 1495 durch
1296 1432 1540 1492 offentliche
1567 1428 1919 1488 proclamation

795 1516 1004 1576 nochmahlen
1064 1513 1253 1573 vorladen
1303 1511 1502 1571 laßen,
1512 1509 1591 1569 daß
1631 1507 1681 1567 Er
1711 1505 1790 1565 sich
1800 1503 1860 1563 in

797 1595 929 1655 Recht
962 1598 1139 1658 stellen,
1172 1597 1261 1657 und
1283 1595 1383 1655 alda
1394 1591 1615 1651 entladen
1637 1585 1769 1645 solle,
1792 1581 1935 1641 jenigen

795 1676 1067 1736 Anklagten
1122 1675 1230 1735 uns
1274 1671 1643 1731 beschuldigungen,
1665 1665 1719 1725 mit
1763 1660 1915 1720 welchen

805 1748 841 1808 Er
885 1748 1001 1808 durch
1028 1748 1090 1808 die
1116 1748 1463 1808 depositionen
1508 1745 1579 1805 und
1605 1739 1890 1799 Vergicht¬

802 1825 948 1885 derer
993 1823 1066 1883 von
1103 1820 1203 1880 Uns
1239 1817 1403 1877 allschen
1449 1813 1531 1873 und
1549 1810 1759 1870 würcklich
1777 1804 1987 1864 quotificierten

813 1906 883 1966 uns
903 1903 1175 1963 bestraffter
1195 1895 1436 1955 onopirati
1567 1888 1778 1948 gravert
1818 1885 1969 1945 wied¬

737 2105 907 2165 Da
918 2094 1031 2154 aber
1065 2087 1178 2147 anoch
1212 2086 1439 2146 dißmahlen
1496 2083 1677 2143 selbiger
1711 2073 1971 2133 ausgeblieben

805 2175 950 2235 mithin
984 2173 1118 2233 durch
1129 2171 1297 2231 solliche
1331 2167 1622 2227 Ausführung
1656 2161 1723 2221 sein
1768 2155 1958 2215 schuldiges

797 2246 1027 2306 Gewißen
1062 2242 1274 2302 genugsam
1336 2239 1389 2299 am
1433 2237 1548 2297 tage
1583 2236 1733 2296 lieget,
1742 2234 1910 2294 Haben

808 2326 920 2386 Wir
951 2324 1063 2384 Uns
1073 2322 1257 2382 referieren
1308 2320 1503 2380 laßen,
1513 2317 1615 2377 das
1615 2314 1779 2374 jenige
1819 2310 1860 2370 so
1881 2307 1922 2367 in

806 2398 872 2458 der
905 2395 960 2455 mit
1015 2392 1212 2452 gedeuten,
1212 2390 1541 2450 Conspiranten
1574 2387 1859 2447 verführten

804 2474 1060 2534 Criminal
1109 2476 1402 2536 Procedur,
1427 2476 1488 2536 zu
1524 2476 1683 2536 seiner
1708 2472 1915 2532 Rost¬

817 2552 899 2612 nus
910 2548 1259 2608 Mitschuldigung
1305 2543 1457 2603 heraus
1491 2545 1701 2605 gekomen

3408 453 3445 513 15

2294 568 2559 628 Obwohlen
2596 562 2704 622 Wir
2728 562 2825 622 nun
2861 565 2958 625 aus
2982 568 3127 628 diesem
3163 574 3477 634 höchstniß¬

2313 649 2448 709 fällig
2496 638 2718 698 vernemen
2757 635 2844 695 und
2876 637 3043 697 erstehen
3074 639 3320 699 mueßen,
3328 640 3431 700 was

2318 716 2502 776 maßen
2551 707 2764 767 gedeuten
2783 704 3103 764 Alexander
3132 706 3335 766 Herbort
3374 709 3461 769 sich

2326 797 2440 857 auch
2450 786 2751 846 impliciert
2792 782 2979 842 befindet,
3031 783 3072 843 in
3104 784 3197 844 dem
3218 786 3435 846 Complo¬

2319 876 2527 936 welcher
2548 869 2610 929 in
2641 865 2756 925 lest
2808 862 3141 922 abgewichenen
3182 860 3318 920 Tagen

2327 951 2470 1011 oder
2490 946 2684 1006 Vnsere
2725 938 2970 998 Regierung
2991 933 3073 993 uns
3124 929 3236 989 denen
3277 926 3440 986 Ehren¬

2323 1025 2516 1085 wieder
2556 1020 2770 1080 gescheidet,
2800 1014 2851 1074 und
2902 1009 3146 1069 ausgeführt
3197 1008 3370 1068 werden

2335 1094 2528 1154 wollen;
2537 1090 2731 1150 haben
2777 1087 2888 1147 Wir
2915 1084 3053 1144 denoch
3081 1081 3293 1141 ohngeacht
3339 1081 3459 1141 der¬

2328 1164 2632 1224 hartnackigen
2678 1153 2946 1213 Außerung
2992 1150 3056 1210 der
3093 1148 3462 1208 Delinquenten

2338 1237 2601 1297 denselbigen
2643 1232 2727 1292 mit
2769 1229 3000 1289 gerechter
3021 1228 3378 1288 Strengigkeit

2335 1309 2447 1369 nicht
2494 1312 2728 1372 ansehen,
2738 1310 2953 1370 sonderen
3000 1307 3103 1367 nach
3140 1306 3468 1366 Mausgebung

2332 1391 2543 1451 Unserer
2585 1388 2627 1448 in
2648 1387 2785 1447 diesem
2816 1385 3006 1445 leidigen
3069 1385 3248 1445 Vorfahl
3290 1389 3395 1449 biß

2339 1467 2486 1527 anhero
2497 1462 2768 1522 bezeugter
2802 1460 2994 1520 großen
2994 1460 3231 1520 plement,
3254 1461 3367 1521 Und
3412 1462 3503 1522 zue

2336 1536 2477 1596 Gnade
2517 1535 2739 1595 gelenet,
2770 1534 2911 1594 mithin

2656 1652 2872 1712 Exerit

2345 1751 2396 1811 Es
2421 1750 2522 1810 solle
2534 1744 2850 1804 obgenanter
2887 1734 3228 1794 Alexander
3291 1724 3505 1784 Herbert

2330 1855 2506 1915 Zehen
2576 1844 2717 1904 Jahr
2752 1837 2870 1897 lang
2893 1833 2987 1893 von
3034 1826 3257 1886 Unserer
3280 1822 3479 1882 Statten

2347 1938 2421 1998 aus
2449 1933 2634 1993 Landen
2662 1929 2911 1989 banciert,
2967 1923 3106 1983 Wie
3134 1919 3235 1979 auch
3254 1915 3337 1975 von
3365 1909 3513 1969 Statt

2352 2005 2428 2065 vnd
2439 2007 2601 2067 Landen
2644 2006 2784 2066 Lobl.
2784 2006 2903 2066 Eys
2903 2004 3173 2064 Gutschafft
3206 2001 3281 2061 und
3292 1999 3551 2059 zugewandten

2357 2083 2553 2143 Ohrten,
2588 2086 2692 2146 auch
2692 2087 2819 2147 dero
2842 2087 3188 2147 Verbündeten,
3188 2087 3281 2147 Als
3327 2089 3546 2149 dißthund

2353 2167 2514 2227 Basel,
2525 2165 2856 2225 Neuwenburg,
2889 2165 3231 2225 Müllhausen,
3263 2165 3424 2225 Geist¬

2343 2238 2521 2298 Wollis
2555 2237 2644 2297 und
2678 2240 2868 2300 Puncten
2923 2245 3169 2305 verwießen
3214 2248 3314 2308 seyn

2295 2438 2504 2498 Nach
2525 2438 2860 2498 Verfließung
2892 2437 3007 2497 aber
3039 2435 3185 2495 dieses
3206 2430 3552 2490 anigation

2309 2519 2586 2579 Termins
2622 2519 2730 2579 wird
2766 2519 2827 2579 Er
2851 2519 3116 2579 Herbort
3152 2518 3212 2578 auf
3272 2515 3561 2575 Vorweisung
