4032 3024
347 374 409 434 28

518 509 738 569 schreckt,
775 507 861 567 und
897 506 1105 566 Gemeine
1142 506 1265 566 Kuh
1289 508 1375 568 uns
1387 510 1632 570 Sicherheit
1669 517 1816 577 unter¬

540 598 628 658 dem
672 599 827 659 kegen
871 601 948 661 des
992 604 1335 664 Allerhöchsten
1379 609 1577 669 erhalten
1633 618 1831 678 werde;

536 691 663 751 Uns
674 691 865 751 obwohlen
929 693 1035 753 Wir
1066 695 1172 755 nach
1194 699 1353 759 Aller
1385 705 1565 765 Schärfe
1618 714 1745 774 der

504 778 849 838 Constitutionen
881 787 1129 847 dieseschwehre
1172 792 1387 852 Verbrechen
1452 798 1505 858 mit
1548 802 1764 862 gerechter

540 871 861 931 Strengigkeit
883 875 1028 935 hatten,
1050 881 1338 941 bestraaffen
1394 889 1549 949 konen,
1593 896 1749 956 haben

529 967 668 1027 Wir
690 967 829 1027 denoch
850 968 936 1028 nach
968 976 1332 1036 angebohrner
1375 986 1578 1046 Unserer
1578 991 1813 1051 Mildiget

533 1061 588 1121 zu
601 1063 764 1123 Recht
778 1066 941 1126 Erten
1009 1074 1118 1134 und
1132 1084 1458 1144 Gesprochen

441 1194 657 1254 daß
692 1185 943 1245 obgedachte
991 1183 1099 1243 drey
1123 1184 1481 1244 Mißethater
1505 1189 1768 1249 Samuel

516 1285 775 1345 claus
857 1283 1198 1343 Berner,
1210 1285 1492 1345 Samuel
1562 1290 1785 1350 Henni¬

523 1372 625 1432 und
648 1373 954 1433 Emanne
1022 1378 1282 1438 Gueter,
1316 1379 1464 1439 (nach
1486 1379 1656 1439 zuvor

527 1462 757 1522 gethaner
769 1468 1071 1528 empfehlung
1095 1471 1265 1531 Ihrer
1289 1472 1483 1532 Namen
1483 1472 1652 1532 Seelen
1689 1472 1737 1532 in

521 1563 634 1623 die
655 1567 975 1627 erbarmende
996 1573 1140 1633 hände
1181 1576 1305 1636 ihres
1336 1576 1512 1636 Theuren
1563 1574 1780 1634 Erlösers

506 1663 588 1723 zu
619 1669 1022 1729 wolverdienter
1063 1672 1290 1732 Straaff,
1321 1672 1506 1732 anderen
1548 1670 1630 1730 zum
1671 1667 1826 1727 Abscheu¬

507 1757 614 1817 uns
638 1759 874 1819 Schreden,
898 1760 969 1820 dem
1028 1765 1372 1825 ScharfRichter
1396 1768 1680 1828 übergeben,
1715 1768 1763 1828 von

505 1847 645 1907 Ihme
685 1846 916 1906 gebunden,
947 1847 1067 1907 Oben
1117 1849 1218 1909 auch
1268 1850 1358 1910 auf
1378 1850 1469 1910 den
1519 1852 1770 1912 gewohnten

502 1941 768 2001 Richtlich
794 1945 980 2005 geführt,
1007 1946 1113 2006 und
1166 1945 1365 2005 daselbst
1392 1941 1578 2001 Ihnen,
1591 1937 1711 1997 und
1737 1932 1817 1992 zwar

508 2032 673 2092 erstlich
685 2036 779 2096 dem
838 2040 1086 2100 Werner,
1121 2042 1310 2102 hernach
1310 2042 1392 2102 dem
1416 2044 1581 2104 heuti,
1616 2044 1734 2104 und

504 2126 681 2186 endtlich
716 2129 787 2189 dem
846 2131 1046 2191 Furter
1093 2131 1164 2191 mit
1223 2131 1317 2191 dem
1353 2132 1518 2192 Schwert
1553 2132 1659 2192 das
1683 2133 1812 2193 haubt¬

495 2230 885 2290 abgeschlagen,
898 2230 1036 2290 dem
1087 2231 1288 2291 Fueter
1326 2231 1439 2291 dan
1477 2229 1615 2289 auch
1653 2225 1766 2285 vor¬

496 2327 661 2387 seiner
687 2326 1067 2386 enthaubtung
1105 2329 1169 2389 die
1182 2329 1397 2389 Rechte
1410 2326 1562 2386 Hans
1600 2322 1765 2382 abge¬

485 2428 732 2488 thanen,
745 2428 863 2488 Ihre
876 2428 1163 2488 enthalte
1163 2428 1359 2488 Cörper
1411 2425 1528 2485 aber
1580 2418 1789 2478 nachdert

502 2524 570 2584 an
597 2524 678 2584 das
691 2525 1002 2585 Verschmachte
1016 2527 1151 2587 Ohrt,
1191 2525 1448 2585 verscharret
1475 2521 1664 2581 werden
1691 2513 1853 2573 sollen.

485 2634 673 2694 Actum
748 2634 910 2694 coram
973 2635 1085 2695 200.
1123 2635 1198 2695 den
1223 2635 1273 2695 16
1373 2634 1486 2694 Julÿ
1523 2630 1673 2690 1669.

3319 464 3375 524 29

2267 496 2630 556 Vortrag
2681 493 2716 553 den
2768 498 2802 558 11.
2906 509 3027 569 Julÿ
3044 514 3182 574 1699.

2045 707 2298 767 Wedell
2298 704 2377 764 dan
2425 706 2662 766 Mhhl.
2662 711 2772 771 die
2788 719 3010 779 Gescheinen
3041 727 3231 787 Raht,
3247 730 3341 790 dan

2040 806 2276 866 Gunter
2316 807 2447 867 denen
2486 810 2526 870 in
2565 813 2775 873 bekant,
2775 818 3051 878 traurigen
3091 820 3406 880 Umbständen

2088 907 2286 967 genommen
2400 909 2683 969 Vorsorgen,
2683 912 2825 972 diese
2853 915 3009 975 zuruck
3037 915 3293 975 geblieben,
3307 911 3392 971 daß

2084 1007 2252 1067 Jenige
2297 1009 2387 1069 der
2432 1013 2680 1073 angebuen
2713 1018 2983 1078 Complices,
3017 1015 3186 1075 welche
3197 1007 3287 1067 vor¬

2082 1120 2232 1180 Ihrer
2262 1120 2577 1180 Behendigung
2607 1120 2922 1180 ausgeleichen,
2937 1118 3027 1178 und
3057 1117 3162 1177 Ihnen
3192 1113 3297 1173 Mut¬

2095 1223 2176 1283 aus
2199 1225 2268 1285 in
2303 1225 2465 1285 handen
2488 1223 2719 1283 habender
2765 1222 2915 1282 Kiste
2962 1222 3169 1282 bekantt,
3204 1222 3297 1282 nicht
3343 1222 3401 1282 nur

2091 1319 2293 1379 kanttlich
2304 1318 2663 1378 proscribierte,
2696 1318 2876 1378 sonderen
2943 1318 3055 1378 auch
3066 1318 3156 1378 die
3190 1320 3246 1380 in
3268 1321 3391 1381 der¬

2079 1418 2235 1478 gleichen
2270 1415 2413 1475 fahlen
2473 1415 2640 1475 übliche
2688 1420 2974 1480 Procedur
3022 1423 3105 1483 und
3141 1423 3332 1483 Urtheil

2084 1507 2149 1567 in
2170 1504 2493 1564 contumaciam
2568 1507 2858 1567 ausgefällt,
2890 1510 2976 1570 wie
3008 1511 3105 1571 auch
3126 1513 3363 1573 überlegt

2086 1598 2277 1658 werde,
2290 1600 2354 1660 ob
2379 1600 2481 1660 nicht
2494 1602 2596 1662 und
2634 1604 2711 1664 von
2774 1606 2863 1666 viel
2914 1607 2991 1667 auf
3042 1609 3118 1669 den
3144 1609 3373 1669 Kopfs¬

2078 1689 2176 1749 des
2206 1688 2324 1748 einen
2373 1689 2461 1749 und
2471 1691 2677 1751 anderen
2726 1696 2903 1756 gebotten
2952 1705 3158 1765 werde?
3168 1711 3325 1771 Als

2068 1786 2302 1846 habens,
2318 1784 2396 1844 Ihr
2427 1786 2629 1846 Judic:
2645 1788 2739 1848 Sie
2770 1794 2973 1854 Mhhl.
3019 1802 3238 1862 freundtlich
3253 1807 3425 1867 ersuchen,

2078 1889 2308 1949 wollen,
2318 1888 2448 1948 von
2468 1888 2568 1948 nun
2628 1889 2688 1949 an
2718 1891 2939 1951 hierüber
2979 1899 3309 1959 Nachdenkens
3329 1909 3389 1969 zu

2065 1983 2296 2043 halten,
2321 1982 2430 2042 was
2455 1981 2516 2041 zu
2528 1981 2662 2041 thun,
2711 1980 2796 2040 und
2808 1982 3150 2042 angenoßen
3186 1999 3369 2059 sey?

2085 2086 2362 2146 vorgültig
2405 2083 2464 2143 zu
2493 2081 2740 2141 gerahten,
2770 2082 2842 2142 und
2857 2083 3003 2143 dero
3017 2089 3192 2149 befinden
3221 2106 3396 2166 Malle¬

2056 2191 2147 2251 zu
2162 2188 2406 2248 weiteren
2482 2183 2801 2243 Verordnung
2816 2185 2907 2245 zu
2938 2188 3212 2248 referieren
