4032 3024
544 509 624 569 198

1253 695 1575 755 Cantzel

1226 782 1466 842 Ansehend

828 898 941 958 die
972 895 1033 955 im
1075 893 1208 953 Julio
1239 891 1455 951 1719.
1465 888 1537 948 in
1609 883 1733 943 der

1137 1072 1353 1132 Statt
1425 1077 1587 1137 Bern

1255 1166 1480 1226 entdeckte

1084 1328 1572 1388 Conspiration

730 1572 1030 1632 der
1082 1562 1447 1622 Guthes
1552 1556 1722 1616 Klein
1761 1551 1904 1611 und

825 1657 969 1717 Gro
1000 1654 1165 1714 Raht
1226 1652 1319 1712 der
1350 1652 1535 1712 Statt
1556 1652 1669 1712 und
1710 1651 1968 1711 Respubli

841 1738 972 1798 Hern
1038 1736 1141 1796 thun
1179 1734 1310 1794 kuns
1319 1733 1413 1793 und
1441 1732 1601 1792 fuegen
1638 1730 1685 1790 zu
1704 1726 1891 1786 laen

818 1820 977 1880 hiemit
1009 1819 1136 1879 dieser
1178 1817 1294 1877 offnen
1337 1814 1506 1874 Schrifft
1527 1808 1855 1868 Jedermnniglich

817 1897 900 1957 Ins
933 1894 1139 1954 besondern
1189 1892 1297 1952 aber
1346 1891 1545 1951 Vnseren
1570 1888 1793 1948 Getreuen
1826 1884 1950 1944 Lieben

823 1987 1114 2047 Vngehorigen
1156 1981 1208 2041 zu
1228 1978 1384 2038 Statt
1416 1975 1488 2035 und
1509 1975 1707 2035 Lande

837 2171 1081 2231 Demnach
1112 2167 1183 2227 der
1204 2167 1540 2227 Allmachtige
1571 2168 1754 2228 Erund
1754 2165 1927 2225 guetiget

844 2243 884 2303 von
924 2242 1103 2302 Anfang
1133 2242 1331 2302 Unserer
1361 2242 1570 2302 gemeinen
1620 2243 1799 2303 Westens
1818 2243 1898 2303 bi

837 2323 929 2383 auch
940 2323 1248 2383 gegenwartige
1300 2321 1382 2381 Zeit
1403 2320 1454 2380 mit
1495 2320 1722 2380 ohnfehlichen
1742 2320 1928 2380 guthaten

833 2399 953 2459 Aus
994 2398 1236 2458 bestetiget,
1246 2395 1528 2455 Insonderheit
1568 2395 1659 2455 nun
1669 2396 1870 2456 solange
1900 2398 1991 2458 Jahre

830 2474 1053 2534 beschwehret
1082 2471 1130 2531 hat
1179 2469 1246 2529 den
1266 2468 1391 2528 eilen
1450 2467 1614 2527 frieden
1643 2468 1721 2528 und
1759 2472 1885 2532 Kuhe
1914 2476 1962 2536 von

823 2557 1041 2617 Aueren
1072 2554 1332 2614 Feinden,
1342 2555 1560 2615 Zuerliche
1591 2558 1788 2618 Kriegen
1851 2561 1934 2621 und

2341 574 2506 634 Ohnruhe
2540 568 2617 628 dan
2672 565 2772 625 auch
2794 564 3004 624 gndigst
3037 562 3125 622 von
3170 560 3280 620 Uns
3291 554 3523 614 abgewande

2303 658 2369 718 Ja
2402 655 2587 715 vielmehr
2620 652 2685 712 die
2718 650 2903 710 Hertzen
2936 649 3143 709 Unserer
3176 647 3350 707 wehrten

2313 736 2603 796 Mitburgeren
2655 730 2717 790 und
2758 725 3069 785 Unterthanen
3121 718 3173 778 in
3214 715 3266 775 ohn
3287 713 3473 773 ausge

2327 815 2478 875 Peter
2509 811 2630 871 Liebe
2671 808 2752 868 und
2772 803 2934 863 Iren
2964 798 3035 858 also
3075 793 3217 853 gegen
3257 790 3399 850 Uns

2329 893 2558 953 gelancket,
2587 888 2677 948 da
2726 885 2924 945 hinwider
2964 881 3153 941 Vnsere
3192 874 3470 934 Regierung

2331 977 2416 1037 mit
2463 975 2623 1035 Landes
2661 968 2935 1028 Vatterlicher
2982 962 3104 1022 Guld
3114 959 3218 1019 und
3246 956 3529 1016 Mildigkeit

2333 1054 2576 1114 gefhret,
2587 1048 2790 1108 dieselbe
2810 1044 2901 1104 dan
2952 1040 3064 1100 auch
3084 1038 3135 1098 von
3196 1035 3308 1095 Ihme
3358 1031 3440 1091 mit

2338 1143 2458 1203 Macht
2494 1137 2590 1197 und
2614 1132 2722 1192 Ihre
2746 1129 2950 1189 bekennet
3010 1124 3154 1184 worden

2335 1294 2508 1354 Damit
2557 1293 2669 1353 aber
2669 1291 2780 1351 sohne
2829 1286 2990 1346 Zweifel
3027 1282 3101 1342 zu
3138 1280 3274 1340 mehrer
3398 1276 3571 1336 empfand

2336 1374 2417 1434 gung
2452 1376 2568 1436 keines
2614 1376 2788 1436 Gnaden
2811 1375 2996 1435 Schutzes,
3031 1373 3112 1433 und
3135 1372 3262 1432 aller
3309 1369 3447 1429 seine

2338 1456 2546 1516 Butthaten
2598 1454 2702 1514 auch
2733 1453 2796 1513 zu
2817 1453 3087 1513 fleckung
3108 1453 3316 1513 Vnserer
3347 1452 3389 1512 so
3399 1451 3545 1511 schuldige

2350 1537 2636 1597 Danckbahrkeit
2693 1531 2796 1591 wir
2830 1529 3035 1589 gebracht
3070 1529 3321 1589 werden;
3333 1531 3413 1591 So
3413 1534 3481 1594 hat

2342 1613 2431 1673 der
2453 1609 2743 1669 Allerhchste
2765 1609 2943 1669 geschehen
2999 1610 3177 1670 laen,
3199 1610 3277 1670 da
3310 1610 3388 1670 der
3411 1610 3533 1670 feind

2353 1694 2436 1754 de
2477 1691 2673 1751 friedens
2694 1691 2797 1751 auch
2818 1691 2880 1751 in
2921 1693 3139 1753 Unserer
3201 1693 3356 1753 Haubt
3366 1691 3521 1751 und

2351 1773 2509 1833 Vatter
2525 1771 2650 1831 Statt
2675 1769 2824 1829 seinen
2874 1769 2949 1829 Geist
2982 1769 3049 1829 und
3099 1769 3281 1829 Saamen
3331 1768 3431 1828 der

2350 1850 2606 1910 Vertracht
2649 1849 2948 1909 aussagen,
2959 1847 3065 1907 und
3097 1848 3172 1908 eine
3204 1849 3375 1909 Anzahl
3417 1852 3513 1912 deren

2358 1936 2545 1996 burgeren
2592 1930 2662 1990 zu
2698 1927 2920 1987 emporung
2978 1925 3049 1985 und
3119 1927 3388 1987 Auruhr,
3423 1935 3552 1995 mithin

2347 2017 2402 2077 zu
2424 2014 2689 2074 Allerhand
2712 2005 3165 2065 gewaltthttigen
3209 2003 3287 2063 und
3331 2008 3563 2068 Verdanck

2363 2093 2569 2153 Anschlagen
2641 2095 2765 2155 wider
2806 2095 2909 2155 Uns
2930 2098 3043 2158 und
3084 2099 3270 2159 Vnsere
3291 2102 3548 2162 rechtmige

2347 2171 2605 2231 Regierung
2625 2172 2677 2232 in
2698 2173 2821 2233 lebst
2863 2178 3183 2238 abgewichenen
3244 2185 3399 2245 Tagen
3451 2191 3564 2251 ver

2362 2246 2505 2306 leiten
2539 2246 2716 2306 mgen.

2372 2359 2540 2419 Nun
2540 2356 2695 2416 hatten
2709 2356 2849 2416 Wir
2878 2358 3173 2418 gewunschet,
3187 2360 3299 2420 solch
3299 2362 3538 2422 straubige

2369 2441 2639 2501 begegnu,
2651 2440 2730 2500 und
2763 2441 2932 2501 unter
2955 2447 3282 2507 Eydgnosischen
3327 2457 3564 2517 Nahmen,

2369 2512 2420 2572 mit
2484 2512 2688 2572 erhrte
2727 2517 3046 2577 Freuleigkeit
3097 2523 3148 2583 in
3186 2525 3275 2585 den
3314 2530 3530 2590 Abgenug
