4032 3024
503 484 573 544 82

697 610 770 670 vnd
807 606 1015 666 Wahrheit
1064 602 1125 662 zu
1138 599 1383 659 leisten,
1407 598 1554 658 Ihren
1628 598 1750 658 Nutz
1787 599 1860 659 zu

691 705 944 765 furderen,
977 700 1066 760 und
1110 697 1298 757 Schaden
1342 697 1397 757 zu
1408 697 1618 757 wenden,
1640 702 1750 762 und
1772 706 1838 766 ob

699 803 773 863 wie
794 805 920 865 etwas
962 803 1119 863 hören,
1151 802 1287 862 sehen
1319 801 1434 861 oder
1455 802 1791 862 vernemen,
1802 808 1886 868 das

697 907 850 967 dero
850 905 1133 965 Regierung,
1169 903 1263 963 oder
1298 902 1463 962 Stadt-
1475 902 1557 962 und
1569 904 1769 964 Landen¬

690 1009 844 1069 mehr
891 1007 1068 1067 kunner
1104 1007 1210 1067 und
1257 1008 1493 1068 Nachtheil
1529 1012 1730 1072 gebuhren
1777 1020 1954 1080 möchte,

693 1116 870 1176 solches
882 1113 1118 1173 behoriger
1153 1114 1318 1174 Ohrten
1389 1118 1707 1178 unterzüglich
1731 1120 1849 1180 und

693 1221 918 1281 ohnverhalt
1008 1222 1245 1282 anzuzeigen
1324 1223 1425 1283 und
1459 1223 1515 1283 zu
1549 1228 1910 1288 offenbahren,

699 1329 828 1389 ohne
860 1328 1064 1388 Jemandt
1117 1331 1257 1391 hierin
1310 1333 1364 1393 zu
1396 1332 1653 1392 schonen.

678 1502 965 1562 Nicht
987 1510 1186 1570 weniger
1219 1511 1462 1571 Schwerend
1495 1511 1584 1571 und
1606 1513 1860 1573 gelobend

690 1594 817 1654 wir,
845 1600 982 1660 aller
1000 1605 1402 1665 unerlaubten,
1411 1606 1502 1666 und
1548 1607 1703 1667 solcher
1731 1609 1950 1669 Versamb

700 1704 925 1764 lungen,
959 1708 1027 1768 da
1061 1711 1196 1771 etwas
1219 1712 1500 1772 verdächtiger
1512 1712 1613 1772 und
1624 1709 1906 1769 gefährliches

691 1811 872 1871 wieder
883 1815 1085 1875 unsere
1117 1820 1330 1880 Gnädige
1383 1823 1617 1883 Obrigkeit,
1649 1822 1809 1882 wieder
1830 1818 1926 1878 dero¬

694 1923 829 1983 Ihren
866 1929 1148 1989 Persohnen,
1148 1930 1258 1990 oder
1270 1930 1393 1990 dero
1393 1927 1688 1987 Regierung,
1724 1924 1835 1984 und

692 2027 860 2087 wieder
884 2030 980 2090 die
1016 2033 1280 2093 Religion
1328 2032 1568 2092 vorgehen,
1592 2030 1736 2090 geredt
1748 2026 1868 2086 oder

694 2125 926 2185 gehandet
968 2131 1115 2191 werden
1168 2134 1347 2194 mochte,
1347 2135 1463 2195 vnß
1505 2135 1589 2195 ein,
1621 2134 1684 2194 vor
1705 2131 1915 2191 Allemahl

677 2225 738 2285 zu
750 2227 1081 2287 mueßigen,
1118 2232 1229 2292 und
1253 2235 1339 2295 und
1339 2236 1535 2296 gemein
1609 2239 1744 2299 alles
1744 2237 1854 2297 das
1854 2235 1915 2295 zu

684 2327 816 2387 thun,
852 2329 936 2389 und
960 2331 1127 2391 besten
1151 2333 1402 2393 Vermögen
1450 2335 1522 2395 zu
1546 2332 1821 2392 erstatten,
1833 2327 1893 2387 was

680 2416 914 2476 Promen,
936 2421 1181 2481 Getreuwen
1248 2425 1359 2485 und
1393 2429 1683 2489 Gehorsamen
1727 2425 1917 2485 Burgern

682 2525 762 2585 wohl
785 2524 956 2584 austeht
1002 2522 1070 2582 und
1116 2525 1356 2585 gebühret:

1443 2528 1567 2588 alle
1590 2527 1759 2587 gefehr
1793 2521 1894 2581 und

685 2621 884 2681 Arglist
923 2621 1280 2681 vermuten,

3373 445 3420 505 83.

2409 479 2702 539 Mitwochen
2735 479 2822 539 den
2843 479 2919 539 13.
2952 479 3136 539 Aug.
3136 478 3288 538 1149.

2598 554 2742 614 coram
2787 560 3057 620 Duentio¬

2234 712 2360 772 Jud.
2387 706 2441 766 an
2477 702 2558 762 H.
2567 698 2838 758 GroßWeibel
2874 694 2973 754 und
3000 693 3082 753 H.
3091 687 3415 747 Gerichtschreiber

2275 777 2435 837 Uber
2477 765 2553 825 das
2586 761 2712 821 durch
2746 758 2822 818 den
2839 757 2973 817 Canal
3024 755 3091 815 H.
3116 754 3276 814 Bitliger
3327 746 3411 806 als

2269 839 2440 899 Vogten
2500 825 2723 885 beschehene
2748 819 2962 879 demütige
3005 811 3253 871 nachterben
3330 797 3416 857 der

2282 901 2419 961 Fraw
2496 889 2667 949 Kupfer
2701 883 2761 943 um
2787 878 3086 938 Bulgenbach,
3112 870 3206 930 daß
3257 860 3343 920 aus
3369 852 3446 912 denen

2283 963 2315 1023 in
2365 955 2512 1015 Ihrer
2561 945 2897 1005 Supplication
2954 931 3273 991 angebrachten
3314 914 3469 974 Gründen

2281 1023 2496 1083 Maghl.
2496 1014 2599 1074 und
2633 1007 2702 1067 E.
2710 1003 2805 1063 G.
2813 1000 2891 1060 und
2916 997 2977 1057 G.
2985 991 3251 1051 gnediges
3303 978 3457 1038 gefallen

2279 1086 2498 1146 möchte,
2521 1074 2657 1134 ihrem
2710 1064 2945 1124 Ehemann,
2967 1057 3058 1117 dem
3119 1044 3406 1104 bandirten

2286 1147 2534 1207 subienne
2570 1129 2862 1189 sublicanten,
2899 1119 2993 1179 den
3023 1112 3198 1172 Termin
3234 1099 3424 1159 seiner

2283 1208 2473 1268 Abreiß
2536 1196 2636 1256 aus
2681 1192 2744 1252 der
2780 1182 3079 1242 Eignoßschafft
3124 1171 3251 1231 umb
3287 1163 3378 1223 dt.
3405 1157 3477 1217 Nah¬

2289 1274 2362 1334 zu
2417 1258 2819 1318 verlängeren,
2828 1246 2947 1306 und
2992 1239 3138 1299 Ihme
3166 1227 3422 1287 gnädigst

2289 1330 2546 1390 verwilliget
2594 1316 2781 1376 werden
2836 1305 3016 1365 möchte,
3065 1292 3397 1352 anlanschen

2278 1402 2400 1462 sich
2441 1393 2489 1453 in
2522 1385 2652 1445 seine
2693 1372 2889 1432 publique
2929 1364 2978 1424 im
3011 1355 3279 1415 Bulgenbach
3328 1341 3426 1401 zu¬

2286 1456 2539 1516 begeben,
2548 1443 2675 1503 umb
2730 1432 2848 1492 alda
2893 1423 3020 1483 seine
3056 1412 3219 1472 Frauw
3256 1403 3310 1463 in
3328 1393 3482 1453 stand

2302 1517 2578 1577 zusetzen,
2601 1503 2683 1563 die
2713 1494 2855 1554 seinen
2899 1482 3079 1542 garben
3116 1470 3310 1530 selbsten
3362 1459 3459 1519 com¬

2280 1583 2502 1643 ponieren
2560 1570 2646 1630 und
2685 1560 2897 1620 zurüsten
2954 1550 3003 1610 zu
3041 1540 3253 1600 können,
3253 1529 3378 1589 furs
3388 1518 3504 1578 ein¬

2288 1647 2416 1707 furs
2455 1636 2662 1696 Andere
2694 1626 2813 1686 dann
2853 1617 2972 1677 seine
3036 1605 3171 1665 copto
3211 1595 3314 1655 und
3354 1585 3489 1645 Ab¬

2272 1710 2555 1770 rechnungen,
2622 1693 2714 1753 mit
2764 1682 2939 1742 dreyen
2989 1661 3356 1721 ocietaten,
3373 1643 3490 1703 denen

2272 1788 2342 1848 Er
2382 1773 2642 1833 subricirt,
2672 1748 2991 1808 reguliren,
3011 1733 3111 1793 und
3131 1723 3251 1783 solche
3281 1714 3461 1774 hernach

2288 1862 2360 1922 als
2422 1842 2619 1902 aequid
2663 1826 2752 1886 und
2779 1814 2949 1874 richtig
2993 1802 3091 1862 dem
3172 1791 3305 1851 Vorst
3341 1781 3484 1841 über¬

2912 1866 3117 1926 abend
3144 1854 3359 1914 Maghl.
3368 1841 3442 1901 und

2294 1919 2441 1979 geben
2476 1906 2544 1966 zu
2555 1892 2725 1952 konnen

2298 1986 2338 2046 E.
2367 1975 2456 2035 G.
2475 1964 2564 2024 und
2564 1958 2613 2018 G.
2662 1947 2751 2007 sich
2780 1940 2829 2000 zu
2859 1931 3006 1991 diesem
3065 1915 3292 1975 begehren
3360 1902 3478 1962 zwar

2278 2044 2318 2104 in
2368 2032 2538 2092 Gnaden
2588 2012 2858 2072 geneiget,
2868 1995 3079 2055 Jedoch
3099 1982 3229 2042 alles
3269 1973 3359 2033 der
3389 1965 3499 2025 bey¬

2275 2110 2549 2170 fünftigen
2593 2086 2844 2146 meinung,
2888 2066 2976 2126 und
3019 2053 3151 2113 under
3205 2038 3337 2098 denen
3380 2028 3501 2088 prae¬

2292 2169 2597 2229 cautionen,
2629 2151 2713 2211 daß
2734 2142 2808 2202 er
2840 2128 3019 2188 Kupfer
3082 2111 3198 2171 alda
3240 2100 3313 2160 und
3345 2091 3503 2151 Sulgen¬

2295 2243 2403 2303 bach
2435 2229 2596 2289 ander
2628 2215 2714 2275 der
2724 2203 2907 2263 Wacht,
2950 2187 3068 2247 eines
3100 2169 3325 2229 Getreiten
3379 2153 3465 2213 und

2305 2308 2492 2368 Zweyen
2559 2284 2772 2344 Soldaten,
2812 2264 2906 2324 die
2932 2251 3026 2311 Ihme
3079 2230 3333 2290 niemahls
3346 2215 3453 2275 an¬

2293 2382 2366 2442 den
2424 2363 2583 2423 Augen
2612 2342 2757 2402 laße,
2786 2327 2873 2387 und
2873 2316 3004 2376 zwar
3048 2303 3091 2363 in
3149 2290 3294 2350 seinen
3323 2275 3497 2335 eigenen

2303 2445 2467 2505 fuhren
2504 2423 2632 2483 solle
2650 2402 2869 2462 verwahret,
2906 2379 3052 2439 und
3070 2363 3216 2423 also
3234 2346 3472 2406 bewachet,

2283 2509 2545 2569 werden,
2562 2487 2677 2547 daß
2709 2469 2857 2529 außert
2923 2446 3037 2506 weib
3070 2433 3152 2493 und
3185 2419 3333 2479 Kindern
3382 2405 3546 2465 niemand

2294 2586 2320 2646 zu
2320 2581 2447 2641 vnd
2575 2543 2932 2603 gesinnen,
2932 2515 3034 2575 als
3034 2487 3467 2547 solches

2284 2650 2553 2710 Personenn,
2611 2625 2688 2685 die
2707 2613 2784 2673 mit
2822 2596 2919 2656 Ihme
2976 2561 3323 2621 abzurechenn
3342 2539 3515 2599 haben

2279 2717 2476 2777 Stade,
2494 2688 2816 2748 verfloßenen,
2852 2653 2977 2713 verman
3031 2633 3138 2693 der
3138 2620 3245 2680 14.
3263 2607 3424 2667 tagen

3487 562 3499 622 2
