4032 3024
700 660 918 720 Wurten
940 661 1112 721 laßen,
1135 660 1204 720 daß
1250 658 1295 718 in
1307 656 1536 716 gütigster
1559 656 1788 716 Milterung
1799 663 1925 723 minder

701 745 878 805 Straff,
911 750 1010 810 welche
1033 749 1232 809 dißfahls
1243 745 1431 805 Unsere
1442 740 1752 800 Tondumental,
1785 751 1929 811 Datzunge¬

708 836 874 896 hieren,
907 833 973 893 Wie

1053 893 1273 953 Erken¬

740 961 786 1021 E.

667 1064 881 1124 Daß
915 1057 1039 1117 Frantz
1084 1052 1242 1112 Dauuel
1276 1050 1434 1110 Roder
1457 1049 1536 1109 der
1536 1051 1784 1111 Kueffer,
1795 1055 1886 1115 Vier¬

689 1144 794 1204 Jahr
794 1142 899 1202 lang
909 1141 1004 1201 mit
1046 1137 1192 1197 denen
1224 1135 1434 1195 Mauren
1465 1135 1538 1195 der
1538 1135 1643 1195 Stadt
1675 1140 1832 1200 Gen¬

700 1223 793 1283 arrest
829 1219 1001 1279 halten,

1028 1225 1160 1285 den

680 1324 815 1384 Daniel
856 1324 1004 1384 Gueter,
1045 1328 1126 1388 drey
1139 1331 1274 1391 Jahr,

687 1406 852 1466 quamuel
898 1408 1045 1468 Ochs,
1073 1405 1165 1465 und

666 1495 915 1555 Friederich
941 1495 1112 1555 Kützer
1138 1495 1217 1555 der
1230 1498 1387 1558 Pfister
1427 1498 1545 1558 jeder
1545 1497 1663 1557 sey
1676 1493 1807 1553 Jahr,

683 1584 842 1644 Abrahan
892 1579 1041 1639 Meyer

680 1666 840 1726 Pauel
872 1664 1064 1724 Christen
1107 1664 1203 1724 und

675 1757 924 1817 Terminus
976 1754 1173 1814 Kupffer,
1212 1754 1356 1814 Jederen
1396 1754 1514 1814 Jahr
1527 1754 1553 1814 in
1619 1753 1710 1813 Ihre
1724 1749 1881 1809 Häuser

1177 1829 1277 1889 hier
1286 1828 1340 1888 in
1377 1828 1477 1888 der
1504 1828 1622 1888 Statt

674 1925 779 1985 Johan
821 1922 1042 1982 Rudolff
1063 1915 1262 1975 Kupfer
1294 1910 1315 1970 in
1346 1907 1472 1967 seine
1504 1903 1661 1963 indiene
1682 1900 1850 1960 fabrique
1861 1898 1913 1958 zu

1175 1986 1411 2046 Vorlauffen
1447 1987 1541 2047 zwey
1576 1987 1647 2047 Jahr
1647 1985 1777 2045 lange,
1777 1984 1848 2044 und

673 2098 878 2158 Frantz
878 2095 1072 2155 Herman
1117 2095 1186 2155 in
1209 2095 1323 2155 seine
1357 2095 1539 2155 Seyden,
1573 2095 1767 2155 fabrige
1790 2092 1847 2152 in

693 2188 924 2248 Altenberg
967 2189 1044 2249 für
1066 2189 1132 2249 Ein
1165 2188 1285 2248 Jahr,
1307 2186 1351 2246 von
1395 2184 1482 2244 dato
1493 2182 1658 2242 dieser
1690 2182 1888 2242 Unserer

683 2284 896 2344 gedachten
921 2282 1146 2342 Urtheil,
1146 2280 1396 2340 verliesen
1408 2277 1521 2337 und
1558 2274 1758 2334 verbauet
1783 2272 1883 2332 seyn

682 2377 874 2437 sollen,
886 2374 1077 2434 Vorhero
1089 2374 1185 2434 aber,
1220 2372 1328 2432 und
1352 2371 1448 2431 aus
1471 2371 1555 2431 der
1579 2366 1926 2426 Gefangenschafft

685 2467 835 2527 werden
872 2465 985 2525 alle
1023 2464 1379 2524 obvernambstete
1426 2462 1773 2522 Delinquenten,
1792 2458 1951 2518 Unsere

700 2555 976 2615 Verordneten
999 2555 1286 2615 Geheimbden
1355 2555 1539 2615 Rähten
1597 2554 1861 2614 zugeführt,

695 2645 821 2705 Ihnen
884 2644 999 2704 allda
1020 2644 1115 2704 die
1136 2643 1324 2703 Schware
1356 2641 1450 2701 und
1482 2638 1860 2698 Gefährlichkeit¬

3411 464 3471 524 71.

2285 642 2424 702 Ihres
2445 640 2690 700 Verbrechens
2701 641 2893 701 kräfftig
2925 643 3170 703 vorgehalten,
3191 643 3266 703 und
3298 641 3372 701 Sie
3394 640 3436 700 zu

2296 733 2559 793 beständiger
2590 733 2722 793 Freule
2742 734 2813 794 und
2833 736 3077 796 Gehorsamb
3097 737 3209 797 gegen
3249 735 3371 795 Vns,
3391 732 3462 792 Ihre

2274 826 2522 886 Naturliche
2544 826 2652 886 und
2695 829 3007 889 Rechtmäßige
3040 830 3212 890 Obrigkeit
3255 827 3406 887 Eydtlich
3428 822 3514 882 ver¬

2691 919 2982 979 Welchem
3019 917 3113 977 nach
3141 917 3225 977 Sie
3263 916 3375 976 Ihren
3403 912 3516 972 Aner¬

2278 922 2433 982 bunden
2473 919 2604 979 werden

2283 1017 2478 1077 beziehen,
2507 1013 2692 1073 denselben
2760 1009 3003 1069 Religione,
3032 1007 3130 1067 und
3159 1006 3246 1066 bey
3266 1004 3529 1064 Vermeidung

2268 1115 2490 1175 Höchster
2511 1112 2806 1172 Oberkeitlicher
2817 1108 3017 1168 Vngnad
3049 1106 3133 1166 und
3144 1102 3333 1162 Straaff,
3365 1097 3534 1157 halten,

2283 1209 2394 1269 sich
2416 1211 2516 1271 auch
2527 1213 2627 1273 also
2627 1213 2850 1273 bezeigen,
2861 1210 2950 1270 und
2972 1209 3072 1269 auff
3072 1207 3183 1267 fuhren
3228 1204 3450 1264 werden,

2294 1309 2367 1369 daß
2413 1310 2514 1370 nach
2533 1306 2818 1366 verfloßenem
2882 1298 3158 1358 obdictierten
3232 1295 3443 1355 Termin,
3471 1297 3526 1357 sie

2277 1405 2388 1465 sich
2388 1406 2510 1466 umb
2521 1404 2632 1464 Ihre
2654 1398 2965 1458 begnädigung
2987 1392 3076 1452 und
3120 1390 3365 1450 Liberation
3409 1393 3542 1453 gebüh¬

2280 1498 2385 1558 gend
2395 1495 2679 1555 angeben;
2689 1492 2889 1552 Wir
2920 1489 3025 1549 aber
3057 1487 3246 1547 dieselbe
3288 1486 3477 1546 gnädigst

2282 1591 2369 1651 zu
2388 1587 2619 1647 accordiren
2677 1585 2870 1645 Ursache
2879 1582 3014 1642 finden
3063 1579 3197 1639 mögen

2291 1683 2466 1743 Geben
2497 1679 2549 1739 in
2590 1679 2786 1739 Unserer
2817 1679 2982 1739 Großen
3012 1679 3188 1739 Rahts,
3188 1674 3507 1734 Versamblung

2298 1786 2331 1846 In
2331 1783 2575 1843 und
2619 1780 2719 1840 8ten
2719 1777 2918 1837 August
2974 1775 3007 1835 den
3007 1775 3107 1835 19.

2311 2059 2587 2119 Redel
2635 2050 2671 2110 an
2731 2045 2911 2105 Mhhl.
2947 2041 3019 2101 die
3055 2037 3235 2097 Raht,
3247 2031 3535 2091 Nachdeme

2289 2146 2596 2206 Selbst
2607 2140 2819 2200 angehörter
2855 2134 3020 2194 maßen
3090 2128 3267 2188 Mechl.
3279 2124 3361 2184 und
3385 2121 3491 2181 Ober

2285 2235 2375 2295 Fr.
2408 2235 2498 2295 und
2509 2234 2577 2294 G.
2611 2231 2824 2291 heutigen
2869 2225 3094 2285 Morgens,
3116 2221 3184 2281 mit
3240 2217 3555 2277 beurtheilung

2312 2329 2422 2389 der,
2455 2328 2477 2388 in
2521 2324 2817 2384 Gefänglicher
2828 2319 2949 2379 hafft
2982 2316 3190 2376 sigender
3212 2314 3542 2374 conspiranten

2307 2434 2398 2494 fort
2432 2428 2658 2488 gefahren,
2670 2422 2783 2482 haben
2829 2416 2931 2476 hoch
2965 2410 3146 2470 dieselbe
3180 2407 3407 2467 beliebet,
3418 2407 3520 2467 und

2302 2535 2402 2595 Ihre
2433 2525 2675 2585 Gnädigste
2715 2513 2927 2573 Vrtheil,
2947 2506 3088 2566 unter
3109 2501 3290 2561 mehrerm
3391 2500 3512 2560 auch

2326 2618 2418 2678 dahin
2476 2610 2786 2670 außgesprochenn,
2809 2601 2901 2661 daß
2924 2595 3074 2655 Daniel
3120 2588 3270 2648 Gueter
3293 2587 3350 2647 der
3362 2588 3557 2648 Markand¬
