4032 3024
486 457 544 517 50.

712 549 892 609 gemacht,
904 544 952 604 da
975 542 1035 602 nun
1035 539 1203 599 derselbe
1203 538 1274 598 dem
1310 538 1549 598 zuverläßigen
1585 539 1705 599 bericht
1728 542 1800 602 nach
1824 546 1920 606 durch

715 646 832 706 Sannen
879 640 1007 700 nacher
1030 635 1229 695 Ahlemund
1229 633 1264 693 die
1322 632 1462 692 Enden,
1486 632 1521 692 von
1568 635 1649 695 denen
1684 639 1754 699 aber
1754 641 1801 701 in
1836 647 1906 707 fur¬

716 743 833 803 Lande
859 739 988 799 begeben
988 736 1105 796 haben
1157 733 1221 793 bey
1247 730 1325 790 Euch
1351 728 1493 788 Vnserem
1493 728 1571 788 etc.
1584 728 1662 788 Wir
1688 730 1739 790 mit
1778 737 1947 797 gegenten¬

725 838 824 898 tigen
874 836 1024 896 Schreiben
1073 832 1148 892 und
1160 830 1335 890 Einschluß
1360 829 1422 889 daß
1459 830 1733 890 Signatamento
1733 845 1969 905 einzukom¬

720 929 821 989 nicht
821 929 986 989 anstehen
1036 926 1163 986 laßen
1188 925 1328 985 sollen,
1328 925 1416 985 und
1429 925 1568 985 Ersuchen
1619 927 1682 987 Euch
1720 935 1910 995 demnach,
1922 944 1973 1004 da¬

711 1032 751 1092 so
751 1030 991 1090 unbeschweret,
1004 1028 1057 1088 als
1071 1028 1271 1088 fürdersame
1311 1030 1564 1090 verfuegung
1590 1033 1684 1093 dahin
1724 1037 1764 1097 zu
1790 1041 1897 1101 thun,
1910 1046 1950 1106 deß

719 1134 770 1194 auf
822 1132 924 1192 dieser
950 1129 1141 1189 Rechtling
1180 1129 1359 1189 geachtet,
1372 1129 1436 1189 auß
1448 1131 1627 1191 entdeben
1679 1136 1832 1196 derselbe
1858 1142 1960 1202 ange¬

712 1239 852 1299 halten,
875 1237 945 1297 und
945 1235 979 1295 in
1003 1234 1258 1294 gefänglichen
1282 1235 1444 1295 verhafft
1456 1236 1607 1296 gebracht
1630 1238 1758 1298 berede,
1770 1241 1897 1301 welchen

697 1348 839 1408 fahls
839 1347 934 1407 dan
946 1345 1040 1405 von
1064 1345 1146 1405 Euch
1146 1345 1336 1405 Vnseren
1336 1343 1418 1403 etc.
1430 1344 1489 1404 die
1489 1345 1560 1405 denn
1619 1346 1867 1406 nachbahrliche

707 1457 969 1517 plication
996 1454 1161 1514 zugleich
1175 1454 1244 1514 aus
1258 1454 1409 1514 bitten,
1409 1458 1629 1518 übrigens
1643 1462 1739 1522 aber
1767 1467 1959 1527 versichern,

711 1564 789 1624 daß
815 1564 854 1624 in
880 1562 1088 1622 hinwidrigen
1114 1562 1323 1622 vorfallen
1323 1563 1453 1623 heiten,
1492 1564 1557 1624 wie
1557 1565 1610 1625 Ein
1649 1567 1740 1627 solches
1779 1571 1870 1631 gegen
1896 1576 1948 1636 Euch

704 1671 761 1731 zu
773 1670 1047 1730 demeriren
1059 1670 1207 1730 bußen
1230 1672 1413 1732 beeden,
1425 1676 1653 1736 Inzuschen
1688 1681 1779 1741 aber
1779 1685 1939 1745 empfeh¬

707 1777 767 1837 den
803 1775 899 1835 wir
923 1774 1007 1834 Unß
1019 1774 1211 1834 sambtl.
1223 1775 1439 1835 Göttlicher
1451 1779 1595 1839 Obsorg.
1631 1782 1715 1842 Dat.
1727 1784 1751 1844 d.
1799 1790 1967 1850 Augusti

701 1894 722 1954 9.

1340 1999 1657 2059 Schultis
1712 1997 1806 2057 und
1824 1995 1917 2055 Raht

1477 2078 1565 2138 der
1591 2078 1705 2138 Stadt
1748 2083 1906 2143 Hern.

2336 437 2562 497 Peylags
2575 434 2612 494 den
2650 434 2888 494 August
2913 442 2989 502 17

2560 506 2631 566 200

2317 606 2472 666 Jedell
2511 599 2536 659 an
2562 597 2678 657 Mhhl.
2742 595 2794 655 die
2794 595 3013 655 Schumbder
3026 596 3154 656 Raht,
3167 598 3399 658 Demnach

2310 681 2493 741 heutigen
2524 673 2626 733 tags,
2646 671 2718 731 vor
2728 671 2851 731 Muth
2902 671 2963 731 und
2973 671 3126 731 Oberin
3147 670 3340 730 behandet
3361 665 3504 725 worden

2325 761 2398 821 der
2406 750 2649 810 Vohlmeinliche
2665 745 2820 805 anzug,
2836 745 2909 805 wie
2925 745 2974 805 bey
2982 744 3307 804 gegenwarthigen
3339 735 3542 795 Umständen,

2329 834 2414 894 die
2432 827 2574 887 Sicherheit
2602 822 2733 882 hiesiger
2762 819 2884 879 Haupt
2884 817 2969 877 Statt
3025 814 3091 874 fur
3110 811 3279 871 konftige
3298 808 3345 868 in
3364 802 3514 862 mehreren

2328 912 2618 972 zuprospiciren
2639 903 2714 963 seyn.
2725 901 2757 961 2.
2778 899 2875 959 und
2896 898 3046 958 hiruber
3068 894 3132 954 von
3153 890 3228 950 hoch
3228 881 3410 941 denselbe

2339 1006 2424 1066 nach
2424 995 2642 1055 lächtigkeit
2680 988 2736 1048 der
2736 985 2859 1045 Sachen
2897 978 3162 1038 verschiederlich
3191 967 3380 1027 rationiret
3418 953 3522 1013 worden

2330 1106 2504 1166 habennd
2504 1089 2667 1149 hochge.
2667 1080 2786 1140 May,
2819 1074 2873 1134 und
2873 1070 3003 1130 Oberen
3014 1064 3134 1124 aller
3144 1058 3275 1118 vorderst
3307 1051 3405 1111 guth
3416 1043 3546 1103 befunden

2336 1196 2457 1256 Ihrem
2480 1188 2613 1248 Mahl.
2657 1180 2779 1240 hiemit
2801 1173 2867 1233 frl.
2879 1168 2945 1228 auf
2956 1159 3145 1219 zutragen,
3200 1148 3277 1208 Zum
3311 1136 3466 1196 Vorand
3477 1131 3499 1191 in

2473 1231 2486 1291 6

2350 1283 2464 1343 Ggste
2475 1271 2646 1331 cession
2668 1262 2748 1322 und
2759 1253 2975 1313 Ubelegung
2998 1240 3237 1300 zunemen,
3248 1230 3305 1290 Ob
3305 1225 3385 1285 und
3408 1217 3499 1277 Was

2350 1368 2422 1428 fur
2440 1357 2621 1417 anstalten
2657 1346 2703 1406 zu
2712 1338 2911 1398 mehrener
2929 1328 2974 1388 die
3001 1319 3182 1379 Sicherheit
3200 1312 3264 1372 der
3282 1304 3400 1364 Stadt
3463 1295 3535 1355 zu¬

2352 1447 2478 1507 nemen
2498 1438 2585 1498 und
2604 1427 2817 1487 vorzunehren
2856 1416 2953 1476 seyn
2982 1409 3089 1469 wollen
3147 1398 3283 1458 auch
3292 1391 3331 1451 ob
3331 1385 3496 1445 selbige

2348 1533 2609 1593 militarisch
2609 1525 2724 1585 seyn,
2765 1517 2849 1577 oder
2849 1511 2953 1571 wen
2974 1504 3037 1564 Sie
3058 1494 3193 1554 bestehen
3193 1487 3287 1547 sollen
3371 1471 3496 1531 vnd

2341 1628 2434 1688 dan
2434 1625 2527 1685 Ihre
2562 1619 2666 1679 Carsten
2678 1611 2817 1671 Bekanten
2840 1603 2898 1663 in
2933 1596 3003 1656 eine
3003 1588 3107 1648 bose
3107 1574 3351 1634 motivirtes
3363 1556 3525 1616 zutragen

2352 1715 2571 1775 zubringen,
2612 1703 2666 1763 vnd
2693 1695 2803 1755 Mugst
2857 1686 2926 1746 und
2926 1678 3076 1738 deren
3089 1669 3158 1729 zu
3158 1658 3362 1718 beitherer,
3390 1636 3513 1696 dero¬

2335 1803 2573 1863 verordnung
2573 1781 2864 1841 vorzutragen.
2875 1764 2993 1824 Wie
3015 1754 3155 1814 gethun

2649 1907 2778 1967 Coram
2824 1895 2965 1955 Senatu

2680 2002 2931 2062 Muhausen.

2368 2155 2474 2215 Ju¬

2370 2262 2429 2322 So
2440 2255 2604 2315 gefährlich
2616 2249 2675 2309 die
2686 2244 2745 2304 von
2745 2236 3014 2296 übelgeseten,
3026 2226 3178 2286 welchen
3202 2220 3342 2280 Unseren
3377 2214 3506 2274 Burgeren

2372 2344 2484 2404 wider
2484 2339 2626 2399 Unseren
2646 2332 2748 2392 Stand
2748 2324 2951 2384 angeschonene
2972 2312 3094 2372 Leutige
3094 2307 3195 2367 durch
3216 2301 3348 2361 Gottes
3358 2297 3439 2357 guthe
3460 2296 3551 2356 aber¬

2376 2424 2438 2484 in
2438 2422 2521 2482 Zeit
2521 2418 2625 2478 anoch
2635 2414 2697 2474 endt
2708 2409 2801 2469 derte
2811 2400 3019 2460 Conspiration
3019 2391 3153 2451 gelesen,
3153 2388 3195 2448 so
3205 2384 3371 2444 ersterblich
3381 2383 3423 2443 ist
3433 2381 3526 2441 durch

2356 2508 2473 2568 Eurer
2491 2502 2562 2562 und
2580 2496 2714 2556 Schreiben
2741 2488 2812 2548 vom
2839 2483 2884 2543 29
2884 2479 2991 2539 alß
3009 2470 3224 2530 abgewichenen
3242 2464 3394 2524 Monats
3394 2462 3492 2522 Unß
3519 2463 3555 2523 zu¬

2369 2594 2523 2654 verinnen
2565 2582 2690 2642 konne,
2718 2575 2746 2635 mit
2787 2568 2871 2628 solch
2871 2564 2913 2624 ein
2983 2555 3136 2615 Rubahrlich
3136 2550 3261 2610 und
3275 2548 3373 2608 undt
3415 2549 3596 2609 grußischen
