4032 3024
361 377 410 437 17.

536 439 844 499 Inzuschen
908 440 998 500 mit
1049 442 1344 502 Ernstlicher
1395 446 1780 506 Examination

528 520 628 580 deß
678 515 895 575 Michels
954 512 1213 572 Parrest,
1238 512 1371 572 wie
1422 514 1555 574 auch
1597 517 1789 577 übriger

542 590 890 650 Inhafftirter
938 586 1218 646 Personen,
1276 586 1373 646 die
1411 586 1489 646 am
1556 589 1759 649 meisten

528 667 812 727 gravirt,
832 661 954 721 und
1014 658 1136 718 noch
1166 658 1248 718 mit
1298 658 1633 718 examinirt
1694 666 1876 726 worden,

547 736 928 796 ohnverzüglich
977 739 1444 799 fortzufahren,
1456 745 1530 805 so
1542 748 1652 808 daß
1702 752 1812 812 all¬

543 827 698 887 fehlig
722 827 1042 887 dieselben,
1066 830 1149 890 wo
1185 833 1244 893 es
1280 837 1363 897 die
1399 846 1684 906 nohtdurfft
1731 859 1826 919 er¬

544 914 798 974 forderet,
833 913 1053 973 annoch
1087 915 1203 975 vor
1238 918 1365 978 der
1376 921 1469 981 3.
1469 928 1793 988 obvermelten

531 991 938 1051 Delinquenten
1020 994 1305 1054 Execution
1377 1002 1581 1062 und
1642 1009 1784 1069 Con¬

529 1062 755 1122 frontirt
828 1066 1054 1126 werden

1113 1083 1610 1143 Inmaßen
1677 1087 1787 1147 dann

519 1133 757 1193 hierin,
768 1132 870 1192 Sie
904 1137 1176 1197 mehr,
1210 1147 1358 1207 nach
1414 1154 1505 1214 dem
1528 1160 1732 1220 jenigen

531 1216 741 1276 Gewalt
806 1221 1080 1281 verfahren
1135 1234 1447 1294 werden,
1456 1239 1768 1299 welcher

525 1295 680 1355 Ihnen
775 1297 882 1357 von
918 1304 1203 1364 Wohl.
1215 1309 1346 1369 und
1405 1313 1477 1373 E.
1513 1313 1596 1373 A.
1631 1311 1727 1371 vnd
1727 1308 1798 1368 G.

506 1376 721 1436 bereits
772 1378 1021 1438 ertheilt
1073 1385 1330 1445 worden.

485 1604 544 1664 zu
631 1608 704 1668 an
734 1614 1026 1674 Michghl.
1070 1616 1216 1676 Cons.
1260 1614 1479 1674 Stiger
1552 1604 1801 1664 Schneides

505 1693 672 1753 ersten
731 1695 909 1755 theils,
921 1696 1146 1756 obiger
1170 1695 1491 1755 Erkantnuß
1574 1681 1775 1741 berichten

504 1775 589 1835 mit
638 1777 784 1837 frl.
808 1783 1052 1843 Gesinnen,
1076 1786 1283 1846 auß
1332 1781 1636 1841 kunfftigen
1660 1769 1770 1829 Mitt

482 1862 708 1922 Jochim
788 1865 1003 1925 Weghl.
1026 1867 1139 1927 und
1173 1867 1229 1927 E.
1263 1867 1365 1927 G.
1388 1864 1501 1924 und
1535 1858 1637 1918 G.
1660 1849 1819 1909 Zudem

486 1943 558 2003 Ein
605 1946 665 2006 bey
748 1949 903 2009 Einen
975 1946 1308 2006 convocieren
1367 1940 1427 2000 zu
1451 1936 1713 1996 laßen.

492 2137 631 2197 et
701 2133 770 2193 an
784 2131 1021 2191 Mhhl.
1021 2129 1104 2189 D.
1132 2127 1368 2187 Siener,
1410 2121 1549 2181 Ihne
1604 2116 1688 2176 der
1716 2108 1813 2168 be¬

482 2217 769 2277 stirung
829 2213 913 2273 deß
937 2212 1104 2272 Tagk
1128 2210 1224 2270 deß
1272 2204 1594 2264 Blutgerichts
1630 2189 1762 2249 über

474 2300 634 2360 diese
673 2293 803 2353 drey
842 2287 1270 2347 Delinquenten
1359 2273 1658 2333 berüchten,
1687 2257 1767 2317 mit

478 2386 604 2446 frl.
635 2370 960 2430 Gesinnen,
970 2364 1117 2424 auff
1179 2358 1452 2418 gedachtem
1504 2346 1598 2406 tage
1661 2333 1755 2393 vor¬

474 2464 752 2524 Mechl.
764 2453 868 2513 und
914 2446 1019 2506 G.
1042 2440 1146 2500 G.
1158 2434 1285 2494 und
1297 2429 1389 2489 G.
1424 2420 1563 2480 seine
1598 2408 1807 2468 meinung

489 2545 599 2605 und
654 2534 786 2594 Erste
851 2525 1060 2585 Urtel
1115 2519 1180 2579 zu
1213 2509 1531 2569 eröfnen,
1542 2493 1718 2553 Zu¬

464 2619 741 2679 welchem
790 2610 850 2670 End
910 2605 1092 2665 Jhare
1140 2599 1249 2659 von
1273 2594 1394 2654 der
1394 2583 1792 2643 Grichtschreiberey

3354 439 3403 499 23

2151 537 2380 597 daherige
2416 535 2655 595 Examina
2701 535 2911 595 werden
2939 535 3177 595 zugestellt
3214 532 3470 592 werden.

2162 756 2261 816 Ze
2338 753 2415 813 an
2426 751 2525 811 H.
2547 747 2822 807 Haubtmann
2877 740 3163 800 Alexander
3218 733 3328 793 von

3016 807 3303 867 Sintenmahl
3346 797 3424 857 aus

2153 828 2445 888 Wadenwill
2481 824 2545 884 von
2582 821 2801 881 Landshut

2165 922 2304 982 selbst
2324 914 2611 974 angehörten
2651 903 2928 963 Grundere
2958 894 3176 954 Mhhl.
3206 886 3305 946 und
3335 882 3414 942 G.

2154 994 2273 1054 A.
2281 989 2392 1049 und
2424 985 2503 1045 G.
2511 982 2669 1042 H.
2693 975 3017 1035 Großweibel
3065 959 3334 1019 Wolladung

2139 1061 2508 1121 Dispensirt,
2517 1053 2625 1113 daß
2670 1050 2724 1110 er
2751 1048 2814 1108 die
2823 1046 2886 1106 3.
2904 1039 3201 1099 Inhafftirte
3228 1026 3345 1086 Deben

2143 1133 2343 1193 quenter,
2397 1123 2770 1183 derentwegen
2825 1116 2907 1176 an
2961 1108 3225 1168 Mitwochen
3280 1092 3416 1152 wird

2144 1212 2250 1272 blut
2276 1205 2434 1265 Geicht
2478 1197 2681 1257 gehalten
2742 1188 3024 1248 werden,
3032 1174 3410 1234 verfürstrichen

2146 1287 2328 1347 schunge,
2361 1281 2511 1341 und
2532 1275 2682 1335 aber
2704 1267 2950 1327 Jehmand
3004 1255 3240 1315 Anders
3304 1246 3401 1306 an¬

2973 1333 3066 1393 Als
3131 1324 3233 1384 haben
3270 1318 3428 1378 Molthl.

2148 1363 2274 1423 seine
2314 1355 2432 1415 stell
2479 1340 2738 1400 vonnöhten

2155 1434 2275 1494 und
2305 1427 2375 1487 S.
2395 1423 2476 1483 R.
2496 1419 2606 1479 und
2626 1413 2857 1473 gantz
2927 1408 3148 1468 genehme,
3188 1403 3308 1463 auß

2141 1504 2412 1564 genomen,
2448 1500 2565 1560 daß
2624 1497 2789 1557 Er.
2813 1491 3072 1551 Haubtmann
3178 1479 3272 1539 sich

2139 1586 2293 1646 darzu
2338 1577 2592 1637 gebrauchen
2683 1571 2855 1631 laßen
2900 1564 3163 1624 wollen,
3172 1557 3299 1617 Wie
3335 1549 3453 1609 dann

2138 1666 2181 1726 Er
2235 1659 2353 1719 H.
2364 1651 2675 1711 Haubtmann
2740 1642 2901 1702 deßen
2944 1634 3191 1694 hierdurch
3245 1625 3385 1685 frl.

2130 1736 2349 1796 ersucht,
2359 1729 2577 1789 werde,
2587 1725 2706 1785 und
2726 1720 2974 1780 Mrthl.,
3014 1705 3302 1765 zutrauwen

2140 1818 2226 1878 zu
2248 1814 2409 1874 seiner
2442 1808 2646 1868 bekant,
2646 1801 2958 1861 anwohnenden
2991 1780 3346 1840 Deceteritet

2138 1898 2268 1958 besten
2366 1892 2560 1952 gestellet
2604 1888 2701 1948 ist,

2141 2088 2292 2148 des
2306 2082 2388 2142 an
2415 2079 2498 2139 H.
2498 2071 2868 2131 Gerichtschreiber
2922 2058 3087 2118 Ihne
3114 2050 3183 2110 deß
3224 2040 3347 2100 Tage

2149 2174 2234 2234 deß
2263 2166 2556 2226 Gerichts
2613 2156 2708 2216 und
2746 2150 2822 2210 der
2888 2140 3115 2200 Execution
3163 2128 3286 2188 auch

2154 2245 2419 2305 berichten,
2430 2239 2515 2299 mit
2568 2234 2759 2294 befelch,
2769 2222 3141 2282 ohnverzüglich
3183 2206 3236 2266 zu
3268 2194 3438 2254 veran¬

2136 2327 2382 2387 stalten,
2413 2320 2505 2380 daß
2526 2314 2762 2374 Michhl.
2793 2308 2865 2368 I.
2865 2302 3101 2362 Siner,
3132 2292 3214 2352 als
3234 2284 3316 2344 der
3347 2274 3419 2334 die

2142 2411 2273 2471 Erste
2303 2406 2424 2466 Urtel
2465 2397 2697 2457 eröffnen
2738 2388 2869 2448 soll,
2879 2383 2980 2443 wie
3010 2377 3111 2437 auch
3131 2373 3222 2433 den
3293 2367 3344 2427 H.

2141 2495 2455 2555 Haubtmann
2512 2479 2882 2539 vorwalterteil
2927 2468 3006 2528 von
3040 2459 3321 2519 Landszet,
3354 2451 3411 2511 so

2145 2574 2217 2634 die
2240 2569 2324 2629 Sie
2383 2566 2466 2626 H.
2490 2560 2846 2620 GroßVbels
2894 2551 3155 2611 versehenn,
3191 2545 3333 2605 wird
