4032 3024
513 508 593 568 174

821 586 927 646 und
967 580 1153 640 falschen
1207 575 1393 635 begriff
1433 571 1513 631 von
1566 571 1819 631 Unserer

772 676 1077 736 Regierung
1088 673 1186 733 und
1219 668 1567 728 Constitutionen
1621 672 1915 732 beyzubringen

808 778 949 838 sondern
1012 778 1140 838 auch
1165 778 1255 838 die
1293 776 1459 836 Rädels
1497 778 1650 838 führen
1663 778 1790 838 umb
1803 779 1943 839 Ihren

811 874 1366 934 unverantwortlichen,
1401 875 1543 935 höchst
1578 880 1944 940 straffbürdigen

793 980 992 1040 Vorsatz
1004 980 1091 1040 und
1103 979 1327 1039 betragen
1389 977 1451 1037 zu
1476 977 1885 1037 rechtfertigen;

800 1084 941 1144 Diese
953 1083 1017 1143 so
1043 1081 1362 1141 empfintliche
1375 1081 1477 1141 als
1502 1081 1821 1141 ohnbegrundte

802 1189 914 1249 vnd
927 1186 1314 1246 ohnerträgliche
1351 1186 1588 1246 Gerüchte
1613 1187 1700 1247 und
1725 1189 1913 1249 zulagen

811 1292 923 1352 sind
960 1293 1034 1353 die
1071 1291 1307 1351 Ursache,
1344 1289 1431 1349 daß
1456 1289 1580 1349 mitt
1580 1292 1915 1352 gegenwärtigen

803 1397 949 1457 Eüber
979 1401 1169 1461 fürstl.
1169 1402 1373 1462 Guthl.
1388 1402 1446 1462 zu
1476 1400 1695 1460 behälligen
1753 1398 1900 1458 Wir

797 1507 909 1567 vnd
954 1508 1291 1568 bemüßiget
1314 1507 1460 1567 sehen,
1516 1505 1819 1565 versicheret,
1830 1504 1920 1564 daß

800 1604 1058 1664 dergleichen
1097 1603 1471 1663 ohnguetlicher
1497 1601 1741 1661 Verfahren
1819 1595 1909 1655 Ihre

803 1708 1100 1768 außfallig,
1100 1708 1322 1768 Wir
1335 1705 1557 1765 ersuchen
1631 1702 1879 1762 demnach

797 1807 919 1867 Lüb.
919 1812 1136 1872 Fürstl.
1163 1813 1353 1873 Durchl.
1380 1807 1637 1867 dienstfrl.
1651 1803 1746 1863 und
1773 1801 1949 1861 Unge¬

802 1912 1075 1972 legenlich,
1112 1915 1323 1975 dieselbe
1360 1911 1546 1971 geruhen
1583 1906 1719 1966 deme
1719 1900 1942 1960 Einhalt¬

794 2003 880 2063 mit
913 2005 956 2065 hin
1009 2008 1128 2068 aber
1149 2011 1289 2071 solche
1321 2012 1644 2072 Verfuegung
1655 2006 1913 2066 Hochgeneigt

784 2105 868 2165 zu
892 2106 1025 2166 thun,
1061 2107 1145 2167 daß
1181 2107 1290 2167 der
1314 2107 1591 2167 Verfaßer
1651 2104 1832 2164 dieser

775 2197 1004 2257 impressi
1043 2201 1252 2261 darüber
1281 2199 1381 2259 zur
1410 2195 1837 2255 verantwortung

798 2291 1048 2351 gezogen,
1048 2291 1163 2351 und
1184 2290 1246 2350 in
1288 2288 1382 2348 die
1413 2285 1653 2345 Schrauben
1705 2285 1778 2345 der
1778 2288 1966 2348 Gebühr,

782 2384 1024 2444 zumahlen
1082 2383 1198 2443 dahin
1217 2380 1440 2440 geleitet
1469 2377 1652 2437 werde,
1681 2377 1759 2437 mit
1788 2381 1971 2441 bekant¬

782 2474 1033 2534 machung
1055 2473 1272 2533 Wahrheitt
1316 2467 1555 2527 widriger
1566 2465 1838 2525 Gerichten

776 2565 1064 2625 Allenfahls
1084 2559 1208 2619 wider
1218 2554 1424 2614 verhoffen
1486 2551 1599 2611 Ihme
1630 2549 1712 2609 deren
1763 2552 1949 2612 ferners

1484 2616 1666 2676 zukomen
1715 2619 1880 2679 solten)

3392 472 3481 532 523

2288 587 2509 647 Zurük
2534 589 2804 649 zuhalten,
2817 590 2915 650 vnd
2964 592 3050 652 vnd
3099 592 3149 652 zu
3185 592 3456 652 verschenen

2299 685 2431 745 Lüb.
2467 682 2647 742 Fürstl.
2659 682 2827 742 Durchl.
2863 680 3115 740 angebohrnen
3187 679 3403 739 Klugheit
3403 677 3475 737 von

2293 776 2429 836 nicht
2466 778 2711 838 entgehen,
2721 778 2766 838 in
2802 778 2884 838 wie
2912 778 3048 838 weith
3076 776 3167 836 die
3203 771 3440 831 Gemeine

2280 868 2546 928 Sicherheit
2557 872 2823 932 hierunder
2834 872 3078 932 verdiere,
3100 871 3178 931 und
3200 868 3311 928 daß
3355 865 3455 925 nicht

2295 964 2444 1024 Jenig
2486 964 2624 1024 daran
2677 962 2921 1022 gelegen,
2932 962 3176 1022 dergleichen
3229 961 3441 1021 siniste¬

2278 1066 2714 1126 Insinuationen,
2743 1064 2793 1124 so
2803 1063 2882 1123 von
2921 1061 3218 1121 niemanden
3258 1060 3337 1120 als
3357 1060 3485 1120 böß¬

2294 1168 2500 1228 willigen
2551 1169 2644 1229 und
2685 1168 3035 1228 Ubelgestinten
3086 1163 3313 1223 herkommen
3343 1164 3487 1224 könen

3411 1267 3521 1327 Wir

2308 1278 2340 1338 In
2371 1276 2539 1336 Zeichen
2560 1273 2823 1333 sorgfeltig
2844 1270 2886 1330 zu
2907 1268 3285 1328 prospicieren,

2308 1382 2482 1442 Werden
2537 1381 2656 1441 auch
2656 1379 2721 1439 ein
2765 1378 2939 1438 solches
2971 1375 3037 1435 als
3058 1375 3156 1435 eine
3167 1373 3330 1433 probe
3352 1372 3504 1432 fulo¬

2302 1489 2512 1549 Fürstl.
2547 1485 2722 1545 Durchl.
2745 1483 2838 1543 und
2862 1481 3060 1541 geuenden
3130 1481 3526 1541 Hochschubahren

2285 1588 2662 1648 Freundschafft
2693 1582 2997 1642 auffnemen,
2997 1580 3112 1640 und
3144 1579 3196 1639 in
3227 1579 3489 1639 vorfallen

2300 1696 2465 1756 heiten
2520 1687 2739 1747 bestend
2761 1686 2804 1746 zu
2848 1685 3122 1745 demerieren
3166 1682 3418 1742 erachten,
3418 1677 3517 1737 Gott

2326 1793 2551 1853 Pittende
2588 1791 2651 1851 etc.
2651 1789 2738 1849 etc.
2763 1786 2863 1846 Dat
2951 1783 3001 1843 den
3026 1783 3063 1843 19
3063 1782 3126 1842 ten
3126 1781 3226 1841 7bris
3251 1781 3376 1841 119.

2952 1984 3221 2044 Richt:
3236 1978 3331 2038 und
3347 1971 3473 2031 Raht

3158 2046 3258 2106 D.
3278 2039 3390 2099 D.
3417 2032 3470 2092 E.

2280 2179 2530 2239 Tieß
2546 2177 2671 2237 Ros
2734 2177 2843 2237 ein
2890 2174 3124 2234 Schreiben
3156 2170 3250 2230 sein
3281 2168 3328 2228 16
3359 2164 3500 2224 diß

2332 2263 2513 2323 Monats
2536 2264 2627 2324 seyn
2706 2267 2933 2327 Muhl.
2933 2269 3092 2329 durch
3104 2267 3319 2327 Mhhl.
3353 2259 3512 2319 die

2323 2356 2580 2416 Gehende
2620 2356 2778 2416 Rahte
2827 2353 3123 2413 vorgetragen
3183 2345 3400 2405 worden,
3429 2338 3538 2398 und

2332 2435 2537 2495 daraus
2555 2438 2599 2498 zu
2626 2440 2858 2500 ersehen,
2867 2438 2982 2498 umb
3009 2437 3169 2497 welcher
3205 2433 3427 2493 Ursachen
3472 2429 3561 2489 willen

2338 2521 2427 2581 die
2446 2519 2555 2579 Stadt
2604 2518 2732 2578 Vitis
2781 2518 2899 2578 und
2948 2519 3115 2579 andere
3144 2515 3331 2575 seiner
3341 2511 3489 2571 An¬
