4032 3024
341 379 390 439 30

769 436 1154 496 Sonstags
1228 440 1315 500 den
1365 442 1464 502 19.
1514 448 1625 508 Juli
1663 457 1811 517 1649

509 660 616 720 et
655 663 743 723 an
782 665 1025 725 Michghl.
1044 668 1190 728 Ambts
1210 672 1492 732 Schultheiß,
1502 676 1619 736 Es
1638 680 1794 740 haben

512 743 617 803 Ihr
617 743 750 803 gel.
778 743 959 803 heutigen
1035 746 1254 806 morgens
1321 750 1549 810 angehört,
1549 754 1644 814 die
1663 757 1834 817 Examine

508 814 534 874 so
560 813 768 873 Mehohl
803 811 855 871 die
890 809 1158 869 domittirte
1202 811 1271 871 mit
1323 814 1557 874 Friderich
1592 824 1817 884 Kupffer

497 878 586 938 dem
616 871 838 931 Indinne
868 865 1150 925 fabricanten
1209 865 1261 925 im
1291 867 1580 927 Bulgenbach
1647 880 1796 940 droben

501 931 552 991 in
595 926 680 986 der
706 922 1073 982 Gefangenschafft
1115 923 1389 983 verführt,
1414 928 1508 988 da
1534 931 1636 991 dann
1662 934 1824 994 Maghl.

496 990 549 1050 so
575 984 663 1044 viel
698 978 759 1038 an
803 976 943 1036 Ihnen
986 977 1083 1037 ist,
1109 979 1240 1039 nach
1284 985 1477 1045 solcheren
1503 991 1783 1051 Erderung

492 1048 580 1108 und
617 1042 772 1102 seiner
824 1040 1075 1100 Vergicht,
1112 1044 1215 1104 die
1244 1048 1547 1108 procetion
1598 1048 1790 1108 ratione

508 1106 671 1166 seiner
704 1103 917 1163 complet
990 1105 1301 1165 befunden,
1326 1106 1538 1166 Dennoch
1579 1105 1694 1165 aber
1727 1101 1767 1161 in

496 1167 793 1227 bedenken,
801 1165 890 1225 zu
920 1165 1239 1225 verführung
1299 1166 1380 1226 der
1403 1168 1678 1228 Examinum
1715 1165 1804 1225 mit

491 1236 669 1296 übrigen
721 1228 1025 1288 Implicirten
1098 1230 1182 1290 deß
1224 1233 1443 1293 fürters
1464 1237 1757 1297 Gegenwart

501 1310 541 1370 es
551 1303 641 1363 sey
711 1295 801 1355 zur
841 1292 1300 1352 confrontation,
1310 1297 1470 1357 oder
1500 1297 1750 1357 fernerer

481 1369 652 1429 stocken
697 1363 859 1423 fragen
940 1361 1003 1421 an
1048 1362 1156 1422 Ihne
1227 1364 1596 1424 unanglich
1632 1362 1830 1422 voröhten

769 1429 975 1489 Als
1043 1427 1241 1487 erachten
1301 1427 1412 1487 Ihr
1421 1426 1541 1486 aus
1575 1423 1823 1483 angemeßen

483 1438 570 1498 sein
639 1429 740 1489 will

489 1499 710 1559 sothanes
746 1492 816 1552 deß
869 1489 1090 1549 Kupffers
1117 1486 1347 1546 Examen
1408 1485 1506 1545 vor
1523 1480 1753 1540 dißmahl

490 1562 883 1622 außzubehalten
967 1553 1084 1613 und
1101 1551 1168 1611 zu
1210 1546 1528 1606 erwarten,
1536 1543 1628 1603 vns
1687 1543 1804 1603 durch

474 1636 551 1696 die
594 1632 799 1692 übrigen
859 1627 1047 1687 heraus
1056 1620 1210 1680 komen
1269 1614 1381 1674 und
1423 1608 1509 1668 sich
1535 1602 1748 1662 ergeben

935 1689 1087 1749 Wie
1111 1682 1231 1742 aber
1271 1676 1383 1736 sich
1431 1668 1655 1728 gebühren
1679 1656 1791 1716 will

458 1702 626 1762 werde

457 1767 732 1827 Mhhl.
741 1757 846 1817 und
874 1754 922 1814 G.
950 1750 1073 1810 von
1102 1746 1197 1806 der
1244 1742 1386 1802 Tage
1415 1737 1500 1797 deß
1557 1730 1766 1790 geschaffet

475 1837 640 1897 parte
666 1828 718 1888 zu
770 1822 987 1882 geben,
995 1817 1117 1877 und
1160 1812 1230 1872 die
1256 1806 1446 1866 ursach,
1498 1794 1741 1854 worumb

476 1900 566 1960 deß
612 1894 839 1954 Kupfers
893 1884 1193 1944 procetur
1256 1874 1402 1934 ihnen
1447 1864 1647 1924 Muthl.
1674 1853 1792 1913 vor¬

478 1969 745 2029 zutragen
816 1961 1074 2021 verschoben
1127 1950 1394 2010 worden,
1403 1940 1536 2000 hoch
1554 1931 1767 1991 denselben

479 2033 893 2093 anzuzeigen,
902 2025 1055 2085 Als
1100 2018 1262 2078 lange
1307 2006 1568 2066 Vhrtel,
1595 1989 1802 2049 frundt¬

475 2108 743 2168 Gesinnen
797 2101 877 2161 an
922 2095 1038 2155 Ihne
1056 2085 1333 2145 Mhhl.
1359 2071 1538 2131 Cons.
1565 2063 1601 2123 be
1654 2054 1815 2114 nechster

456 2179 779 2239 versamlung
818 2164 1131 2224 Mhh.
1131 2155 1248 2215 N.
1267 2147 1375 2207 und
1404 2141 1482 2201 G.
1512 2130 1658 2190 deßen
1697 2116 1776 2176 die

466 2255 731 2315 eröfnung
772 2244 966 2304 zuthun,

1683 2369 1776 2429 die

462 2423 597 2483 ad.
624 2420 697 2480 an
706 2416 968 2476 Mhhl.
977 2408 1068 2468 die
1104 2395 1484 2455 Examinatores

467 2492 630 2552 deßen
684 2484 802 2544 über
830 2477 984 2537 Ihren
1038 2467 1247 2527 Vortrag
1301 2450 1646 2510 verständigen,
1673 2432 1764 2492 furs

462 2551 557 2611 Eue

455 2625 669 2685 Wann
681 2619 827 2679 dann
850 2615 974 2675 fürs
1031 2611 1234 2671 andere
1290 2604 1415 2664 auch
1426 2599 1516 2659 die
1528 2587 1765 2647 Examina

3314 445 3339 505 3

2054 522 2143 582 mit
2193 513 2282 573 dem
2302 512 2470 572 Michel
2559 517 2707 577 Buttel
2737 524 2905 584 sandtlich
2925 530 3014 590 vor
3043 532 3113 592 Ihr
3113 533 3182 593 zu
3231 529 3409 589 verlesen,

2037 591 2293 651 worden,
2303 581 2411 641 und
2441 580 2687 640 dieselben
2716 585 2874 645 reifflich
2913 590 3120 650 erwogen,
3129 589 3356 649 Einerheitt

2063 663 2156 723 wie
2181 651 2282 711 weil
2325 642 2510 702 derselbe
2553 641 2679 701 durch
2721 643 2797 703 dem
2840 646 2949 706 nun
2983 647 3371 707 hingerichteten

2057 721 2320 781 Rentenent
2340 708 2552 768 Güter,
2583 706 2643 766 so
2664 706 2775 766 über
2815 706 2896 766 die
2927 706 3119 766 Sachen,
3139 703 3230 763 mit
3260 698 3402 758 Ihme

2064 784 2283 844 geredte,
2308 769 2577 829 gravirt
2644 765 2829 825 worden
2913 763 3275 823 Anderseits
3309 755 3401 815 auff

2058 846 2260 906 Welchem
2311 834 2403 894 Puß
2454 830 2529 890 er
2580 827 2698 887 über
2748 825 2917 885 dahero
3009 818 3355 878 Interrogata

2055 917 2171 977 sich
2200 901 2384 961 heraus
2413 890 2665 950 gelaßen,
2675 886 2878 946 haben
2917 884 3159 944 Maghl.
3188 879 3256 939 an
3285 874 3410 934 deßen

2039 973 2409 1033 Depositionen
2461 957 2567 1017 und
2602 951 2927 1011 Antworten
2989 946 3077 1006 sich
3121 944 3182 1004 nitt
3235 941 3323 1001 er¬

2058 1045 2285 1105 tätigen
2342 1028 2568 1088 können,
2578 1021 2786 1081 darfur
2833 1013 3069 1073 haltende,
3098 1005 3192 1065 daß
3230 999 3277 1059 er
3296 993 3381 1053 der

2064 1111 2301 1171 Inquisit
2342 1099 2441 1159 dar
2490 1093 2555 1153 mit
2605 1088 2670 1148 die
2711 1083 2859 1143 wunde
2916 1072 3113 1132 warheit,
3170 1063 3244 1123 biß
3285 1052 3400 1112 dato

2068 1175 2293 1235 bekennet
2352 1163 2498 1223 habe.
2566 1148 2928 1208 Derowegen,
2957 1134 3065 1194 auch
3104 1127 3192 1187 Ihr
3192 1121 3338 1181 bue¬

2062 1245 2137 1305 an
2178 1240 2262 1300 ihne
2303 1229 2528 1289 ferners,
2553 1220 2686 1280 eben
2736 1214 2803 1274 wie
2844 1207 3019 1267 autio
3052 1199 3210 1259 vorige
3277 1191 3344 1251 zu¬

2063 1313 2206 1373 setzen
2264 1300 2435 1360 nöhtig
2483 1290 2693 1350 finden,
2693 1284 2827 1344 und
2836 1280 2922 1340 sie
2941 1273 3199 1333 Mehl.
3209 1265 3409 1325 frundt¬

2042 1378 2337 1438 außen,
2353 1368 2435 1428 deß
2468 1362 2632 1422 futers
2673 1355 2763 1415 und
2813 1349 2993 1409 andere
3026 1338 3321 1398 examina

2044 1444 2232 1504 soweit
2266 1433 2403 1493 solche
2437 1422 2667 1482 dienlich,
2684 1410 2958 1470 nochmahls
2983 1397 3419 1457 einzuschauwen,

2045 1507 2250 1567 darauf
2274 1492 2392 1552 die,
2415 1485 2494 1545 den
2518 1476 2754 1536 Micheln
2793 1464 3132 1524 gravirende
3187 1452 3407 1512 articuls

2055 1563 2347 1623 zuzeichen,
2374 1547 2483 1607 und
2520 1536 2748 1596 diejenige
2784 1522 3113 1582 Interrogata
3168 1514 3222 1574 zu
3250 1513 3387 1573 ver¬

2072 1628 2224 1688 faßen
2275 1613 2545 1673 solhential
2605 1599 2698 1659 und
2740 1593 2807 1653 in
2841 1588 2934 1648 der
2960 1582 3188 1642 procetur
3255 1574 3391 1634 ent¬

2053 1686 2276 1746 halten,
2285 1673 2479 1733 mithin
2527 1665 2605 1725 sie
2624 1656 2933 1716 Mehlohl.
2933 1645 3098 1705 heute
3127 1639 3214 1699 vor
3253 1632 3359 1692 Ihr

2665 1726 2967 1786 Da
2985 1714 3011 1774 nun
3136 1701 3216 1761 sie
3260 1692 3358 1752 den

2067 1752 2180 1812 Gel
2209 1744 2341 1804 selbst
2388 1730 2643 1790 angehört,

3380 1751 3395 1811 in

2042 1812 2345 1872 Inquisitin
2405 1794 2716 1854 nochmahlen
2775 1774 3078 1834 vornemen,
3100 1761 3219 1821 vnnd
3256 1753 3359 1813 an¬

2062 1880 2150 1940 ihne
2214 1870 2429 1930 deuten,
2453 1860 2580 1920 sodern
2668 1846 2915 1906 allfehlig
2979 1836 3026 1896 er
3074 1830 3186 1890 auch
3225 1822 3409 1882 dißmal

2067 1946 2138 2006 mit
2192 1941 2280 2001 der
2316 1935 2493 1995 strach,
2511 1928 2600 1988 mit
2662 1918 2857 1978 mehrer
2937 1903 3141 1963 heraus
3167 1890 3327 1950 wolte

2071 2009 2202 2069 ihme
2255 2001 2324 2061 die
2351 1990 2578 2050 Marter
2621 1976 2813 2036 drohen
2909 1964 3005 2024 und
3032 1951 3337 2011 vorweisen

2051 2078 2180 2138 wie
2217 2071 2291 2131 nicht
2347 2061 2569 2121 weniger
2634 2047 2745 2107 auch
2782 2033 2995 2093 selbigen
3050 2017 3170 2077 auff
3198 2009 3300 2069 die

2055 2140 2219 2200 helette
2274 2130 2411 2190 setzen
2456 2120 2557 2180 und
2584 2107 2749 2167 binden
2831 2089 3023 2149 laßen,
3096 2069 3379 2129 Inspecie

2057 2203 2195 2263 dann
2260 2190 2456 2250 werden
2488 2180 2554 2240 sie
2578 2167 2831 2227 Mestohl
2863 2153 2945 2213 ihre
2994 2143 3099 2203 auch
3116 2135 3368 2195 quastion

2050 2266 2105 2326 nen
2276 2254 2385 2314 ob
2431 2248 2493 2308 nit
2548 2241 2649 2301 und
2680 2235 2773 2295 wie
2828 2226 2898 2286 offt
2937 2220 3014 2280 in
3061 2210 3154 2270 mit
3209 2201 3294 2261 dem

2071 2323 2333 2383 Chirurgo
2353 2305 2596 2365 werder
2654 2291 2975 2351 gesprochen,
3004 2282 3295 2342 Worüber
3305 2279 3373 2339 etc.

2078 2389 2176 2449 und
2211 2385 2326 2445 vors
2370 2377 2547 2437 andern
2609 2364 2803 2424 nöhtige
2865 2347 3166 2407 umbstand,
3192 2337 3352 2397 mehr

2071 2456 2207 2516 seyn
2262 2448 2481 2508 mögen,
2508 2439 2626 2499 daß
2663 2430 2863 2490 herauß
2882 2416 3155 2476 forden
3219 2403 3374 2463 aber

2070 2539 2296 2599 Vhrtel
2355 2521 2610 2581 deferiren,
2668 2504 2816 2564 damit
2874 2494 2953 2554 die
2982 2487 3198 2547 weitere
3257 2485 3365 2545 ver¬

2062 2620 2265 2680 fugung
2300 2611 2586 2671 geschehen.

3449 625 3457 685 zu
