4032 3024
337 369 373 429 12

852 511 1051 571 A¬

588 602 660 662 H.
696 603 841 663 Graff
877 604 938 664 von
998 607 1227 667 enburg
1264 610 1360 670 und
1408 610 1734 670 Tudingen¬

570 808 982 868 Hochwolgeborner
1033 815 1224 875 Herr.

624 962 774 1022 daß
824 961 899 1021 mit
950 962 1363 1022 Gegenwertigen
1438 965 1513 1025 by
1538 965 1601 1025 er
1626 964 1751 1024 Dec.

581 1036 692 1096 Wir
734 1037 870 1097 auch
921 1041 1185 1101 dermahlen
1261 1048 1550 1108 einkomen,
1576 1051 1780 1111 veran¬

585 1114 763 1174 laßet,
791 1118 931 1178 vns
978 1124 1109 1184 einer
1156 1131 1352 1191 Unserer
1418 1138 1670 1198 burgeren,
1698 1142 1848 1202 nahmen

596 1190 803 1250 Gabriel
860 1198 1058 1258 Güter,
1077 1202 1133 1262 ein
1180 1207 1586 1267 Handelsmann,
1614 1211 1812 1271 welcher

593 1263 709 1323 nebst
757 1266 949 1326 andere
1026 1271 1161 1331 mehr
1218 1275 1324 1335 sich
1353 1278 1488 1338 gegen
1536 1280 1766 1340 Unseren

585 1342 785 1402 Stand,
825 1343 915 1403 und
945 1345 1155 1405 hiesige
1185 1348 1495 1408 Regierung
1555 1351 1695 1411 durch

588 1414 844 1474 gefasten
929 1419 1047 1479 nebst
1089 1421 1473 1481 strastwurdigen
1548 1413 1719 1473 Vorsatz

596 1492 820 1552 schwerlich
888 1501 1237 1561 vergoßen,
1247 1504 1432 1564 sobald
1461 1502 1587 1562 aber
1626 1498 1713 1558 die
1733 1492 1791 1552 fall

586 1564 776 1624 mitdecket
850 1576 1124 1636 werden,
1124 1582 1378 1642 flüchtig
1420 1580 1642 1640 gemacht

575 1645 675 1705 da
739 1643 831 1703 nun
886 1645 1005 1705 aus
1051 1648 1289 1708 gelaßen
1390 1648 1710 1708 umbstanden

580 1716 678 1776 zu
713 1714 1068 1774 vermuhten,
1094 1715 1165 1775 es
1218 1717 1386 1777 möchte
1440 1713 1590 1773 dieser
1652 1703 1767 1763 ohn¬

575 1786 864 1846 glückseliger
936 1785 1050 1845 ment
1070 1784 1277 1844 sich
1328 1783 1359 1843 in
1401 1780 1514 1840 die
1555 1770 1752 1830 Lande

569 1855 789 1915 erkandt
883 1858 988 1918 und
1020 1858 1365 1918 benantlichen
1407 1852 1711 1912 nachherrn
1722 1844 1827 1904 hagen

584 1918 718 1978 Oder
747 1918 1006 1978 derenden
1064 1924 1150 1984 hin
1207 1930 1418 1990 begeben
1466 1924 1629 1984 haben

583 1993 835 2053 Indeßen
872 1990 966 2050 der
1013 1991 1274 2051 gemeinen
1349 1992 1573 2052 fuerheit
1657 1982 1779 2042 nicht

575 2059 733 2119 totig
788 2053 937 2113 daran
1002 2054 1318 2114 belegen,
1327 2057 1485 2117 daß
1532 2050 1773 2110 dergleichen

583 2129 918 2189 Ubelthater
973 2132 1208 2192 handest
1252 2135 1487 2195 gemacht,
1554 2127 1677 2187 und
1699 2120 1755 2180 zur

555 2205 1003 2265 verantwortung
1049 2213 1268 2273 gezogen
1360 2215 1601 2275 werden,
1636 2203 1774 2263 Als

576 2278 873 2338 ersuchend,
873 2285 972 2345 Ente
1060 2290 1181 2350 vndt
1257 2292 1422 2352 wir
1455 2286 1620 2346 hiemit
1631 2274 1807 2334 dienst¬

572 2361 803 2421 freundl.
803 2356 934 2416 und
974 2359 1356 2419 angelegenlich
1446 2356 1758 2416 deroselben

567 2438 767 2498 beliebe,
820 2437 947 2497 die
978 2437 1316 2497 unbeschwerte
1369 2435 1442 2495 und
1506 2426 1748 2486 schleünig¬

542 2510 904 2570 verfuegung
953 2514 1230 2574 zuthun,
1267 2514 1424 2574 daß
1472 2505 1593 2565 auff
1641 2486 1738 2546 den

555 2596 941 2656 Entleichenen,
963 2594 1074 2654 nach
1107 2592 1383 2652 Anleitung
1417 2579 1715 2639 einligenden

2064 2158 2106 2218 1

3358 451 3413 511 13

2186 574 2382 634 deßen
2408 562 2657 622 Segnalem
2736 555 2972 615 gerichtet,
2985 551 3063 611 wo
3090 550 3181 610 einer
3234 544 3417 604 möglich

2209 641 2438 701 derselbe
2495 632 2650 692 entdelt
2707 628 2789 688 und
2814 624 3018 684 handest
3035 620 3272 680 gemacht,
3296 612 3443 672 mithin

2217 708 2264 768 in
2283 698 2663 758 Gefänglichen
2729 693 2814 753 und
2862 691 3070 751 Ritwen
3108 685 3393 745 verhaffte

2221 764 2449 824 gebracht
2498 760 2743 820 werde,
2759 760 2825 820 in
2865 760 3053 820 welchem
3102 756 3208 816 fahl
3249 751 3290 811 so
3298 747 3396 807 dann

2214 835 2277 895 von
2312 830 2490 890 vnd
2535 829 2623 889 von
2686 827 2855 887 zugleich
2899 826 2979 886 die
2997 823 3237 883 nachricht,
3281 814 3361 874 von

2230 893 2384 953 seiner
2421 890 2676 950 Gefangen
2712 892 2921 952 nennung,
2958 892 3076 952 auß
3094 889 3231 949 bitten
3294 883 3413 943 dabey

2218 972 2551 1032 allerbestend
2605 976 2975 1036 versuchende,
3002 973 3092 1033 daß
3137 968 3182 1028 in
3227 964 3335 1024 vor¬

2215 1048 2554 1108 fallenheiten,
2572 1051 2704 1111 wie
2751 1051 2808 1111 in
2864 1049 3024 1109 solches
3052 1046 3231 1106 gegen
3240 1041 3381 1101 vndt

2209 1123 2438 1183 schuldiger
2486 1122 2667 1182 maßen
2695 1121 2772 1181 zu
2800 1121 3077 1181 Demeriren
3124 1118 3296 1178 unter¬

3107 1192 3214 1252 Gott
3285 1184 3418 1244 bittende

2189 1198 2336 1258 gesten
2402 1195 2484 1255 seyn
2590 1192 2770 1252 werden

2183 1267 2364 1327 Dat.
2374 1265 2526 1325 Act.
2546 1262 2657 1322 Jul.
2717 1262 2869 1322 149.

2389 1345 2704 1405 princellen

2717 1419 2863 1479 frund
2899 1405 3252 1465 dienstwillige

2530 1492 2733 1552 Sehl.
2761 1487 2844 1547 und
2891 1479 3011 1539 Raht
3057 1472 3122 1532 der
3159 1461 3307 1521 Stadt

2598 1549 2701 1609 und
2748 1540 3010 1600 Repuber
3075 1529 3178 1589 dern

2441 1735 2631 1795 Sa¬

2166 1817 2370 1877 die
2398 1807 2629 1867 Fürstl.
2656 1796 2970 1856 Regierung
3010 1789 3079 1849 zu
3106 1786 3405 1846 Neuenburg

2681 1930 2808 1990 daß
2861 1925 2978 1985 auß
3052 1913 3243 1973 Vnser
3296 1907 3413 1967 An¬

2166 1933 2363 1993 Unser

2398 1935 2446 1995 etc.

2183 2001 2351 2061 suchen
2415 1999 2527 2059 Euch
2559 1997 2679 2057 sit.
2703 1993 2943 2053 beliebet,
3007 1987 3199 2047 furdere
3255 1980 3391 2040 An¬

2179 2071 2363 2131 gehorige
2439 2068 2526 2128 den
2547 2063 2829 2123 Justicier
2904 2057 3110 2117 Secret,
3164 2054 3272 2114 und
3283 2053 3424 2113 Ca¬

2172 2137 2511 2197 verbrand
2566 2134 2694 2194 umb
2721 2134 2996 2194 bewuste
3051 2129 3198 2189 sachen
3244 2125 3335 2185 zu

2167 2212 2242 2272 ret
2275 2206 2361 2266 und
2393 2203 2791 2263 verantwortung
2844 2204 2898 2264 zu
2941 2204 3242 2264 Zeuchen,
3253 2195 3371 2255 und

2152 2293 2326 2353 vnd
2374 2293 2451 2353 von
2509 2291 2653 2351 deren
2692 2290 2894 2350 verhor
2952 2284 3328 2344 anerbalt
3347 2274 3415 2334 zu

2164 2371 2584 2431 übermachen,
2584 2370 2827 2430 Erstehen
2847 2363 3003 2423 wie
3052 2354 3422 2414 außfuhrlich

2136 2441 2308 2501 durch
2337 2441 2518 2501 aber
2528 2439 2595 2499 zu
2643 2435 2786 2495 recht
2834 2432 3025 2492 einkommen
3235 2425 3426 2485 schreiben

2143 2513 2235 2573 De
2253 2512 2346 2572 B.
2373 2510 2567 2570 Curt.
2576 2509 2687 2569 und
2724 2507 2871 2567 deßen
2899 2505 2982 2565 2.
3000 2502 3277 2562 einlagen,
3295 2498 3443 2558 welche

2144 2580 2210 2640 so
2231 2578 2362 2638 frund
2372 2578 2687 2638 nachbarlich,
2731 2579 2829 2639 als
2850 2582 3133 2642 schleunige
3176 2581 3415 2641 wollfahr
