3024 4032
339 337 407 424 2.
482 493 1857 660 als höchst straaffwürdigen Vorstatten wider die Hoche
531 584 1866 733 Regierung, und Metl. uns 6. die solche führen, ge¬
522 677 1849 799 enommen, durch Gottes gnädige Leitung aber die Sach
532 756 1902 905 noch in Zeiten, und ehe der streich hat ausgeführt werden,
525 852 1848 999 könen, an tag gekommen und entdecket, dermassen,
514 957 1897 1080 daß die Urhebere so wohl, als viele ihrer mit interessierten
513 1054 1807 1181 und angegebenen zum theil würklich in Gefang.
514 1129 1835 1253 Verhafft gebracht, theils ihnen der Haus, Arrests an¬
494 1208 1876 1346 gelegt, mithin auch die Procedur alsobald angehoben
507 1299 1847 1441 worden, haben hoch gedacht Ihr Gn: dieses gut¬
497 1374 1731 1528 geheißen, so dann über ferners angebrachte
498 1473 1051 1611 Ratiocinia Erkennt
489 1580 1875 1761 Zedel an Meth. die Geheinde, und Kriegs Raht desp.
482 1678 1766 1826 Ihnen Mahl. seye allerbestens bekant, was
496 1763 1863 1885 für ferner, weibe praecautionen zu nemen, damit
492 1869 1835 1991 die hiesige Statt gnugsam versicheret seÿe, so wohl
488 1961 1754 2089 gegenwärtig, als bis die Beurtheilung und
486 2071 1831 2168 Caecution wider die droben enthaltene ohnglück¬
488 2133 1743 2272 seelige Personen vorüber: Es haben auch sie
491 2226 1778 2386 Mchg. die zu dem end vor Muth. R. und 3.
493 2313 1803 2454 angebrachte verschiede reflectionen mit mehrerem
491 2409 1861 2557 angehört. Nun finden Hochgedacht Ihr Gel. Demmnach
3411 406 3483 478 3.
2168 519 3443 702 am angemessensten, ihnen Michl. und dero¬
2127 624 3506 768 anwohnenden Klugheit, ohne in die Specialia eine
2117 715 3445 860 zutretten, alles lediglich zu überlaßen, masen
2114 801 3417 970 so wohl wegen allfähliger Beruehung mehrerer
2115 903 3447 1045 Froupper von Cavallerie und Infanterie und
2113 975 3463 1128 anderen Militarischen Anstalten, als sonsten in
2119 1091 3446 1223 diesem und jenem, so die Umständ mit bringen,
2128 1161 3439 1317 uns erforderen mögen, die Megs. alles das zu
2103 1255 3459 1396 verfüegen, belieben werden, was jeglicher von ihrer
2096 1336 3450 1490 Camer pflichts halber obliget, und Sie zu Erfüllung
2111 1432 3443 1565 des hoch Oberkeitl. Intents nächtig und hinlänglich
2113 1524 3413 1675 erachten, wie dann Ihr Gn: besondere Consideng
2109 1616 3121 1748 deßwegen gegen ihnen gestellt ist.
2080 1715 3024 1891 d an Kriegs Raht allein.
3023 1732 3431 1862 Ans weilen es
2112 1840 3476 1982 auch die Meinung hat, daß am tag der Beurtheilung
2112 1959 3422 2065 und Execution, weder der Delinquenten An¬
2111 2029 3413 2157 Verwandte sich dem Raht Hauß zu näheren, und
2097 2113 3476 2243 zu Supplicieren, noch anderem Volck solle gestattet
2113 2209 3414 2336 werden, sich allda ein zufinden, so stellen Mettl
2105 2285 3470 2417 ans Obere Ihnen Mich gl. anheim, auch dißähetige
2105 2403 3468 2499 Vorsorg zu thun, und so viel Mannschafft zu beordnen,
2095 2462 2940 2601 als Sie erforderlich erachten
