4032 3024
562 508 648 568 120

730 629 913 689 Auch
926 625 1083 685 dieser
1136 619 1332 679 Erzeigte
1358 613 1476 673 treue,
1528 611 1607 671 und
1646 612 1738 672 dem
1790 618 1908 678 Hohen

729 722 883 782 Sand
906 719 1131 779 hierdurch
1142 715 1378 775 geleistete
1426 712 1614 772 dienste
1638 712 1886 772 ohnbelohnet,

749 814 849 874 nicht
894 813 1116 873 laßen,
1128 809 1306 869 sondern
1362 806 1562 866 derselben
1629 807 1919 867 gebührende

735 908 1085 968 Rechenschafft
1117 905 1255 965 tragen
1286 902 1498 962 wollen,
1530 899 1816 959 Inmaßen

741 1009 1021 1069 Hochgedachte
1061 1007 1128 1067 Ihr
1141 1007 1288 1067 Jul.
1301 1009 1461 1069 Ihnen
1488 1010 1754 1070 Muth.
1781 1010 1901 1070 über¬

754 1106 987 1166 laßen,
987 1103 1098 1163 und
1120 1102 1220 1162 Sie
1242 1100 1487 1160 hierdurch
1509 1099 1786 1159 beglältigen
1820 1102 1942 1162 wollen

749 1205 939 1265 diesere
964 1201 1205 1261 Persohnen
1256 1198 1369 1258 nach
1395 1198 1521 1258 Ihrem
1572 1203 1825 1263 Mhhl.

749 1300 1036 1360 zufinden
1073 1298 1136 1358 an
1173 1298 1261 1358 Er
1273 1298 1385 1358 und
1410 1298 1523 1358 Gul
1560 1298 1598 1358 zu
1623 1298 1922 1358 recompensieren

754 1398 888 1458 vnd
910 1396 1022 1456 zwar
1045 1394 1090 1454 in
1112 1394 1313 1454 anstehen
1381 1397 1627 1457 derjenigen
1649 1399 1728 1459 so
1728 1398 1840 1458 Ehr¬

741 1493 1072 1553 verlangten,
1092 1495 1173 1555 ohne
1223 1495 1374 1555 einiche
1414 1498 1735 1558 Außnahm,
1746 1500 1896 1560 Wie

756 1591 882 1651 dan
920 1592 971 1652 zu
983 1594 1110 1654 thun,
1160 1596 1249 1656 Sie
1261 1598 1400 1658 Mhhl.
1527 1599 1741 1659 bestennd
1741 1595 1918 1655 laßen

749 1682 902 1742 forden
972 1682 1113 1742 D.

753 1841 1037 1901 Nachdeme
1084 1837 1214 1897 Megk
1285 1835 1333 1895 und
1380 1833 1510 1893 Obere
1545 1831 1675 1891 Rath
1711 1827 1782 1887 und
1805 1824 1947 1884 Burgere

754 1936 936 1996 ablesend
974 1934 1184 1994 angehort,
1213 1932 1308 1992 das
1337 1928 1566 1988 Verführte
1585 1924 1776 1984 Examen
1805 1919 1891 1979 mit

746 2044 948 2104 Friderich
989 2040 1161 2100 Gabriel
1212 2035 1395 2095 Scheürer
1435 2032 1516 2092 deß
1557 2029 1780 2089 gewesenen
1800 2026 1912 2086 Thor¬

755 2140 932 2200 Weybels
953 2140 1067 2200 Sohn,
1088 2137 1296 2197 sehedrich
1327 2135 1390 2195 in
1411 2132 1567 2192 Königl.
1577 2128 1817 2188 Frantzogischen
1858 2123 1962 2183 dienst¬

752 2240 917 2300 Welcher
938 2239 1015 2299 auf
1048 2237 1212 2297 zweyen
1234 2236 1365 2296 distes
1409 2233 1529 2293 derer
1562 2227 1836 2287 Conspiranten

763 2339 1054 2399 aufgezeichnet
1106 2332 1344 2392 befunden,
1376 2326 1448 2386 und
1500 2320 1687 2380 deßhalben
1739 2314 1864 2374 durch

765 2434 967 2494 offentliche
999 2425 1318 2485 Proclamation
1360 2418 1434 2478 zur
1445 2412 1817 2472 Verantwortung
1828 2408 1955 2468 allhero

769 2527 898 2587 citirt
980 2518 1178 2578 worden;
1190 2513 1295 2573 Sich
1307 2509 1424 2569 auch
1447 2503 1658 2563 demnach
1669 2498 1915 2558 gehorsamst

1828 2596 1915 2656 Ein¬

3349 478 3359 538 n.
3359 478 3400 538 2.
3400 475 3471 535 R.

2268 592 2389 652 ein,
2411 589 2489 649 und
2522 587 2544 647 in
2577 587 2666 647 die
2688 587 2821 647 Obere
2843 589 3141 649 gefangenschafft
3197 590 3374 650 gestellet
3407 589 3506 649 hat,

2282 703 2445 763 habend
2476 691 2619 751 Vhrtel
2670 685 2732 745 an
2752 682 2834 742 dem
2895 678 3151 738 gehaltenen
3161 674 3376 734 Examine
3406 669 3468 729 sich

2277 803 2341 863 zu
2378 792 2628 852 ersettigen,
2646 784 2739 844 auch
2766 779 2840 839 den
2877 774 3053 834 Scheurer
3081 771 3108 831 in
3127 768 3265 828 seiner
3293 762 3469 822 Verant¬

2281 886 2495 946 Wortung
2505 876 2597 936 und
2628 865 2924 925 Justification
2975 855 3190 915 gnädigst
3220 849 3465 909 anzunemen

2271 980 2514 1040 beruhet,
2525 964 2705 1024 Mithin
2747 954 2842 1014 Ihne
2863 949 2959 1009 von
2990 942 3255 1002 dißorthiger
3276 936 3477 996 Anklag¬

2287 1075 2504 1135 liberiert
2550 1059 2630 1119 und
2642 1051 2768 1111 auff
2791 1041 2928 1101 freyen
2962 1034 3065 1094 Fueß
3111 1029 3283 1089 zustellen
3306 1025 3535 1085 anbefohlen.

2288 1214 2434 1274 Redel
2487 1201 2540 1261 an
2554 1193 2700 1253 Megsten
2766 1182 2833 1242 die
2833 1175 3085 1235 gehembden
3112 1167 3271 1227 Raht,
3284 1165 3391 1225 Sie
3404 1163 3524 1223 deßen

2302 1303 2577 1363 Nachrichtlich
2621 1281 2896 1341 verständigen

2284 1452 2427 1512 Wedel
2486 1441 2534 1501 an
2569 1433 2700 1493 herren
2759 1414 3103 1474 Großlebet.
3115 1399 3293 1459 Ihne
3317 1391 3447 1451 deßen

2309 1543 2412 1603 auch
2422 1524 2833 1584 benachrichtigen,
2844 1504 3019 1564 damitt
3050 1494 3132 1554 der
3142 1486 3358 1546 Scheuner
3389 1478 3461 1538 der

2297 1628 2657 1688 Gefangenschafft
2698 1603 2903 1663 entlaßen
2955 1587 3171 1647 werde.

2528 1754 2770 1814 Clage
2794 1743 2854 1803 den
2879 1740 2939 1800 12.
2939 1735 3096 1795 Sept.
3133 1727 3302 1787 1719.

2703 1834 2871 1894 Coram
2932 1823 2985 1883 200

2305 1978 2524 2038 von
2559 1974 2709 2034 Muls,
2744 1970 2801 2030 und
2813 1965 2974 2025 Oberen
3009 1958 3067 2018 H.
3067 1954 3159 2014 vnd
3182 1950 3240 2010 B.
3263 1947 3309 2007 ist
3332 1941 3505 2001 heutigen

2316 2051 2428 2111 wage
2436 2047 2669 2107 behandet
2712 2036 2892 2096 worden,
2927 2029 3012 2089 das
3047 2019 3262 2079 zufachten
3279 2007 3460 2067 Mhhl.

2311 2122 2397 2182 der
2431 2116 2653 2176 gehenden
2705 2106 2868 2166 Rähten
2927 2095 3141 2155 ansehend,
3167 2085 3236 2145 die
3270 2075 3415 2135 mittel
3441 2063 3518 2123 der

2309 2187 2636 2247 conspiranten,
2664 2177 2721 2237 da
2758 2172 2861 2232 dan
2898 2165 3001 2225 nach
3029 2152 3263 2212 Verlesung
3301 2127 3507 2187 deßelben

2308 2260 2431 2320 vber
2459 2253 2535 2313 die
2563 2247 2668 2307 erste
2715 2238 2857 2298 darin
2904 2222 3169 2282 enthaltene
3188 2205 3340 2265 frage,
3368 2191 3444 2251 Ob

2308 2328 2392 2388 die
2401 2320 2560 2380 Mittel
2606 2310 2700 2370 der
2718 2302 2886 2362 dreyen
2923 2288 3175 2348 inquiren
3203 2276 3259 2336 zu
3296 2260 3520 2320 conferieren

2313 2398 2438 2458 zeigen
2476 2385 2572 2445 oder
2591 2378 2696 2438 nicht
2706 2373 2744 2433 3.
2754 2367 2955 2427 Melchen
2984 2358 3051 2418 und
3060 2350 3214 2410 Oberen
3233 2337 3367 2397 Mund
3396 2323 3472 2383 G.

2315 2464 2504 2524 befunden
2548 2451 2615 2511 und
2626 2442 2837 2502 erkent,
2859 2433 2959 2493 daß
2982 2424 3082 2484 hoch
3104 2413 3260 2473 dieselben
3304 2396 3382 2456 die¬

2333 2531 2469 2591 Mittel
2527 2520 2653 2580 diser
2683 2514 2721 2574 3
2751 2504 3080 2564 hingerichteten,
3110 2489 3197 2549 nach
3226 2479 3362 2539 bißher
3381 2464 3546 2524 tzeigter
