4032 3024
530 514 538 574 14

794 646 1098 706 Nachdeme
1177 638 1468 698 verschiedene
1521 638 1626 698 also
1666 640 1772 700 hand
1798 642 1891 702 vest

801 723 1077 783 gemachet,
1087 718 1291 778 wurden
1342 716 1454 776 auch
1485 716 1608 776 Ihre
1628 720 1853 780 consorten

810 818 918 878 nach
929 817 1048 877 denen
1108 814 1536 874 vorgefundenen
1596 820 1929 880 Verzeichnußen

796 916 921 976 theils
952 910 994 970 in
1025 904 1192 964 arrest
1255 902 1421 962 theils
1463 903 1515 963 in
1546 909 1911 969 Gefangenschafft

789 997 1014 1057 geleget,
1014 988 1230 1048 Einiche
1281 986 1414 1046 aber
1476 987 1579 1047 und
1609 989 1794 1049 zwar
1835 992 1907 1052 von

799 1081 916 1141 denen
986 1074 1138 1134 Must
1173 1070 1395 1130 schuldigen
1465 1070 1675 1130 fanden
1710 1074 1873 1134 Mittel

802 1159 912 1219 der
932 1153 1295 1213 Bekandigung
1325 1147 1426 1207 und
1466 1144 1688 1204 gerechten
1698 1144 1899 1204 Straafe

786 1238 856 1298 zu
895 1226 1142 1286 entgehen.

794 1378 960 1438 Aus
986 1381 1100 1441 denen
1177 1382 1394 1442 verhören
1470 1379 1572 1439 nun
1585 1376 1700 1436 und
1725 1373 1878 1433 frey¬

810 1462 1048 1522 müchtiger
1072 1462 1394 1522 bekändtnuß
1441 1459 1596 1519 dieser
1608 1457 1989 1517 unglückhafftigen

1690 1500 1751 1560 von

809 1548 1002 1608 burgeren
1070 1541 1309 1601 erhället,
1320 1543 1434 1603 daß
1468 1545 1661 1605 theils
1684 1547 1809 1607 Ihnen
1866 1544 1968 1604 durch

809 1630 891 1690 die
902 1627 1147 1687 betrübte
1170 1633 1438 1693 instände
1462 1640 1613 1700 Ihres
1625 1643 1776 1703 Hauß
1811 1642 1951 1702 bestens

805 1700 875 1760 und
895 1699 1116 1759 geringer
1136 1706 1387 1766 meistens
1427 1715 1578 1775 durch
1578 1721 1879 1781 gebrachter

807 1785 1121 1845 Faculteten,
1153 1791 1337 1851 theils
1369 1795 1499 1855 durch
1521 1796 1597 1856 ohn
1629 1798 1813 1858 zeitigen
1878 1797 1964 1857 und

797 1868 1063 1928 ohnlöblichen
1129 1871 1218 1931 Ihr
1229 1874 1340 1934 Zeit
1384 1876 1473 1936 sich
1506 1879 1728 1939 verleiten
1761 1876 1938 1936 laßen,

802 1946 876 2006 auf
914 1948 1087 2008 Höchst
1087 1951 1398 2011 bedenckliche
1422 1955 1534 2015 weit
1571 1959 1881 2019 ausstehende

798 2032 1076 2092 Neuerungen
1143 2033 1229 2093 Ja
1258 2035 1373 2095 gar
1411 2037 1488 2097 auf
1526 2041 1891 2101 Unwehrung

798 2126 1042 2186 Unserer
1094 2128 1286 2188 Staats
1325 2128 1645 2188 Verfaßung
1684 2128 1992 2188 abzuzahlen.

804 2207 1002 2267 Welches
1013 2206 1113 2266 dan
1146 2206 1256 2266 ohne
1267 2210 1588 2270 grausames
1632 2216 1731 2276 blut
1753 2221 1963 2281 vergießen

807 2284 909 2344 nicht
927 2287 1196 2347 tentieret,
1205 2290 1316 2350 viel
1344 2292 1539 2352 weniger
1576 2294 1687 2354 aber
1733 2299 1854 2359 hätte

802 2374 1039 2434 ausgefuhrt
1084 2373 1220 2433 werden
1288 2371 1401 2431 könne

803 2475 892 2535 zu
905 2467 1070 2527 diesem
1120 2461 1361 2521 Gottlosen,
1399 2463 1501 2523 Endt
1526 2465 1666 2525 weib
1704 2469 1742 2529 zu
1793 2474 2008 2534 gelangen¬

1429 2506 1452 2566 2

813 2546 959 2606 haben
1004 2539 1082 2599 Sie
1105 2537 1251 2597 Ihre
1273 2539 1610 2599 Mitburger
1633 2543 1734 2603 auf
1779 2543 1891 2603 Alle

2249 1884 2285 1944 EE.

3403 478 3423 538 de

2294 646 2401 706 der
2413 640 2578 700 sinliche
2590 640 2744 700 weibe
2756 640 2827 700 zu
2850 641 3087 701 Vnbillen
3158 641 3217 701 so
3229 640 3324 700 wohl
3347 637 3477 697 gegen¬

2313 729 2521 789 Vnsere
2542 722 2770 782 Personen,
2812 719 2874 779 als
2905 719 3020 779 auch
3051 719 3207 779 wider
3248 724 3456 784 Unsere

2323 805 2640 865 Verordnungen
2683 800 2869 860 vorehret,
2890 804 3130 864 versezet,
3141 808 3272 868 das
3272 809 3512 869 Regimen¬

2308 896 2527 956 selbsten
2570 893 2712 953 unter
2756 893 2985 953 nichtigem
3039 892 3290 952 Vorwand
3323 890 3432 950 und

2323 980 2581 1040 Grunkosten
2612 979 3076 1039 Vermuglimpffung,
3106 977 3179 1037 als
3199 976 3550 1036 ohnrechtmäßig

2341 1057 2419 1117 vnd
2445 1060 2668 1120 Eynach
2694 1063 3009 1123 anzuschwarzen
3061 1063 3362 1123 getrachtet,
3375 1060 3480 1120 da¬

2321 1147 2420 1207 doch
2447 1150 2626 1210 selbiges
2670 1152 2778 1212 ich
2814 1153 3037 1213 etwelchen
3091 1153 3368 1213 Jahrundert
3413 1153 3458 1213 in

2341 1228 2477 1288 Solch
2487 1226 2623 1286 Löbl.
2644 1228 2978 1288 Verfaßung
2999 1231 3270 1291 bestanden,
3301 1233 3385 1293 auch
3406 1235 3500 1295 biß

2343 1314 2524 1374 anheute
2554 1312 2645 1372 von
2685 1311 2765 1371 dem
2816 1312 3198 1372 Allerbersten
3239 1313 3450 1373 Herren

2334 1395 2472 1455 Aller
2507 1391 2737 1451 Herrschafft
2772 1388 2830 1448 mit
2864 1387 3233 1447 augenscheinlich
3233 1389 3291 1449 ein
3325 1393 3486 1453 Schutz

2335 1471 2424 1531 vnd
2450 1471 2857 1531 unermehrendem
2919 1469 3078 1529 kegen
3122 1469 3413 1529 bekrönet,
3431 1471 3502 1531 von

2332 1553 2554 1613 Vnseren
2606 1556 2733 1616 seel.
2754 1568 3397 1628 Regiments-Verbaren
3429 1568 3513 1628 wohl

2335 1634 2599 1694 bevestiget,
2610 1637 2742 1697 vns
2775 1642 3061 1702 hinterlaßen
3116 1641 3292 1701 worden

2374 1866 2502 1926 So
2531 1862 2631 1922 aber
2659 1860 2730 1920 die
2759 1858 3002 1918 Außrücher
3059 1858 3144 1918 bey
3158 1858 3301 1918 vielen
3358 1858 3529 1918 Ehelichen

2354 1947 2629 2007 Gemühteren
2682 1941 2756 2001 ein
2820 1939 3053 1999 Abschehen
3117 1939 3392 1999 gefunden,
3402 1939 3466 1999 in

2354 2030 2458 2090 Ihre
2493 2027 2737 2087 greuliche
2771 2026 2980 2086 Anschläge
3026 2026 3096 2086 zu
3142 2026 3305 2086 geholen
3409 2026 3536 2086 haben

2352 2118 2451 2178 Sie
2484 2119 2605 2179 Ihren
2616 2117 2737 2177 gifft
2737 2117 2792 2177 zu
2825 2111 3144 2171 verbergen,
3177 2107 3243 2167 und
3298 2105 3331 2165 in
3375 2104 3485 2164 den

2356 2203 2594 2263 vorwand
2626 2206 2702 2266 zu
2734 2201 3047 2261 verhällen,
3058 2191 3403 2251 abgerahten,
3425 2182 3511 2242 als

2352 2280 2457 2340 Wan
2486 2276 2543 2336 es
2572 2274 2687 2334 einig
2715 2273 2801 2333 und
2849 2272 3021 2332 Alleine
3069 2270 3136 2330 im
3184 2272 3499 2332 Pfandung

2355 2360 2646 2420 bürgerlicher
2680 2357 2803 2417 Liebe
2825 2356 2926 2416 und
2948 2356 3172 2416 Einigkeit,
3206 2356 3273 2416 in
3318 2358 3576 2418 behaltung

2370 2438 2474 2498 der
2516 2434 2859 2494 Freyheiten,
2880 2431 2984 2491 auch
2984 2431 3036 2491 im
3098 2429 3359 2489 Außung
3400 2428 3494 2488 der

2362 2515 2512 2575 Hans
2523 2509 2684 2569 verwen
2696 2507 2776 2567 und
2799 2506 3133 2566 Professionen
3179 2506 3225 2566 zu
3236 2506 3363 2566 thun
3374 2506 3466 2566 seyn
