4032 3024
439 470 662 530 Weib
674 479 786 539 und
786 487 984 547 Leben,
984 493 1083 553 gut
1133 500 1232 560 und
1232 506 1356 566 Blut
1405 514 1479 574 auf
1504 528 1789 588 zuesteren,

486 569 623 629 und
648 581 735 641 sich
760 587 822 647 zu
860 593 997 653 Jeden
1009 599 1184 659 Zeiten,
1221 606 1308 666 als
1333 615 1545 675 Getrene
1570 640 1869 700 Unterthanen

490 679 883 739 darzustellenn,
883 692 1086 752 habens
1124 701 1289 761 Mehl.
1327 709 1442 769 aus
1492 717 1594 777 kein
1632 728 1708 788 H.
1721 739 1860 799 Land¬

480 776 671 836 Vogts,
671 783 810 843 durch
831 787 937 847 der
980 793 1214 853 Landschafft
1256 806 1586 866 abgeordnete
1628 827 1798 887 über¬

482 874 720 934 brachtem
779 877 1005 937 Schreiben
1041 890 1314 950 erfreulich
1338 906 1540 966 ersehen,
1575 921 1647 981 uns
1706 936 1813 996 zu¬

476 976 736 1036 Gnädigem
770 985 1041 1045 Vermuegen
1075 1002 1460 1062 aufgenomen:

1592 1025 1806 1085 Gleichwie

469 1082 514 1142 nun
626 1087 704 1147 Ihr
738 1090 794 1150 in
862 1094 951 1154 an
996 1099 1075 1159 der
1120 1104 1254 1164 den
1311 1111 1456 1171 dieser
1479 1119 1636 1179 Ihrer
1658 1127 1816 1187 lieben

462 1184 803 1244 Angehörigen
870 1190 925 1250 zu
969 1195 1145 1255 keinen
1201 1202 1355 1262 Zeiten
1410 1212 1609 1272 einichen
1631 1222 1829 1282 Zweiffel

455 1282 744 1342 getragen,
754 1282 883 1342 und
925 1288 1214 1348 allerdings
1257 1299 1513 1359 verhofen,
1545 1308 1641 1368 daß
1705 1312 1748 1372 in

468 1382 869 1442 Vorfallenheiten
927 1385 1081 1445 Ihnen
1104 1392 1316 1452 dieselbe
1363 1402 1504 1462 deßen
1540 1408 1716 1468 wahre

451 1487 671 1547 groben
720 1486 840 1546 geben
900 1490 1149 1550 werden;
1159 1492 1278 1552 Also
1318 1496 1447 1556 wird
1457 1498 1577 1558 auch
1587 1498 1646 1558 in
1686 1498 1836 1558 specie

446 1591 582 1651 Ihre
627 1588 922 1648 dißmahlige
978 1589 1103 1649 gute
1137 1592 1375 1652 Gestirung
1409 1598 1488 1658 uns
1522 1604 1839 1664 Versicherung

438 1699 550 1759 Ihr
575 1699 649 1759 zu
724 1699 774 1759 in
799 1697 1134 1757 gedachtnuß
1196 1697 1371 1757 ruhen,
1408 1697 1557 1757 davon
1594 1699 1694 1759 den
1731 1700 1806 1760 Er¬

453 1809 539 1869 H.
564 1803 849 1863 Landvogt
874 1799 1010 1859 Ihre
1047 1798 1121 1858 der
1121 1797 1393 1857 Landschafft
1430 1795 1492 1855 die
1517 1792 1789 1852 großnung

441 1908 517 1968 zu
555 1902 682 1962 thun
720 1897 936 1957 wüßen
974 1897 1114 1957 und
1152 1897 1330 1957 keiner
1368 1896 1494 1956 seits
1545 1893 1609 1953 in
1647 1887 1812 1947 keiner

464 2009 779 2069 ruhmlichen
824 2004 1083 2064 Sigilantz
1128 1999 1409 2059 fortfahren
1443 1996 1668 2056 werde,
1679 1994 1814 2054 Als

450 2117 591 2177 darin
693 2111 783 2171 Ihr
783 2107 923 2167 Ihn,
936 2100 1179 2160 besondern
1192 2092 1486 2152 Considentz
1524 2088 1563 2148 in
1576 2087 1703 2147 Ihre
1716 2087 1844 2147 sezen,

404 2344 651 2404 Dedel
680 2326 767 2386 an
796 2315 1028 2375 Muhl.
1057 2308 1173 2368 Alt
1173 2306 1390 2366 Landvegst
1448 2306 1622 2366 Stetter
1637 2308 1709 2368 von
1724 2309 1825 2369 Vn¬

414 2434 703 2494 Mhh.
737 2421 922 2481 finden,
968 2411 1268 2471 dermahlenn,
1268 2407 1361 2467 da
1384 2404 1788 2464 Ausgeschoßene

451 2525 554 2585 von
600 2513 1002 2573 Interlowen,
1014 2503 1255 2563 Namens
1301 2499 1381 2559 der
1393 2494 1669 2554 Landschafft

1686 2550 1736 2610 ein

3354 441 3411 501 13.

2079 552 2187 612 de
2259 548 2473 608 Schreiben
2509 555 2545 615 an
2581 564 2724 624 Mahl
2814 588 3100 648 überbracht,
3100 597 3154 657 und
3154 598 3423 658 Willige

2098 646 2254 706 Ihrer
2289 641 2409 701 Inen
2444 642 2504 702 zu
2516 649 2802 709 versicheren,
2826 660 2886 720 der
2898 671 3256 731 Anständigkeit
3280 677 3399 737 gemäs

2106 743 2245 803 Ihnen
2270 740 2396 800 heute
2422 742 2523 802 bey
2535 745 2674 805 einer
2699 756 2952 816 Mahlzeit
2977 767 3065 827 von
3091 778 3343 838 Oberkeits
3343 787 3469 847 wegen

2115 835 2378 895 Gesellschafft
2398 842 2550 902 leisten
2611 847 2662 907 zu
2702 854 2905 914 laßen;
2915 864 3168 924 Maßen
3209 873 3259 933 Er
3290 879 3432 939 Mulch¬

2107 925 2172 985 ein
2247 934 2409 994 solches
2441 940 2506 1000 mit
2571 944 2624 1004 zu
2657 950 2861 1010 zeuchung
2894 956 2958 1016 ein
2991 961 3098 1021 paar
3152 969 3325 1029 Herren
3346 976 3432 1036 der

2096 1028 2374 1088 Burgeren,
2407 1031 2492 1091 und
2514 1036 2631 1096 eines
2663 1042 2738 1102 der
2760 1048 2835 1108 H.
2845 1060 3123 1120 Officialen
3156 1069 3198 1129 zu
3230 1075 3423 1135 erstatten,

2101 1124 2302 1184 bestens
2322 1126 2503 1186 Causen
2533 1132 2644 1192 werde
2674 1138 2744 1198 etc.

2018 1357 2186 1417 dan
2256 1360 2381 1420 Alle
2381 1364 2465 1424 N.
2507 1373 2647 1433 Ohrt
2703 1383 2758 1443 der
2786 1404 3247 1464 Trostschafft
3303 1418 3401 1478 zum

2111 1453 2184 1513 an
2205 1454 2361 1514 Abbt
2371 1460 2475 1520 uns
2506 1466 2652 1526 Statt
2683 1473 2746 1533 S.
2777 1483 3016 1543 Gallen,
3047 1492 3120 1552 wie
3152 1499 3245 1559 auch
3256 1504 3432 1564 Mallis

2088 1546 2217 1606 Ihnen
2254 1546 2346 1606 von
2392 1549 2475 1609 der
2512 1554 2567 1614 in
2594 1562 2797 1622 hiesiger
2843 1573 2981 1633 Haubt
3018 1582 3147 1642 Statt
3166 1587 3249 1647 aus
3249 1590 3405 1650 gebrochen

2103 1632 2425 1692 conspiration
2471 1648 2831 1708 participation
2886 1667 3061 1727 geben,
3071 1673 3190 1733 Als
3209 1675 3292 1735 iu¬

3042 1770 3107 1830 6.
3139 1778 3291 1838 Mis.
3301 1780 3366 1840 D.

2107 1913 2264 1973 Gert
2280 1915 2374 1975 und
2374 1926 2783 1986 Reuenburg,
2830 1943 2988 2003 Furstl.

3074 1957 3285 2017 Raht,
3320 1966 3402 2026 Ihnen

2110 2000 2333 2060 ohngefehr
2356 2002 2415 2062 in
2450 2006 2602 2066 gleichen
2638 2018 2896 2078 Terminio
2907 2030 2989 2090 zu
3013 2043 3235 2103 schreiben,
3271 2057 3341 2117 Als

3100 2150 3265 2210 Obid.

2116 2279 2396 2339 Bandische
2426 2283 2544 2343 Hhl.
2544 2288 2986 2348 Ehrengesandte

3080 2293 3223 2353 Ihnen
3253 2293 3325 2353 von
3355 2296 3416 2356 der

2122 2372 2263 2432 Sachen
2301 2374 2595 2434 Verlaßenheit
2608 2372 2941 2432 substantzliche

3064 2386 3259 2446 Nachricht
3298 2395 3454 2455 geben.

2109 2456 2196 2516 Als
2262 2458 2316 2518 zu
2360 2458 2468 2518 sehen

3133 2527 3270 2587 Sid.

2103 2536 2195 2596 An
2252 2537 2333 2597 Ihr
2344 2536 2482 2596 Lacltz
2482 2534 2551 2594 den
2574 2533 2666 2593 Fr.
2689 2532 2712 2592 H.
2746 2530 3010 2590 Ambassatoren

3319 2639 3429 2699 Zabel
