4032 3024
541 517 568 577 18

722 542 1028 602 Mitwochen
1087 532 1146 592 den
1170 528 1228 588 10
1264 519 1534 579 Auguste

926 648 1077 708 Casum
1132 637 1338 697 Senatu

712 800 832 860 Edel
871 795 951 855 an
965 792 1124 852 Mhhl.
1137 788 1377 848 Matthalter
1403 786 1457 846 Ott
1550 784 1709 844 Aber
1736 781 1816 841 von

709 878 804 938 ihme
856 871 1035 931 Mühl.
1035 865 1329 925 Statthalter
1371 862 1444 922 bey
1476 860 1654 920 Muhl.
1675 857 1864 917 gethane

708 952 986 1012 Rahten,
996 947 1079 1007 ver
1116 943 1237 1003 disen
1274 940 1460 1000 Morgen
1506 935 1618 995 von
1636 933 1775 993 Mull

711 1024 788 1084 und
814 1021 943 1081 Oberen
968 1018 1028 1078 S.
1054 1015 1131 1075 und
1157 1013 1200 1073 B.
1217 1010 1286 1070 in
1337 1006 1517 1066 puncto
1551 1003 1594 1063 der
1663 999 1800 1059 sibierte

716 1099 792 1159 und
802 1095 1145 1155 proclamirten
1154 1087 1449 1147 conspiranten
1487 1081 1583 1141 die
1592 1078 1725 1138 erste
1745 1075 1897 1135 Urthie

708 1174 766 1234 zu
775 1173 948 1233 eröfnen
967 1169 1091 1229 haben
1159 1165 1293 1225 solle,
1321 1161 1465 1221 haben
1504 1155 1647 1215 mehr
1724 1145 1839 1205 hiemit

708 1248 886 1308 befunden
925 1245 1004 1305 und
1034 1243 1241 1303 erkent,
1261 1240 1369 1300 daß
1418 1234 1586 1294 solches
1625 1225 1773 1285 durch

706 1327 868 1387 Mahl.
868 1324 906 1384 I.
935 1321 1020 1381 Sie
1154 1316 1211 1376 als
1258 1313 1335 1373 dem
1392 1308 1601 1368 Jungsten
1611 1302 1677 1362 H.
1706 1296 1820 1356 Vnndt

706 1393 856 1453 beschehen
916 1390 1047 1450 solle,
1057 1388 1238 1448 deßen
1268 1387 1328 1447 14.
1368 1385 1539 1445 Muhl.
1539 1377 1820 1437 Statthalten

706 1461 823 1521 hiemit
876 1458 948 1518 zur
983 1455 1180 1515 nachricht
1207 1451 1404 1511 berichtet
1439 1444 1618 1504 werde.

713 1573 855 1633 Redel
888 1569 931 1629 an
986 1567 1149 1627 Mhhl.
1149 1565 1203 1625 D.
1203 1564 1367 1624 Siner
1421 1562 1552 1622 Obhut
1606 1558 1737 1618 deßen
1759 1554 1922 1614 berichten

711 1636 771 1696 mit
801 1634 941 1694 Jul.
971 1632 1201 1692 gesamenn,
1201 1631 1351 1691 solches
1371 1631 1501 1691 deten
1541 1630 1721 1690 Morgen
1761 1625 1851 1685 Vor¬

702 1707 859 1767 Muhl.
893 1703 960 1763 und
982 1702 1140 1762 obgen
1162 1700 1229 1760 zu
1241 1700 1499 1760 erstatten,

905 1863 1155 1923 Mitbochen
1195 1868 1215 1928 den
1255 1871 1335 1931 20ten
1346 1874 1476 1934 Augusti
1516 1877 1626 1937 lorum
1636 1880 1736 1940 200.

876 1949 1000 2009 darzu
1000 1956 1145 2016 Mag.
1176 1961 1238 2021 und
1238 1963 1342 2023 Ober
1362 1966 1445 2026 bey
1466 1968 1569 2028 Eyden
1569 1969 1776 2029 versamblet
1797 1966 1963 2026 worden.

692 2108 914 2168 Nachdeme
924 2120 1056 2180 Mag.
1056 2125 1096 2185 in
1096 2127 1187 2187 folge
1197 2131 1288 2191 dero
1288 2135 1379 2195 Hohen
1420 2142 1622 2202 Erkantnuß
1642 2146 1703 2206 vom
1713 2149 1774 2209 23.
1824 2153 1885 2213 Julÿ

693 2199 845 2259 Leschin
868 2208 926 2268 die
938 2212 996 2272 der
996 2219 1241 2279 Conspiration
1264 2226 1345 2286 halb
1357 2230 1497 2290 fluchtig
1520 2234 1672 2294 geworden,
1707 2236 1811 2296 durch
1823 2239 1858 2299 oß
1881 2240 1928 2300 ent¬

696 2294 789 2354 liche
809 2304 1078 2364 proclamation
1098 2311 1181 2371 und
1202 2315 1377 2375 erffliches
1398 2317 1460 2377 auß
1490 2318 1542 2378 seit
1563 2320 1779 2380 altgesetzten
1810 2323 1976 2383 Terminum

682 2386 819 2446 sitatem
839 2390 995 2450 culirte
1015 2395 1201 2455 Bürgern,
1201 2401 1387 2461 Nahmens
1416 2407 1543 2467 Gabriel
1573 2410 1729 2470 Gueter,
1749 2413 1798 2473 den
1817 2414 1974 2474 handelt¬

690 2467 820 2527 ren,
840 2470 940 2530 Daniel
980 2476 1110 2536 Gueter
1120 2480 1200 2540 dem
1220 2485 1460 2545 Goldscheid,
1490 2492 1640 2552 Gottfrid
1660 2496 1780 2556 Kuhn
1780 2498 1860 2558 den
1880 2498 1980 2558 Berbe¬

697 2556 781 2616 und
781 2561 908 2621 David
950 2565 1034 2625 zug
1065 2568 1129 2628 der
1160 2571 1402 2631 Goldschmidt,
1402 2575 1602 2635 nochmahlen
1644 2581 1686 2641 zu
1708 2584 1823 2644 dreyen

3389 455 3430 515 99.

2184 523 2522 583 vnderschidlichen
2552 520 2730 580 Rueffen
2760 520 2810 580 und
2839 520 2939 580 Recht
2939 520 3078 580 forderen
3117 519 3207 579 laßen
3236 518 3355 578 selbige
3385 517 3475 577 abe¬

2194 620 2358 680 sämbtlich
2358 614 2632 674 außgeblieben,
2641 612 2696 672 Ist
2714 610 2760 670 auß
2787 609 2897 669 gethane
2924 608 3025 668 außage
3043 608 3080 668 an
3089 608 3226 668 Mhhl.
3235 609 3326 669 Vener
3326 610 3427 670 Sinte¬

2196 712 2286 772 und
2286 709 2445 769 hofolgte
2456 708 2535 768 umb
2535 707 2626 767 frag,
2637 706 2682 766 und
2682 706 2773 766 mehr
2795 705 2852 765 gesagt
2897 704 3033 764 worden,
3044 704 3089 764 Ob
3101 704 3225 764 gedeute
3248 704 3474 764 außgeblieben

2191 804 2417 864 beschuldigte
2442 803 2659 863 deperatum,
2676 803 2734 863 und
2759 803 2851 863 Man
2876 803 2943 863 für
2960 805 3077 865 Man,
3077 805 3152 865 oder
3160 805 3252 865 aber
3252 805 3453 865 cumulation

2196 889 2270 949 und
2270 887 2481 947 samethafft
2491 886 2692 946 dermahlen
2702 886 2766 946 zu
2766 886 2987 946 beuetheilten
3008 884 3103 944 seyen,
3156 883 3209 943 da
3230 881 3293 941 dan
3293 879 3378 939 für
3388 877 3441 937 die

2198 982 2308 1042 Erste
2328 979 2496 1039 Meinung
2516 979 2566 1039 93.
2566 979 2636 1039 fur
2665 979 2715 1039 die
2725 979 2824 1039 andere
2854 979 2924 1039 aber
2934 979 2963 1039 1.
2963 979 3102 1039 sinen
3122 979 3232 1039 gezecht
3251 977 3390 1037 worden,
3400 976 3480 1036 nach¬

2210 1076 2327 1136 beths
2327 1074 2401 1134 dan
2412 1072 2497 1132 auß
2518 1071 2592 1131 Eine
2603 1070 2698 1130 zweyte
2730 1069 2879 1129 umbsag
2900 1068 2963 1128 zum
2985 1067 3091 1127 mehr
3101 1066 3260 1126 komen,
3271 1066 3314 1126 Ob
3324 1063 3409 1123 diese

2198 1162 2369 1222 Urthell
2390 1160 2433 1220 in
2433 1159 2700 1219 contumaciam
2753 1157 2839 1217 dahin
2860 1156 3063 1216 ausgefällt
3095 1154 3191 1214 werden
3223 1154 3330 1214 solle,
3330 1154 3405 1214 daß
3426 1154 3501 1214 diese

2208 1253 2448 1313 beschuldigte
2459 1252 2546 1312 wegen
2568 1250 2644 1310 Ihr
2677 1249 2906 1309 ausbleibend
2927 1247 3069 1307 Mughl.
3080 1247 3123 1307 mit
3156 1246 3232 1306 Leib
3254 1246 3320 1306 und
3341 1246 3450 1306 guth¬

2200 1351 2442 1411 zubekennet,
2464 1350 2518 1410 daß
2540 1348 2793 1408 hochverrahts
2793 1346 2858 1406 und
2891 1345 3045 1405 darauff
3056 1343 3209 1403 gesetzter
3209 1343 3330 1403 Todes
3352 1343 3462 1403 straf¬

2211 1435 2298 1495 vnd
2320 1436 2407 1496 Vogel
2440 1436 2516 1496 frey
2527 1437 2636 1497 Erben
2701 1438 2854 1498 beeden,
2865 1438 2963 1498 oder
2963 1438 3017 1498 ob
3039 1438 3093 1498 bey
3126 1438 3235 1498 dieser
3246 1441 3518 1501 beuetheillung

2216 1522 2271 1582 in
2293 1522 2391 1582 jedes
2413 1522 2685 1582 Delinquentin
2729 1525 2903 1585 verbrechen
2925 1528 3165 1588 specialiter
3176 1530 3470 1590 einzutreten,
3481 1531 3536 1591 und

2213 1610 2291 1670 die
2302 1612 2536 1672 angemeßene
2559 1613 2704 1673 gerichte
2704 1615 2826 1675 Straß
2849 1616 2904 1676 zu
2927 1618 3083 1678 dictieren
3105 1618 3183 1678 seyn
3206 1619 3328 1679 wolte?
3328 1621 3395 1681 da
3429 1622 3496 1682 fur

2215 1701 2268 1761 die
2300 1700 2386 1760 Erste
2396 1699 2588 1759 Meinung
2588 1700 2663 1760 30.
2663 1700 2748 1760 für
2769 1701 2822 1761 die
2822 1702 2950 1762 andere
2971 1703 3057 1763 dan
3078 1705 3142 1765 73.
3174 1706 3312 1766 sinen
3334 1708 3547 1768 außgefallen

2218 1793 2318 1853 Vndt
2367 1793 2417 1853 dan
2455 1793 2529 1853 noch
2554 1793 2592 1853 zue
2629 1793 2691 1853 frag
2704 1794 2878 1854 komen,
2891 1795 2941 1855 da
2953 1796 3140 1856 dermahlen
3190 1800 3240 1860 mit
3277 1804 3401 1864 diesen
3426 1808 3501 1868 pro¬

2215 1889 2410 1949 limenae
2433 1889 2673 1949 quastionem
2696 1888 2777 1948 die
2777 1888 2868 1948 Zeit
2914 1888 3201 1948 hingefloßen,
3212 1889 3258 1949 ob
3258 1891 3407 1951 denoch
3418 1893 3510 1953 heute

2212 1984 2277 2044 fort
2316 1984 2457 2044 gefahren
2483 1982 2612 2042 werden
2651 1982 2754 2042 solle,
2793 1984 2947 2044 welches
2960 1985 3063 2045 aber
3063 1986 3141 2046 mit
3179 1987 3231 2047 63.
3270 1989 3373 2049 gegen
3399 1993 3515 2053 22.

2237 2077 2361 2137 seinen
2399 2081 2622 2141 verleßen,
2660 2083 2821 2143 hingegen
2846 2083 3020 2143 Einhalig
3020 2084 3082 2144 auf
3132 2084 3331 2144 vönstigen
3356 2084 3517 2144 Beylag¬

2246 2172 2350 2232 diese
2362 2178 2633 2238 beuetheillung
2659 2182 2840 2242 vortragen
2891 2182 2956 2242 und
2956 2182 3033 2242 vor
3046 2182 3098 2242 sich
3110 2183 3201 2243 gehen
3227 2185 3407 2245 zulaßen,
3446 2186 3484 2246 mit
3523 2189 3588 2249 hin¬

2224 2270 2345 2330 Erkent
2367 2269 2522 2329 worden.

2243 2362 2347 2422 Edel
2385 2362 2432 2422 an
2460 2363 2649 2423 Michghl.
2649 2366 2923 2426 Stadthalter
2951 2361 3045 2421 Otts

2235 2450 2343 2510 Auß
2355 2449 2607 2509 könfftigen
2631 2447 2799 2507 Cristag
2823 2446 2979 2506 Mughl.
2991 2446 3063 2506 und
3075 2444 3207 2504 Oberen
3243 2444 3315 2504 R.
3327 2444 3399 2504 und
3423 2443 3483 2503 G.

2248 2530 2317 2590 bey
2339 2529 2465 2589 Eyden
2477 2527 2557 2587 zu
2568 2527 2866 2587 Convociren
2900 2527 2980 2587 und
3015 2527 3152 2587 dieses
3152 2528 3404 2588 deschafft
3427 2527 3507 2587 vor¬

2246 2616 2490 2676 zutragen.

3329 2630 3482 2690 Zedul¬
