4032 3024
500 684 680 744 Srauch

531 937 734 997 Frantzeich

516 1198 619 1258 super

518 1370 727 1430 Furstlich

542 1577 670 1637 fuer

821 677 917 737 dan
958 674 985 734 in
999 673 1053 733 die
1067 670 1217 730 hietung
1217 667 1395 727 felschlich
1408 665 1572 725 gesetzten
1572 666 1736 726 articul
1764 671 1818 731 der
1832 675 1914 735 Con¬

998 743 1183 803 potation
1209 742 1474 802 beschwehrlich
1474 742 1672 802 geahndet.
1672 743 1739 803 11.

814 935 864 995 H.
927 934 1152 994 Ambesonder
1165 935 1340 995 hiesiger
1353 937 1540 997 Rebellion
1565 938 1766 998 berichtet.
1778 938 1816 998 13.

823 1030 934 1090 Ihme
943 1028 1037 1088 des
1054 1025 1191 1085 Manus
1200 1024 1243 1084 et
1268 1022 1517 1082 communicirt.
1525 1026 1594 1086 130.

808 1180 901 1240 Ihr
916 1177 1148 1237 Condentz
1178 1175 1286 1235 kegen
1317 1177 1503 1237 hiesiger
1518 1179 1688 1239 Gerichts
1703 1183 1919 1243 verlautet.

829 1358 979 1418 Instadt
1017 1360 1067 1420 H.
1092 1360 1342 1420 Grbeibels
1342 1360 1418 1420 fur
1443 1360 1493 1420 die
1505 1360 1530 1420 3.
1568 1360 1831 1420 Delinquenten
1856 1362 1956 1422 Ver¬

1028 1423 1176 1483 ordinat.
1187 1424 1187 1484 2.
1215 1424 1249 1484 §.

814 1568 961 1628 lit:
972 1565 1171 1625 ernstlicher
1182 1563 1224 1623 zu
1224 1562 1444 1622 examiniren
1486 1562 1560 1622 in¬

1046 1652 1122 1712 ihne
1122 1650 1197 1710 zum
1230 1648 1305 1708 Todt
1316 1648 1348 1708 zu
1370 1648 1521 1708 bereiten
1564 1650 1607 1710 11

1147 1733 1294 1793 deßen
1320 1733 1432 1793 Urthel
1467 1733 1528 1793 zu¬

1013 1817 1140 1877 seine
1151 1814 1299 1874 Electen
1299 1814 1352 1874 zu
1373 1811 1659 1871 inventorionem.
1691 1807 1701 1867 9.

1142 1891 1189 1951 ob
1199 1891 1332 1951 selbige
1332 1891 1388 1951 zu
1407 1889 1616 1949 consioniren.
1644 1889 1711 1949 109.

1057 1975 1137 2035 die
1155 1975 1368 2035 Consiocation
1377 1976 1572 2036 erlaßen.
1598 1975 1651 2035 121.

825 2059 985 2119 Dab:
996 2062 1049 2122 der
1049 2063 1326 2123 außgeleichene
1326 2061 1422 2121 biet
1444 2056 1646 2116 proclamirt.
1657 2053 1710 2113 29.
1732 2051 1753 2111 §.
1774 2050 1828 2110 36.
1828 2048 1902 2108 39.
1913 2046 1956 2106 10.

1093 2149 1204 2209 auff
1215 2149 1282 2209 ihre
1282 2149 1337 2209 zu
1337 2149 1493 2209 achten.
1504 2147 1538 2207 1.

1161 2231 1260 2291 auff
1272 2230 1394 2290 seinen
1416 2228 1494 2288 Kopff
1549 2228 1727 2288 gebotten.
1738 2228 1804 2288 11.
1827 2228 1882 2288 125.

1280 2315 1416 2375 deßen
1435 2314 1590 2374 Urthel.
1599 2315 1667 2375 104.

1124 2381 1214 2441 Bist
1241 2385 1269 2445 in
1287 2386 1395 2446 effige
1432 2384 1604 2444 caequirt.
1613 2384 1676 2444 110.
1695 2387 1758 2447 126.

834 2473 992 2533 Daniel
1013 2476 1086 2536 der
1086 2474 1338 2534 Gottschmiedt
1370 2473 1422 2533 birt
1454 2471 1664 2531 proclamirt.
1664 2472 1706 2532 2.
1748 2473 1800 2533 38.
1800 2475 1853 2535 39.
1884 2480 1937 2540 10.

1163 2551 1254 2611 auff
1263 2549 1364 2609 seinen
1383 2548 1483 2608 Kopff
1483 2548 1685 2608 gebotten,
1694 2550 1758 2610 107.
1786 2556 1850 2616 125.

1277 2626 1412 2686 deßen
1421 2624 1566 2684 Urthel.
1595 2626 1652 2686 14.

827 2707 951 2767 Daniel
972 2709 1034 2769 der
1034 2708 1210 2768 Markand
1241 2707 1303 2767 für
1303 2707 1334 2767 3.
1365 2704 1427 2764 Jahr
1427 2704 1489 2764 inß
1500 2703 1593 2763 Haus
1603 2703 1759 2763 relegit.
1769 2704 1821 2764 68.
1831 2706 1872 2766 70.

2299 635 2405 695 Eheliche

2336 692 2397 752 Midt
2397 691 2540 751 Hauß
2551 688 2684 748 Arrest
2694 685 2725 745 zu
2745 683 2909 743 belegen.
2919 683 2960 743 8.

2062 699 2258 759 Dargun¬

2538 781 2612 841 die
2629 779 2662 839 so
2679 778 2720 838 am
2762 776 2944 836 meister
2960 775 3110 835 gravirt
3126 775 3176 835 zu
3176 773 3391 833 examiniren
3408 771 3466 831 und

2633 826 2928 886 confrontiren.
2934 829 3024 889 n.
3036 830 3081 890 30.

2437 918 2566 978 selbige
2566 916 2616 976 zu
2616 913 2785 973 cassiren,
2804 911 2854 971 18

2590 1004 2668 1064 die
2681 999 2889 1059 clarirung
2902 999 2966 1059 guth
2966 1000 3161 1060 geheißen.
3161 1001 3252 1061 55.

2455 1093 2518 1153 ob
2538 1093 2570 1153 zu
2591 1093 2872 1153 verfursprechen
2904 1090 2987 1150 und
3008 1089 3071 1149 zum
3102 1088 3144 1148 Tod
3175 1088 3196 1148 zu
3227 1088 3394 1148 bereiten.
3405 1090 3457 1150 56.

2647 1183 2732 1243 Ihr
2732 1176 2880 1236 Urthel.
2912 1172 2944 1232 5.
2976 1171 2997 1231 et
2997 1172 3071 1232 seq.

2405 1331 2529 1391 Costen
2541 1328 2641 1388 vide
2641 1323 2827 1383 Maesitz
2839 1319 2963 1379 Kosten

2062 1337 2259 1397 Asmus

2381 1458 2514 1518 herren
2567 1453 2687 1513 sollen
2687 1450 2767 1510 die
2780 1447 2820 1507 3.
2833 1444 3020 1504 Inquisiten
3046 1442 3140 1502 zum
3166 1442 3219 1502 Tod
3246 1442 3392 1502 bereiten
3419 1444 3486 1504 17.

2095 1466 2305 1526 Geistliche

2077 1693 2277 1753 Gottes
2277 1690 2400 1750 auß
2431 1689 2493 1749 zu
2524 1686 2708 1746 besuchen
2739 1681 2893 1741 mögen,
2909 1677 2970 1737 Mit
3047 1674 3124 1734 die
3140 1671 3340 1731 Rathsenen
3340 1667 3509 1727 Hauß¬

2560 1754 2806 1814 arrestanten
2827 1751 3002 1811 bewilligen
3043 1750 3115 1810 75.

2606 2190 2685 2250 die
2697 2192 2889 2252 anstalter
2901 2191 2935 2251 zu
2957 2188 3059 2248 seiner
3059 2184 3297 2244 behändigung
3309 2179 3388 2239 gegen
3411 2179 3513 2239 viel¬

2357 2189 2504 2249 heubtman

2104 2206 2197 2266 Buch

2584 2248 2784 2308 Verdanbet.
2784 2247 2820 2307 2.

2575 2302 2661 2362 ihne
2676 2302 2885 2362 ernstlicher
2906 2298 2942 2358 zu
2942 2295 3151 2355 examiniren
3180 2291 3224 2351 n.
3224 2291 3281 2351 18.

2520 2361 2610 2421 zum
2637 2359 2682 2419 todt
2700 2359 2718 2419 zu
2754 2360 2879 2420 bereiten
2915 2363 2960 2423 7.
2978 2366 3112 2426 seine
3130 2368 3220 2428 Urthel
3256 2368 3283 2428 zu

2552 2420 2638 2480 seine
2653 2420 2747 2480 Kisten
2761 2419 2790 2479 zu
2798 2419 3051 2479 examiniren,
3058 2422 3108 2482 53.

2622 2473 2679 2533 die
2695 2474 2955 2534 Verlaßenschafft
2971 2474 2996 2534 zu
3012 2475 3289 2535 inventoriorum.
3313 2477 3362 2537 53.

2581 2528 2630 2588 ob
2636 2527 2760 2587 selbige
2774 2527 2809 2587 zu
2836 2530 3008 2590 configiren
3022 2536 3084 2596 108.

2646 2584 2687 2644 die
2712 2584 2935 2644 Confronation
2952 2589 3117 2649 erlaßen.
3126 2592 3150 2652 12
