4032 3024
2063 689 2248 749 Barburg

2077 1018 2294 1078 strecken

2092 1332 2218 1392 Hiret

2082 2415 2366 2475 Außgelahr¬

2714 580 2753 640 D.

2331 682 2442 742 auff
2442 685 2509 745 die
2520 686 2688 746 Vestung
2710 688 2788 748 dist
2788 688 2866 748 der
2877 688 3033 748 Michel,
3033 688 3100 748 da
3100 689 3212 749 sedt
3212 690 3290 750 für
3301 692 3435 752 lebens,

2550 745 2622 805 lange
2658 748 2820 808 relegirt,
2829 752 2847 812 q.
2901 753 2964 813 505

2347 1019 2451 1079 Bey
2477 1017 2711 1077 gehandlung
2737 1016 2802 1076 des
2815 1015 3100 1075 Conratione
3100 1013 3308 1073 Geschafft
3334 1015 3464 1075 reget,

2550 1083 2580 1143 1.
2593 1081 2642 1141 2.

2332 1331 2431 1391 ins
2475 1328 2596 1388 Hauß,
2596 1325 2751 1385 Etliche
2773 1322 2927 1382 minder
2927 1320 3092 1380 gravirte
3114 1314 3324 1374 Complices
3357 1308 3445 1368 darmit

2550 1391 2600 1451 zu
2608 1385 2741 1445 belegen
2782 1385 2815 1445 S.

2568 1472 2624 1532 die
2653 1472 2719 1532 Zeitt
2728 1471 2897 1531 bestimbt
2897 1469 2963 1529 68.
2991 1468 3029 1528 10.
3057 1466 3104 1526 116.

2596 1570 2690 1630 Ihre
2702 1570 2926 1630 deprecation.
2961 1567 2973 1627 p.
3020 1564 3067 1624 19.
3103 1561 3173 1621 und
3185 1558 3208 1618 p.
3279 1554 3303 1614 8.

2362 1652 2447 1712 der
2478 1655 2764 1715 Stadtdecket,
2785 1657 2848 1717 soll
2859 1657 2923 1717 der
2933 1657 3060 1717 Küester
3092 1655 3187 1715 Roder
3219 1654 3240 1714 1.
3271 1652 3335 1712 Jahr
3345 1649 3441 1709 halten

2647 1706 2706 1766 68.
2719 1706 2777 1766 70.

2489 1769 2632 1829 mögen
2644 1771 2739 1831 zur
2739 1772 2858 1832 Heil.
2870 1769 3072 1829 Comunion
3095 1765 3274 1825 admittirt
3297 1762 3428 1822 werden

2605 1816 2699 1876 72.

2494 1877 2602 1937 Ihnen
2646 1879 2754 1939 mögen
2775 1880 2916 1940 Mathl.
2959 1880 3002 1940 die
3013 1880 3099 1940 Rath
3110 1879 3283 1939 bewilligen
3337 1876 3412 1936 den

2611 1936 2765 1996 Gottes
2765 1939 2881 1999 dienst
2904 1939 2950 1999 zu
2958 1939 3158 1999 besuchen,
3158 1937 3181 1997 v.

2507 2003 2719 2063 dieselben
2755 2012 3002 2072 beuertheilen
3026 2015 3120 2075 Megst
3155 2014 3296 2074 und
3296 2012 3332 2072 H.
3367 2009 3379 2069 G.

2553 2095 2643 2155 die
2643 2096 2811 2156 übrigen
2831 2098 3059 2158 Arrestanten
3079 2098 3188 2158 Berden
3228 2097 3366 2157 cassirt,
3396 2095 3436 2155 86.

2490 2168 2569 2228 mit
2608 2170 2736 2230 einer
2756 2173 3022 2233 Remonahren
3051 2173 3140 2233 und
3140 2173 3228 2233 nach
3228 2171 3494 2231 abschwehrung

2615 2227 2692 2287 deß
2718 2230 2884 2290 gethanen
2884 2230 2948 2290 Eydt
2987 2233 3127 2293 art.
3127 2234 3153 2294 6.

2403 2405 2557 2465 Complices

2584 2405 2710 2465 citirt.
2719 2407 2764 2467 29.
2791 2408 2854 2468 33.
2872 2407 2935 2467 36.
2944 2407 2998 2467 39.
3025 2405 3079 2465 10.

2588 2485 2669 2545 der
2681 2486 2808 2546 Jungste
2831 2487 2866 2547 Ihr
2889 2486 2959 2546 eine
2982 2486 3028 2546 soll
3028 2485 3133 2545 über
3144 2483 3248 2543 selbige
3248 2482 3306 2542 die
3318 2481 3364 2541 best
3399 2479 3503 2539 erthel

2707 2530 2803 2590 geben
2829 2533 2899 2593 98.

2571 2608 2646 2668 bin
2656 2609 2816 2669 dieselben
2816 2608 2863 2668 zu
2882 2606 3090 2666 beurtheilen.
3099 2606 3156 2666 100.

2702 2680 2769 2740 der
2817 2680 2942 2740 Urthel.
2951 2678 2961 2738 B.
2961 2677 3028 2737 it.
3057 2677 3095 2737 16.

2572 2747 2663 2807 burt
2683 2749 2713 2809 in
2713 2749 2835 2809 effige
2855 2746 3027 2806 exequirt.
3037 2746 3098 2806 11.
3118 2746 3179 2806 126.
