4032 3024
368 383 448 443 40.

587 557 821 617 Werner
912 557 1003 617 der
1029 557 1263 617 Goldschund
1315 561 1471 621 guter
1510 567 1601 627 der
1627 579 1835 639 Goldschund

855 592 1011 652 Brudern

584 639 674 699 tage
737 637 818 697 und
855 635 927 695 dere
1117 635 1324 695 Scheüger
1352 637 1460 697 deß
1505 644 1803 704 Thorleibets

590 718 686 778 Sohn
770 716 854 776 sich
878 716 986 776 dieser
1058 716 1371 776 Verdamlichen
1419 719 1839 779 zusamenschwehrung

599 798 873 858 theilhafftig
919 796 1159 856 gemacht,
1205 796 1320 856 dieser
1411 797 1766 857 beschuldigung

590 883 692 943 dan
729 877 878 937 durch
888 877 1009 937 ihre
1046 877 1288 937 evasion
1343 880 1734 940 verstattet,
1744 878 1818 938 Als

592 961 703 1021 haben
764 956 1038 1016 hochgedachte
1068 957 1159 1017 Ihr
1180 958 1322 1018 gul.
1322 959 1413 1019 von
1453 961 1737 1021 Tragenden

591 1040 731 1100 höchst
741 1037 1031 1097 Rähterlichen
1052 1037 1385 1097 Ambtswegen
1417 1037 1599 1097 nöthig,
1642 1036 1728 1096 und
1760 1035 1835 1095 sich

594 1124 808 1184 pflichtig
840 1118 1085 1178 erachtet,
1117 1118 1224 1178 alle
1299 1119 1395 1179 dise
1395 1117 1789 1177 Außgelahrt

600 1204 720 1264 item
763 1196 1073 1256 implicierte
1133 1199 1433 1259 obermelte
1485 1198 1725 1258 proponi¬

596 1280 679 1340 Zue
725 1273 1129 1333 Verantwortung
1157 1276 1387 1336 ziehen,
1442 1274 1534 1334 und
1580 1269 1626 1329 zu
1672 1262 1755 1322 dem

602 1352 698 1412 vnd
727 1347 900 1407 selbige
938 1346 967 1406 eine
1054 1346 1159 1406 recht
1246 1346 1419 1406 hierin
1505 1345 1573 1405 zu
1592 1340 1832 1400 laßen.

588 1431 864 1491 gestalten,
898 1425 1139 1485 demnach
1174 1424 1323 1484 durch
1357 1421 1736 1481 gegenwärtige

593 1511 833 1571 offentliche
873 1508 1173 1568 publication
1293 1503 1433 1563 einem
1503 1498 1653 1558 Jeden
1663 1493 1783 1553 der

574 1595 710 1655 uns
721 1591 961 1651 ersteren,
993 1589 1055 1649 als
1087 1588 1192 1648 dem
1223 1585 1443 1645 Gabriel
1495 1578 1673 1638 guter
1715 1571 1788 1631 dem

577 1679 691 1739 Raht
719 1672 880 1732 gevber
937 1669 1079 1729 nuhn
1136 1667 1221 1727 dem
1278 1663 1552 1723 Chirurgo
1581 1655 1799 1715 Verner

603 1754 687 1814 dem
711 1752 987 1812 Geldschund
1023 1750 1191 1810 Futer
1227 1745 1335 1805 und
1371 1742 1455 1802 dem
1479 1731 1743 1791 Goldschund

588 1834 734 1894 fug
768 1831 854 1891 zu
888 1829 1000 1889 dem
1034 1828 1129 1888 vnd
1154 1826 1231 1886 hin
1300 1822 1377 1882 von
1437 1818 1532 1878 heit
1566 1812 1635 1872 an
1660 1808 1686 1868 der

1224 1858 1392 1918 Fridricht

508 1918 525 1978 in
559 1912 978 1972 erwochen,
986 1909 1114 1969 dem
1157 1903 1379 1963 homiae
1490 1889 1661 1949 Scheuret

599 1990 740 2050 aber
773 1988 859 2048 von
870 1988 1000 2048 heut
1033 1988 1098 2048 an
1130 1987 1195 2047 in
1228 1984 1379 2044 Sechs
1423 1976 1553 2036 wochen
1607 1964 1704 2024 Zeit
1726 1954 1791 2014 zu¬

598 2068 656 2128 14
666 2066 821 2126 scheinen
841 2065 1199 2125 perentorische
1248 2059 1480 2119 citation
1548 2042 1752 2102 angelegt

599 2147 760 2207 wird,
770 2146 867 2206 sich
877 2146 995 2206 mitt
1091 2144 1219 2204 diser
1294 2137 1551 2197 bestanten
1594 2120 1679 2180 Zeit

594 2227 790 2287 alhier
834 2225 943 2285 vor
975 2224 1062 2284 dem
1106 2219 1443 2279 Gebührenden
1487 2203 1661 2263 Richter
1693 2187 1737 2247 zu

593 2303 815 2363 stellen,
825 2302 962 2362 umb
1004 2302 1089 2362 sich
1099 2300 1247 2360 wegen
1289 2296 1405 2356 denen
1426 2290 1553 2350 widtt
1606 2278 1701 2338 sit

612 2383 864 2443 schafftenden
876 2378 1258 2438 beschuldigungen
1306 2367 1581 2427 gebuhrend,
1629 2350 1689 2410 zu

605 2464 1020 2524 Verantworten,
1082 2458 1300 2518 widrigen
1331 2452 1404 2512 und
1414 2442 1746 2502 außbleibenden

3293 446 3303 506 4

2188 563 2332 623 fahls
2332 563 2440 623 auf
2464 566 2547 626 den
2571 568 2703 628 ersten
2727 573 2906 633 Mitwochen
2942 577 3026 637 nach
3050 576 3349 636 Verfließung

2209 643 2319 703 deß
2345 641 2472 701 einem
2522 643 2667 703 Jeden
2709 644 2827 704 diser
2878 643 3209 703 außgelöhnen

2215 716 2427 776 Personen
2445 715 2763 775 vnberaumen
2781 717 2984 777 termino
3020 715 3108 775 von
3135 712 3232 772 Mall

2218 793 2301 853 vnd
2320 791 2487 851 Oberen
2534 790 2645 850 Raht
2692 787 2766 847 und
2794 785 3008 845 Burgeren
3054 781 3110 841 ihr
3110 776 3296 836 enthalb

2223 869 2312 929 die
2339 865 2498 925 liqisie
2543 863 2658 923 wird
2684 861 2942 921 außgestelt
2995 854 3083 914 und
3119 845 3296 905 erkent¬

2216 940 2440 1000 werden,
2467 936 2566 996 was
2584 933 2700 993 das
2727 930 2834 990 recht
2879 924 3148 984 mitbringen
3192 907 3309 967 wird

2210 1011 2421 1071 Welches
2437 1007 2526 1067 nun
2567 1005 2616 1065 zu
2640 1002 2770 1062 eines
2803 997 2998 1057 Jedeßen
3030 990 3103 1050 der
3120 981 3396 1041 interessirten

2232 1087 2430 1147 Verhalt
2480 1081 2559 1141 und
2588 1076 2796 1136 nachricht
2826 1069 2964 1129 hiemit
3004 1056 3241 1116 offentlich

2217 1161 2366 1221 Vund
2393 1157 2561 1217 gemacht
2607 1153 2747 1213 wird,
2765 1148 2960 1208 Actum
3053 1135 3137 1195 von
3183 1123 3295 1183 Raht

2226 1228 2323 1288 und
2355 1226 2526 1286 Burger
2566 1222 2647 1282 den
2664 1220 2720 1280 23.
2729 1218 2802 1278 de
2915 1201 3232 1261 publication

2220 1304 2282 1364 Ob
2380 1297 2565 1357 Bußow
2602 1295 2664 1355 den
2689 1292 2750 1352 29
2800 1289 2898 1349 Julÿ
2935 1280 3083 1340 1649

2875 1402 3091 1462 außer
3091 1393 3323 1453 besa¬

2205 1569 2373 1629 Sehl.
2415 1564 2625 1624 Vall.
2695 1556 2793 1616 Gus
2821 1548 3017 1608 Keiger,
3059 1537 3213 1597 Von

2226 1643 2420 1703 Mahl.
2420 1635 2639 1695 Rahthl.
2639 1626 2833 1686 Sudern
2857 1618 2991 1678 seyt
3027 1606 3221 1666 heutigen
3258 1592 3367 1652 tags

2235 1721 2314 1781 vor
2358 1713 2516 1773 Malch,
2543 1706 2613 1766 und
2657 1698 2797 1758 Oberen
2841 1689 2894 1749 S.
2920 1684 2990 1744 und
3017 1679 3052 1739 D.
3078 1673 3175 1733 der
3201 1662 3333 1722 Woll¬

2215 1789 2477 1849 Meinerlicht
2543 1774 2702 1834 anzuge
2721 1764 2918 1824 beschehen,
2955 1753 3068 1813 wie
3096 1741 3264 1801 nöthig
3302 1728 3349 1788 sein

2219 1865 2410 1925 wolt,
2421 1854 2527 1914 daß
2569 1846 2654 1906 bey
2686 1833 3035 1893 gegenwärtigen
3067 1811 3300 1871 schlongigen

2207 1938 2492 1998 Umbständen
2547 1925 2591 1985 die
2678 1914 2886 1974 gahrheit
2930 1899 3127 1959 hiesiger
3171 1882 3368 1942 Haubtstalt

2206 2021 2323 2081 für
2362 2011 2439 2071 das
2459 2001 2673 2061 könfftige
2721 1984 2974 2044 gnugsame
3013 1961 3304 2021 prospeciert

2221 2095 2409 2155 beyde,
2440 2082 2513 2142 und
2534 2075 2649 2135 daß
2701 2064 2795 2124 solch
2826 2052 3004 2112 pendum
3066 2033 3285 2093 Mahlsch.

2219 2172 2293 2232 den
2345 2163 2472 2223 Weits
2503 2151 2651 2211 Rähten
2714 2137 2819 2197 zur
2851 2117 3156 2177 deliberation

2226 2242 2354 2302 möchte
2431 2224 2738 2284 aufgetragen
2776 2204 2942 2264 werden
3019 2184 3185 2244 disen
3185 2173 3351 2233 darzug

2233 2317 2253 2377 nun
2333 2307 2442 2367 haben
2511 2290 2769 2350 hochgedacht
2809 2275 2878 2335 Ihr
2898 2266 3007 2326 Jul.
3037 2260 3087 2320 ad
3116 2249 3265 2309 notam

2213 2383 2280 2443 zu
2299 2378 2433 2438 nemen
2462 2365 2701 2425 befohlen,
2729 2349 2815 2409 und
2844 2335 3045 2395 demnach
3064 2323 3150 2383 ohne
3198 2316 3294 2376 Malch

2212 2458 2301 2518 Ew.
2311 2447 2527 2507 hierdurch
2556 2430 2704 2490 fendl.
2733 2415 2920 2475 ansinnen
2949 2401 3087 2461 wollen,
3136 2389 3313 2449 selbigen

2215 2528 2285 2588 mit
2325 2516 2505 2576 nachstem
2555 2505 2585 2565 in
2615 2499 2704 2559 die
2734 2486 2954 2546 Bewohnter
2994 2473 3093 2533 vmb
3113 2465 3213 2525 frage
3243 2457 3363 2517 komen

2216 2597 2285 2657 zu
2292 2594 2395 2654 laßen

3417 616 3447 676 in
