4032 3024
475 483 524 543 80

732 593 869 653 vnd
892 593 961 653 so
984 591 1305 651 grausamen,
1339 587 1431 647 als
1442 586 1775 646 ohnerhorten

723 692 883 752 Vorsatz
951 692 1020 752 zu
1054 689 1271 749 faßen,
1294 685 1385 745 und
1431 682 1545 742 uns
1568 683 1705 743 theils
1728 689 1808 749 mit

719 790 936 850 Gelubde,
948 791 1044 851 und
1080 790 1213 850 theils
1213 788 1334 848 mit
1358 787 1490 847 Eyden
1539 787 1635 847 also
1659 788 1876 848 zusamen

714 889 943 949 verbunden
1034 887 1148 947 und
1194 887 1503 947 verschworen,
1537 890 1674 950 daß,
1697 892 1754 952 wo
1777 895 1903 955 nicht

724 992 890 1052 durch
902 992 966 1052 die
1004 992 1271 1052 Gnädige,
1297 994 1411 1054 und
1449 998 1856 1058 Anbeitunge,

729 1099 956 1159 würdige
1027 1099 1326 1159 Vorstehung
1373 1102 1576 1162 Gottes,
1612 1105 1707 1165 die
1719 1108 1850 1168 sache

731 1209 781 1269 zu
806 1207 957 1267 Zeiten
1007 1205 1158 1265 bore
1195 1205 1471 1265 entdebet,
1509 1205 1634 1265 die
1672 1207 1835 1267 Hohe

712 1315 1047 1375 Regierung,
1059 1312 1255 1372 Gestehe
1301 1310 1417 1370 und
1452 1304 1845 1364 Constitutionen

717 1426 996 1486 getracket
1036 1424 1142 1484 und
1182 1420 1581 1480 angegriffen,
1595 1414 1701 1474 nicht
1728 1409 1927 1469 geringe

722 1534 1063 1594 Verbierung,
1063 1528 1277 1588 Mord
1315 1524 1416 1584 und
1479 1519 1743 1579 Todschlag

717 1642 974 1702 erfolget,
986 1639 1266 1699 zumahlen
1348 1633 1581 1693 unserer
1640 1629 1815 1689 Liebe

711 1755 1098 1815 Vnverstadt,
1111 1754 1239 1814 und
1265 1751 1381 1811 das
1394 1744 1638 1804 gemeine
1703 1735 1883 1795 besten¬

725 1859 751 1919 in
829 1861 1049 1921 großen
1127 1858 1425 1918 kunner,
1438 1855 1568 1915 Raht
1620 1850 1723 1910 und
1736 1845 1892 1905 flei¬

719 1976 857 2036 wäre
915 1979 1076 2039 gesezt
1122 1974 1387 2034 worden,
1399 1968 1456 2028 Von
1514 1964 1629 2024 welche
1641 1958 1859 2018 Unserer

714 2079 1178 2139 Vnterantwortlichen
1232 2075 1555 2135 Ausführung
1587 2065 1835 2125 wegen,

716 2185 829 2245 wir
874 2183 998 2243 nach
1044 2183 1224 2243 Strenge
1315 2183 1450 2243 derer
1496 2182 1677 2242 Rechten
1778 2174 1857 2234 die

711 2295 808 2355 auf
856 2289 1135 2349 dergleichen
1196 2288 1317 2348 Staat
1390 2287 1644 2347 Verbrechen
1705 2275 1923 2335 gesetzte

714 2404 924 2464 Schwere
976 2401 1212 2461 Straaffen
1304 2397 1396 2457 wohl
1448 2395 1685 2455 verdienet
1737 2392 1947 2452 hatten,

707 2551 874 2611 Wan
922 2552 1018 2612 aber
1041 2554 1256 2614 Vnsere
1280 2555 1399 2615 Gn.
1435 2552 1697 2612 gebietende
1745 2542 1948 2602 Herren,

3346 453 3412 513 88

2188 580 2346 640 vnd
2370 578 2541 638 Obere
2614 581 2712 641 die
2773 591 3102 651 Mildigkeit
3150 604 3394 664 vorgezogen

2182 692 2311 752 vnd
2358 689 2522 749 gnade
2569 690 2651 750 vor
2697 692 2826 752 Recht
2885 698 3049 758 ergehen
3119 704 3177 764 zu
3213 707 3365 767 laßen

2180 799 2436 859 gerichtet,
2458 797 2522 857 so
2554 799 2821 859 deprocieren
2917 805 3013 865 wir
3055 808 3258 868 hiermit
3311 808 3365 868 in

2191 910 2365 970 aller
2377 909 2608 969 dehnt,
2608 910 2771 970 und
2817 916 3072 976 declariren
3142 923 3455 983 aufrichtigst

2195 1028 2339 1088 daß
2399 1025 2494 1085 wir
2530 1024 2686 1084 diesen
2745 1022 3068 1082 verdamlichen
3140 1025 3427 1085 Anschlag¬

2211 1138 2321 1198 und
2335 1135 2637 1195 leichtfertig
2692 1132 2884 1192 gethane
2939 1132 3132 1192 Gelubte
3173 1133 3242 1193 und
3269 1136 3475 1196 Eyden,

2191 1257 2356 1317 theils
2356 1255 2479 1315 zum
2534 1252 2794 1312 Geheimis
2903 1249 3013 1309 zue
3054 1247 3369 1307 allfähligen

2189 1377 2352 1437 Rauch
2364 1372 2526 1432 leider
2550 1368 2747 1428 deßen
2782 1364 2875 1424 Ent
2899 1362 3073 1422 daber,
3073 1359 3201 1419 oder
3236 1356 3317 1416 zur
3317 1352 3492 1412 Execu¬

2196 1486 2316 1546 tion
2365 1481 2534 1541 selbe,
2582 1471 2969 1531 verabscheiden,
2994 1465 3090 1525 und
3127 1463 3211 1523 von
3260 1465 3465 1525 Hertzeu¬

2202 1595 2532 1655 verüben,
2544 1588 2697 1648 Gott
2768 1581 2874 1641 den
2909 1568 3310 1628 Allerhöchsten,
3333 1564 3475 1624 unsere

2205 1716 2470 1776 Gnädige
2543 1702 2664 1762 hohe
2712 1688 2978 1748 Obrigkeit,
3014 1679 3111 1739 und
3123 1676 3195 1736 v.
3207 1675 3232 1735 l.
3268 1673 3473 1733 Burger¬

2202 1829 2433 1889 schafft,
2468 1819 2607 1879 welche
2630 1813 2688 1873 wie
2746 1805 2908 1865 höchlich
2908 1796 3174 1856 erzurnet,
3174 1785 3452 1845 betrübet,

2203 1943 2320 2003 und
2331 1933 2634 1993 gelegeret,
2645 1922 2773 1982 umb
2820 1909 3099 1969 Verziehung
3134 1900 3425 1960 bittende

2034 2107 2059 2167 A.

2038 2175 2056 2235 Reichen
2202 2167 2257 2227 vnd
2275 2156 2513 2216 Wir
2513 2136 2769 2196 schwerend
2806 2117 2970 2177 mithun
3007 2106 3116 2166 der
3116 2101 3263 2161 Stadt
3336 2098 3464 2158 Gen¬

2034 2227 2109 2287 ben
2152 2236 2238 2296 auch
2249 2239 2367 2299 und
2400 2235 2658 2295 Unseren
2711 2216 2958 2276 Gnädigen
3012 2200 3184 2260 Herren
3249 2192 3345 2252 und
3356 2193 3507 2253 Oberen¬

2026 2281 2163 2341 schweren

2026 2338 2050 2398 sie
2087 2341 2124 2401 in
2149 2344 2407 2404 erschultheil
2493 2333 2653 2393 Klein
2702 2322 2800 2382 und
2825 2309 3046 2369 Großen
3107 2293 3341 2353 Rähten,
3366 2291 3427 2351 als

2034 2386 2078 2446 vnd
2096 2404 2210 2464 gligkeit

2257 2449 2342 2509 der
2366 2438 2792 2498 Rechtmäßigen,
2816 2418 2877 2478 von
2925 2408 3047 2468 Gott
3096 2396 3302 2456 gestezten
3351 2396 3521 2456 Obrig¬

2023 2445 2092 2505 Recht
2092 2461 2230 2521 zugericht¬

2019 2498 2037 2558 in
2063 2516 2193 2576 Haus¬

2245 2560 2385 2620 keit,
2423 2553 2525 2613 und
2576 2541 2703 2601 dero
2703 2525 3021 2585 Regierung,
3059 2503 3301 2563 Gehorsam,
3339 2491 3504 2551 treule

2026 2569 2230 2629 restanten,

2028 2610 2073 2670 wir
2073 2620 2106 2680 zu
2140 2636 2218 2696 stehen

2024 2669 2040 2729 l.
2040 2678 2137 2738 6.
