4032 3024
501 505 572 565 102

599 557 658 617 se
692 556 811 616 agant
837 554 896 614 bien
947 550 1015 610 von
1023 547 1117 607 e
1159 541 1261 601 fare
1278 536 1532 596 transerer
1558 536 1795 596 darbourus
1829 543 1906 603 dan

607 631 803 691 Sopital
850 624 1022 684 general
1046 618 1100 678 de
1132 614 1218 674 certe
1241 607 1398 667 ville,
1406 605 1460 665 om
1507 605 1539 665 11.
1554 605 1585 665 a
1625 605 1679 665 et
1742 612 1867 672 tena¬

611 697 723 757 punc
739 696 858 756 sacon
906 688 1152 748 convenable
1208 682 1231 742 a
1279 676 1541 736 sacondition
1597 674 1637 734 et
1661 676 1772 736 avec
1788 683 1891 743 honet

596 763 771 823 liberte,
794 761 915 821 da
930 757 1044 817 page
1075 752 1151 812 und
1181 750 1227 810 si
1257 745 1424 805 grando
1462 743 1569 803 quae
1637 743 1675 803 de
1698 745 1743 805 la
1759 748 1873 808 plus

614 819 722 879 nire
753 820 830 880 deo
846 818 1108 878 ingratitude
1147 817 1186 877 et
1193 815 1247 875 de
1263 814 1317 874 la
1363 812 1525 872 malvae
1595 812 1749 872 foria
1796 815 1904 875 plus

605 875 767 935 condeme
786 875 843 935 con
871 874 966 934 en
995 874 1071 934 set
1118 874 1185 934 for
1204 874 1261 934 ea
1280 875 1498 935 procedure
1546 877 1650 937 par
1660 879 1745 939 las
1755 882 1878 942 quell

608 941 644 1001 il
681 941 732 1001 est
754 937 907 997 prouve

602 1055 704 1115 que
723 1055 798 1115 fur
835 1057 975 1117 Michel
1022 1060 1059 1120 a
1096 1060 1152 1120 en
1199 1061 1357 1121 ample
1404 1061 1609 1121 concisame
1647 1059 1703 1119 de
1740 1057 1805 1117 la¬

1829 1057 1829 1117 2

605 1113 882 1173 Conspiration
918 1116 1053 1176 trane
1110 1116 1202 1176 per
1231 1115 1423 1175 quisqueo
1458 1114 1722 1174 Burgevio
1729 1114 1914 1174 infidelen

620 1168 751 1228 onere
784 1169 816 1229 so
849 1169 1196 1229 Gouvernemens,
1202 1169 1326 1229 sed
1353 1169 1457 1229 quelo
1477 1169 1516 1229 il
1549 1169 1595 1229 ad
1634 1169 1771 1229 anime
1817 1171 1948 1231 nouri¬

617 1229 666 1289 de
703 1228 752 1288 de
795 1226 924 1286 indicio
997 1228 1304 1288 dangerentur,
1323 1231 1495 1291 souten
1568 1233 1599 1293 et
1630 1234 1894 1294 accompagne¬

611 1288 664 1348 de
680 1288 748 1348 sed
771 1289 939 1349 ponocile,
962 1290 1160 1350 relument
1206 1291 1297 1351 qui
1343 1292 1412 1352 set
1450 1295 1656 1355 enhardi
1671 1298 1869 1358 vorlow

616 1349 685 1409 non
710 1351 931 1411 selilement
975 1355 1208 1415 allaquer,
1227 1357 1328 1417 maio
1359 1360 1498 1420 meme
1535 1364 1737 1424 changer
1769 1367 1888 1427 autan

625 1414 706 1474 quen
746 1415 827 1475 furi
851 1417 908 1477 est
940 1418 1142 1478 laforme
1167 1422 1223 1482 de
1256 1426 1636 1486 Gouvernemen,
1660 1430 1701 1490 et
1725 1432 1830 1492 quib
1863 1434 1919 1494 na¬

606 1482 689 1542 pro
716 1486 799 1546 ten
867 1490 909 1550 en
936 1492 1053 1552 alur
1074 1494 1273 1554 davamer
1300 1496 1355 1556 eo
1376 1496 1506 1556 triales
1520 1498 1568 1558 et
1582 1498 1685 1558 dete
1699 1501 1843 1561 ableo

611 1550 719 1610 effecto
757 1552 842 1612 dum
888 1553 1027 1613 procet
1050 1557 1327 1617 abominable
1366 1559 1389 1619 a
1427 1560 1520 1620 dur
1558 1560 1620 1620 bien
1681 1558 1874 1618 connul¬

624 1622 696 1682 qui
720 1622 839 1682 devit
862 1622 1069 1682 dedeutter
1100 1623 1172 1683 par
1204 1624 1259 1684 ia
1299 1624 1537 1684 violem.

617 1754 794 1814 Mais
811 1757 887 1817 bien
912 1759 1030 1819 quam
1072 1763 1215 1823 allenta
1266 1766 1291 1826 si
1325 1768 1485 1828 crimine
1527 1769 1771 1829 contretur
1788 1765 1965 1825 convenante

619 1804 738 1864 merite
751 1808 771 1868 de
810 1811 969 1871 surplie
995 1815 1120 1875 sepluo
1140 1817 1384 1877 rigiren,
1404 1819 1602 1879 cependant
1615 1819 1687 1879 D.
1694 1819 1727 1879 L.
1760 1820 1839 1880 on

621 1861 707 1921 bien
746 1866 865 1926 vdula
891 1869 977 1929 par
1003 1870 1056 1930 in
1076 1871 1175 1931 effect
1195 1871 1247 1931 de
1274 1873 1379 1933 feur
1399 1873 1412 1933 im
1616 1870 1939 1930 demente

620 1920 746 1980 conte
788 1925 1054 1985 particulire
1075 1925 1194 1985 pare
1222 1925 1334 1985 quae
1362 1924 1411 1984 de
1418 1924 1467 1984 la
1502 1924 1565 1984 die
1593 1924 1635 1984 an
1677 1924 1726 1984 die
1740 1927 1922 1987 Micheli¬

629 1971 741 2031 non
771 1977 860 2037 quilo
875 1980 920 2040 on
942 1982 1039 2042 fuit
1061 1985 1195 2045 envers
1225 1988 1382 2048 quoque
1404 1990 1479 2050 uno
1501 1990 1546 2050 de
1561 1990 1695 2050 feurs
1710 1991 1903 2051 burger

629 2030 705 2090 qui
721 2032 782 2092 on
820 2035 888 2095 ete
911 2040 1109 2100 implique
1148 2047 1277 2107 dano,
1285 2050 1346 2110 ae
1384 2055 1689 2115 malheurena
1704 2059 1895 2119 complo¬

614 2101 702 2161 fur
742 2102 966 2162 infligant,
990 2106 1221 2166 rependant
1261 2110 1309 2170 in
1325 2111 1445 2171 peine
1461 2111 1517 2171 ci
1541 2111 1685 2171 apres¬

622 2209 723 2269 Qui
743 2210 844 2270 sera
875 2213 1067 2273 transere
1077 2215 1138 2275 dici
1189 2218 1310 2278 dano
1310 2219 1361 2279 le
1411 2222 1573 2282 Prione
1594 2224 1644 2284 du
1665 2227 1857 2287 halenn.

640 2272 854 2332 darburg
886 2276 925 2336 in
964 2278 990 2338 a
1035 2279 1100 2339 eo
1177 2284 1501 2344 precedemmen
1559 2287 1592 2347 o
1650 2288 1767 2348 remis
1792 2290 1851 2350 en

636 2330 766 2390 maio
795 2338 925 2398 jure,
947 2342 991 2402 il
1012 2344 1099 2404 sera
1135 2347 1316 2407 enferme
1345 2349 1447 2409 pour
1468 2350 1483 2410 e
1526 2351 1628 2411 recte
1642 2353 1693 2413 de
1722 2356 1780 2416 sed
1787 2360 1932 2420 souri¬

634 2390 687 2450 et
722 2400 907 2460 sequetire
942 2409 1180 2469 iusomeres
1206 2413 1277 2473 des
1294 2415 1479 2475 homer.
1488 2420 1743 2480 Decortes
1752 2427 1884 2487 quon

632 2466 751 2526 nare
791 2470 903 2530 plus
923 2472 1009 2532 qua
1062 2475 1101 2535 de
1115 2478 1326 2538 cruinire
1366 2482 1425 2542 ni
1452 2486 1670 2546 evasion,
1683 2491 1729 2551 nu
1749 2498 1960 2558 praliqueo

641 2536 899 2596 dangereuseo
922 2537 962 2597 de
985 2538 1032 2598 sa
1055 2539 1188 2599 part,
1211 2540 1258 2600 et
1282 2543 1586 2603 contrevenant
1625 2552 1649 2612 a
1696 2558 1774 2618 lum
1805 2567 1899 2627 vi¬

634 2611 778 2671 cauire
818 2612 858 2672 de
882 2612 946 2672 seo
962 2612 1226 2672 sonditione,
1250 2611 1290 2671 on
1322 2611 1442 2671 meme
1498 2612 1562 2672 sit
1570 2614 1682 2674 obit
1706 2619 1866 2679 tenter
1874 2624 1946 2684 de¬

3383 445 3447 505 103

2130 522 2425 582 contrevenit,
2433 517 2501 577 id
2534 515 2610 575 est
2636 514 2720 574 par
2754 514 2812 574 sed
2829 512 3032 572 precenseo
3057 512 3107 572 et
3124 512 3217 572 dero
3234 512 3293 572 et
3310 511 3402 571 desa¬

2126 587 2282 647 declare
2317 587 2345 647 a
2374 586 2478 646 wir
2519 586 2680 646 entur
2755 584 2870 644 peine
2899 584 2945 644 de
2992 584 3095 644 mora
3193 586 3413 646 condamni

2120 653 2134 713 si
2190 645 2302 705 adver
2351 643 2407 703 la
2449 643 2519 703 sere
2554 647 2743 707 transche

2116 725 2217 785 da
2272 727 2447 787 surplus
2475 727 2521 787 E.
2595 727 2632 787 E.
2724 728 2834 788 von
2871 732 3138 792 Souveraina
3166 736 3406 796 Segners

2122 799 2340 859 remettan
2417 799 2441 859 a
2479 800 2511 860 H.
2588 801 2619 861 C.
2720 802 2782 862 de
2844 805 2969 865 Senat
3023 808 3054 868 de
3101 808 3217 868 doner
3233 809 3287 869 an
3318 809 3497 869 seyneur

2122 869 2357 929 pomendant,
2385 866 2606 926 daroburg
2641 868 2713 928 sed
2741 871 2834 931 pro
2848 873 2919 933 reo
2948 877 3197 937 necessare
3261 882 3496 942 concernan¬

2131 941 2377 1001 Rentreten
2415 937 2467 997 et
2489 937 2571 997 tam
2601 935 2848 995 subsistam
2922 937 2989 997 die
3019 938 3094 998 die
3131 941 3325 1001 Micheli
3355 946 3445 1006 com¬

2134 1011 2224 1071 ausa
2288 1008 2324 1068 de
2343 1006 2542 1066 remellre
2579 1004 2624 1064 en
2670 1004 2815 1064 maino
2842 1004 2960 1064 jure
3006 1006 3069 1066 la
3097 1008 3224 1068 Regie
3260 1011 3296 1071 de
3333 1015 3496 1075 desto¬

2133 1080 2211 1140 benn
2272 1075 2308 1135 et
2339 1073 2484 1133 ientes

2123 1161 2257 1221 dien
2293 1153 2463 1213 entendi
2507 1150 2605 1210 que
2632 1150 2748 1210 ledit
2784 1151 2953 1211 Michel
3016 1153 3159 1213 naura
3194 1154 3301 1214 dors
3319 1154 3364 1214 en
3399 1153 3480 1213 Ca¬

2134 1220 2278 1280 quum
2323 1222 2611 1282 Domelius
2629 1222 2665 1282 a
2710 1222 2782 1282 qui
2827 1222 2863 1282 en
2881 1222 3061 1282 propre
3106 1222 3223 1282 maio
3259 1220 3340 1280 que
3376 1219 3430 1279 le¬

2116 1300 2330 1360 seyneur
2339 1300 2603 1360 Commenden
2677 1300 2916 1360 darburg
2949 1302 3065 1362 aura
3106 1304 3205 1364 sein
3247 1305 3296 1365 de
3321 1306 3461 1366 sacre¬

2138 1370 2340 1430 purvor
2415 1373 2438 1433 a
2490 1373 2550 1433 se
2603 1373 2798 1433 bescina
2842 1372 3037 1432 Dera
3082 1370 3150 1430 en
3180 1369 3345 1429 oueres
3352 1367 3450 1427 ere

2121 1448 2270 1508 prive
2289 1444 2364 1504 de
2392 1442 2495 1502 laut
2523 1442 2654 1502 culet
2691 1444 3019 1504 Instrumento
3028 1448 3084 1508 id
3112 1449 3234 1509 sid.
3234 1451 3364 1511 de
3393 1451 3505 1511 meine

2145 1524 2222 1584 que
2244 1519 2310 1579 de
2343 1515 2529 1575 papier
2551 1513 2704 1573 anere
2737 1513 2792 1573 et
2802 1514 2978 1574 plume
3021 1517 3065 1577 et
3098 1519 3142 1579 ne
3175 1521 3273 1581 fur
3284 1524 3416 1584 sera¬

2163 1599 2377 1659 concede,
2386 1597 2492 1657 que
2528 1597 2590 1657 deo
2617 1597 2794 1657 diores,
2812 1599 2901 1659 qui
2919 1602 3114 1662 puissent
3158 1607 3318 1667 servir
3345 1611 3372 1671 et
3416 1615 3505 1675 son¬

2146 1669 2228 1729 am
2248 1672 2466 1732 andement
2507 1675 2541 1735 et
2582 1675 2616 1735 a
2663 1676 2731 1736 da
2779 1678 3092 1738 recration.

2141 1744 2331 1804 Donne
2360 1744 2499 1804 dano
2521 1744 2579 1804 l.
2616 1745 2784 1805 Conse
2887 1747 3150 1807 zuverain
3208 1750 3230 1810 e
3289 1753 3369 1813 20.
3391 1757 3515 1817 Apud

2141 1946 2172 2006 a
2254 1950 2449 2010 Sentence
2521 1955 2573 2015 ei
2614 1957 2768 2017 desocio
2779 1960 2820 2020 a
2840 1960 2902 2020 et
2964 1963 3046 2023 lico
3087 1964 3149 2024 an
3190 1965 3252 2025 die
3283 1966 3447 2026 Michel

2161 2018 2208 2078 en
2239 2020 2402 2080 predem
2496 2023 2542 2083 de
2573 2029 2861 2089 Monocur:
2869 2036 2892 2096 e
2939 2041 3118 2101 Grand
3141 2048 3304 2108 Cauter
3320 2055 3522 2115 Willadinus

2169 2095 2229 2155 de
2273 2095 2479 2155 Monorur
2505 2096 2669 2156 Frideri
2712 2099 2747 2159 de
2781 2103 2988 2163 Mulinen
3031 2108 3065 2168 et
3091 2110 3134 2170 de
3169 2114 3350 2174 pressier
3367 2118 3470 2178 er¬

2162 2167 2271 2227 Das
2305 2167 2430 2227 Signe
2481 2170 2573 2230 de
2607 2172 2699 2232 quel
2716 2176 2883 2236 Michel
2942 2183 3211 2243 adelane,
3227 2186 3295 2246 qui
3328 2185 3513 2245 acceptor

2170 2230 2250 2290 ave
2296 2231 2580 2291 resignatum
2640 2234 2699 2294 lo
2713 2236 2898 2296 Decreto
2911 2239 2958 2299 de
2977 2240 3044 2300 la
3077 2245 3302 2305 Providem
3401 2252 3447 2312 et

2182 2300 2329 2360 decis.
2354 2300 2370 2360 2.
2411 2302 2591 2362 dano
2607 2302 2681 2362 des
2705 2304 2836 2364 Prote
2869 2309 3205 2369 circonotan,
3229 2313 3278 2373 vnd
3311 2317 3458 2377 se¬

2189 2365 2357 2425 troure
2375 2367 2496 2427 plus
2515 2369 2627 2429 par
2664 2371 2729 2431 do
2739 2374 3009 2434 Malheurs
3037 2379 3149 2439 que
3158 2380 3270 2440 par.
3270 2382 3354 2442 sed
3373 2385 3494 2445 prime

2193 2435 2302 2495 dent,
2329 2434 2366 2494 il
2393 2434 2420 2494 de
2457 2434 2612 2494 trouve
2639 2438 2848 2498 charge
2885 2443 3003 2503 dano
3030 2446 3085 2506 se
3112 2447 3267 2507 prion

2197 2504 2242 2564 R.
2265 2500 2322 2560 d.
2391 2497 2550 2557 donat.
2550 2498 2687 2558 q.

2550 2632 2717 2692 Signe

2907 2636 3193 2696 Sachet
3238 2637 3447 2697 Greiffer
