1214 2993
91 67 1154 229 32 zu Gurtzelen mit voriger hilff ußzwenn
166 156 1178 291 Küblen etwas gesottnen angren, so sy hernach
167 231 1102 370 zu Klein hochstetten, vmb 2. G. Jethaufft.
194 312 1187 445 Item an obigem orth 2 Käsen, vnd ein leib
90 347 162 425 33
160 398 997 526 brodt, so sy mit einanderen genoßen.
95 476 1159 632 34. mit obiger halff und eines dritman, nach
191 567 1141 699 an einem anderen orth uß einem gaaden
181 636 613 757 geeen leiben brod.
215 692 1150 853 denns mithulff seines gspanen, so bei gheiß
157 802 1158 916 haben sy nachts und loff in einen spycher ge
188 873 1169 975 pont, und darus müt dinckel genommen
194 932 1145 1049 so sy mit einanderen getheilt, sein feyl haben
197 1006 877 1121 er mahlenlaßen und geeßen.
135 1398 1146 1530 Wadnn aber ochgedacht ze Gnaden
159 1508 1142 1628 sich auch an dises synes gethanen bekhandtnuß
176 1571 1128 1693 ußsonderen ursachen, nit knnegen können.
151 1641 1135 1760 So ist er gierhuff den 9. septembris 1640
164 1712 1107 1819 durch gienow: vnd wolermelten Herren
171 1775 1125 1875 Vinreng Sturlern, des kleinen: Herren
154 1844 1125 1964 Hanß Jacob Kyman, des großen Rahts, Vnd
171 1909 1116 2032 herren samuse Lehrbern Großweybel alles
167 1989 1102 2069 ernsts Examinert worden; da er
131 2041 1125 2170 Dann ußert vorgeschribnen Puncten, auch die
145 2117 1118 2237 hernachvolgenden mit und ohne marten
155 2191 759 2301 erhalten und bestettiget.
36 2266 1085 2389 36 alß erstlichen seye leider wahr, das der
126 2325 1119 2449 Dür Caspar ihme den Anschlag uff das
130 2385 1120 2519 zu Dieteredwyl entfrömbdete galdt er
127 2461 1115 2584 deert, auch ihme seinen theyl daruan zugeben
125 2521 1121 2647 versprochen, daßer er auch zufriden gsyn, Woruf
114 2612 1113 2725 Dir Caspar Zeiters tag in albwesen deß
119 2639 1131 2794 Caneren (so sich seines Obhalts Roht nans
121 2714 1111 2866 In das gußgangen und nach perichtem dieb
113 2813 1110 2941 stahl zu imme in ein gaßen ob des buhri
1135 1785 1171 1845 10
