2448 3264
291 208 1224 499 ddle e sia
165 360 368 433 aben sy ge¬
147 291 1232 571 dansaneln gebrachen, daruß habind y getragen 2 an
153 410 1208 616 asen und die balden  murtenmassige kan dar
159 491 281 568 laufft,
160 462 1203 698 aen vor für habe inen der warth zufergertß
370 560 1217 748 umb d pfundtancken sechsfrüger
369 649 1221 835 und umb die kant zumosswy gegeben
346 699 1158 864 unßen habind  auch imselben keller
377 780 775 916 eyn getrungken.
227 884 305 962 23.
378 867 1189 1064 bandthalb von im Fryburg gebieten
364 973 1184 1126 habind un ein stangen müt karn endt
363 1020 1184 1201 frombdet und (daruse 45 bz erloßt.
223 1133 314 1214 24.
351 1097 1182 1302 Allernechst by Fryburg schindt scy nachst
357 1204 1184 1353 In ein fleisch hußgestigen unnd darißen
342 1266 1154 1403 halbe Sÿten Schwynin, vnd 10 Riemen
355 1350 1153 1479 Rindtfleischendtfrömbdet, welcheß sy
347 1410 1168 1546 dem fehr zu don zugebracht, der habe
343 1499 981 1614 onen darumb 26 bz. geben.
220 1625 296 1686 25.
346 1589 1184 1721 nuehr von disem orth habind sy ab einen
334 1686 1159 1783 tag 4. manß Hembli hinwegg genomen
332 1734 1207 1856 und gesagtem fehr umb 20bz verkaufft
335 1839 1077 1964 Bnedthalb fryburg habindt sy einen
196 1869 304 1964 26
351 1915 1126 2028 spycher überstigen und durch das tach
348 1966 1141 2100 hinys komen, darus habindt y25 lb
360 2044 1177 2162 ey�en, so s vorgedachtem kehr verkaufft,
323 2094 1108 2232 darvon früe 17 bz und i wrützer
306 2196 519 2295 worden.
317 2262 1132 2389 an einen andren orth im Fryburg ge
180 2328 289 2409 27.
323 2345 1053 2461 piet habind i uß einer Ruchi ein
346 2386 1157 2529 schrenen und k�pffern hafen eintragen
262 2470 1092 2607 So sy gerschlagen unnd das pfundt ehr zu
300 2539 1135 2671 Fryburg umb5 batzen, das kupfer aber
301 2606 870 2738 vmb 4 hz verkaufft
294 2669 1137 2862 zu Blofegen habind sy mit einem schröt
323 2762 1151 2908 nachtstein keller uffgethan und darß
179 2797 255 2857 28
315 2832 1128 2960 22 kaß gestolet, die sy auch umb 22
233 2932 550 3037 verkaufft.
1337 246 2219 471 29. Im Ruggiserg habind sy uß einer wein
1466 341 2244 509 wolleißen genomen, die einte dem
1462 412 2242 566 mirth venkergertß unnd die andre
1280 450 1396 540 s
1456 462 2259 639 inen von fr�schelts verkaufft unndt
1245 528 1323 597 isil
1449 551 2077 733 uß getwädren f erlößt.
1451 642 2262 815 u schwangen habe er durch ein fenster
1334 780 1402 843 30
1457 749 2174 877 inem buren ein hochenhut und ein
1449 843 2122 961 syten wehr hinwegg genommen.
1447 956 2159 1069 zu vrtenen habe er mit hilff einese
1314 990 1405 1109 31
1453 1034 2169 1154 seineß gesellen dem wirth in denn
1436 1081 2191 1228 Keller brachen wyn darinnen trincken
1453 1172 2189 1262 2. Leibbroth 2 anckenballen und
1435 1247 2179 1349 einhalben kaß nemen helffen, so y
1445 1302 2179 1415 Suli Hanwerter zu Ramseren im
1427 1367 2174 1483 Buchi Berg umb 1 f verkaufft.
1340 1457 2127 1575 32 Zur Rird by Wangen, habe er mit
1417 1566 2175 1652 hilff einß seines gesellen, der sack
1425 1617 2115 1743 Pfyster genamset, vnd noch eineß
1441 1688 2210 1811 andren uß einen Haßei husßfuchen
1420 1757 2192 1869 bar losen, ein Wannsel, ein hembd
1414 1811 2176 1964 unnd ein kragen gestolen, welcheß sy
1416 1878 1856 1994 Vnder Inen getheilt.
1310 1984 1391 2079 335
1444 1986 2187 2128 u Nideronen einem büwren zu der
1428 2052 2191 2213 gyt allßer zu mitttag geßen, habe
1425 2125 2147 2261 er ein lebbrath die körbli vol
1402 2172 2127 2339 kuhlen unnd ein gfult stuck fleisch
1422 2244 1792 2385 hinregg getragen.
1287 2365 1370 2457 32
1445 2389 2169 2564 un Bollodingen sye er heiterß tags
1425 2423 2158 2622 in ein stuben gestigen und habe
1421 2514 2073 2691 vßeinen Rock 5 s genomen,
1263 2576 1342 2644 35.
1379 2555 2163 2800 n s edn  aer
1423 2684 2129 2891 een anden etegen
1420 2718 2272 2968 egen g enhent
1255 2759 2226 3065 er dnglnen
1375 2880 2188 3137 enhgeen
2241 175 2341 247 26
