1109 3220
7 538 105 617 ehete
119 123 1119 386 Casperk Hauffman, sonsten der klam
115 228 1089 416 Caspar genampt, bürtig von Türcke
347 306 875 453 uß dem sontgannb¬
95 356 1076 595 Aachdem der selbe, von dem hieuor
133 491 1112 693 angezognen mihrl Pälti angeben worden
134 546 1077 737 ersolte ime und seinem gstanen Galli
115 621 1055 797 Müller sampt der hingerichteten dirnen
137 684 1092 844 das schwartze Elßi genaupt, die wäg
137 757 1086 902 wysung gegeben, wir sy in hr landt
133 840 1061 973 vogt Frischingsser zuß komen, und
127 913 1083 1063 das galdt daruß erheben kandtint, Ist
126 990 1091 1117 derselbige auch gefencklich angenomen,
132 1061 1101 1196 Vnd deßwegen sowohl absonderlich, als
131 1126 1067 1241 vnder augl gesagten Waltins seines
136 1201 1091 1288 angäbersher exammniert und befragt
139 1261 1083 1367 worden, hat er endtlichen bekendt, daß
140 1325 1070 1422 es eben also ergange seye, wie Inne
128 1379 1088 1486 der erstgesagte Waltin anklagt habe
114 1452 1067 1555 Namlich, es seye zu derselben Zeith der
128 1516 1079 1642 oben angedeüte Galli Müller (welchen
130 1584 1065 1701 er sonsten zuuor vmb vrsachen wollen,
107 1658 1053 1765 daß er zum anderen mahl alhies Im
126 1733 1028 1830 Schallen wurch gewesen, da er auch
129 1764 1064 1898 beide mah  sein dms geordnete Zeith
129 1841 1079 1969 ußgestanden, alwo er Caspar wie zugleichn
119 1911 1080 2022 andere tauntener mehr, villmahlen nebe
113 1970 1077 2087 innen gearbeitet, gekandt habe) mit
120 2046 1074 2158 Ime Wältin zu ime, in sein damahl
104 2117 1069 2238 vertrunctsherberig komen und daselbst
86 2170 1076 2298 daß angedeits Schwarze Elßi ange¬
121 2213 1076 2346 troßen, Woruff er den angezognen Ge¬
103 2302 1071 2413 Müller angesprochen, er sölle Ime wyn
907 2337 980 2382 dem
103 2329 1073 2468 fahlen, so er auch gethan, vnd nach, Sya
959 2391 1044 2447 ahfarn
120 2419 1063 2521 mit einanderen getruntken, habe ime, der
116 2476 1055 2590 wyn mächtig angewunen, dahar er
96 2528 1052 2657 dann gsprächswyß doch gantz vnbedacht
108 2569 1066 2733 geredt, sein herren namlich h landtvögt
107 2644 1038 2785 Frischingsee:) abe vill ol Gebund
75 2690 1065 2860 underhanden, so wohl hier alß zu mitt
95 2729 1079 2913 Beßauw, der seye daßelbsten hin sreys
104 2845 1026 3004 vnd habe vill galdt daheimen In der
22 2852 1074 3056 durch vorermelten h Lombach h Samuel Gruner lit
61 2934 1064 3094 unger h Hanß Rudolff Keerber oberspitelmeister
53 3054 563 3151 hr Großweibel von Büren,
