2448 3264
175 209 1168 426 Allßo man disem auch fürghalten, wo er den groen
176 282 1169 458 ehrenen hafen, welches er an der sensen vonb
184 344 1168 522 lublonen verkaufft, der aber mit samgt
183 426 1171 592 noch einem kleineren am hochen donstag vort
156 498 1173 662 Uß Christen Meschler� hu� zu Waleren gstollen.
174 561 1190 738 worden genommen habe, hat er anzeigt, erhan
157 626 1173 801 denselbigen von ernem uslendischen man heise
165 699 1152 844 hauß umb 2 f erkaufft, das gelt habe er
123 765 1179 935 verschinnen minter mit troschen gewunnen, wil
154 850 1160 1001 aber hieruß seinen betrug wol hat mögen gese
164 947 1181 1064 wrden, ist er endtlichen uff der herren examinar
173 977 1188 1159 zusprechen hin bekandtlich worden, das er dise 2s
172 1062 1172 1184 gosagtem haus habe stulen helffen und das er dem
173 1140 1178 1292 selben den klerneren hofen gelaßßen und noch
157 1207 1182 1359 dem andren erl�ssten gelt 2 f geben, anderst
166 1269 1031 1407 hat er nit bekandtlich sein wellen.
162 1367 1172 1523 Diser ist nachtst uß dem fasten da er gelegen, ges
162 1483 1124 1587 brochen, hat hernach mit einer leitern, das
176 1535 1146 1670 mitler gäter in dem Churn von ein andren
178 1610 1165 1722 gerißen unnd sich hernach durch das loch hinuß
126 1683 1191 1804 uff das holtz, mit welchem der thurn und erstützt
171 1756 1173 1868 gewatn, begeben, uff demselben hinnder gelassen,
935 1818 972 1851 2
139 1842 1179 1958 und also darvon komen den 6. julii 1639
425 2092 1175 2253 Husula Roggenbaren
399 2202 1170 2318 ein von Mengen uß dem Brys
699 2272 916 2413 goiew.
147 2444 1176 2590 aiden dieselbe in verdacht kommen, alß soltes
152 2529 1179 2667 sy schwanger gewät und umb ein kindt kommen.
178 2586 1176 2750 sein, Ist y deßwege für chorgricht beschykt
185 2660 1168 2820 nd darumb zu redt gesteßßen worden, wyl
181 2741 1183 2877 y aber deßen sanfengklichen gelaugnet, hat
157 2834 1182 2940 sy durch die vier hebamen besichtigen lasse
125 2902 1188 3041 (elche dan durch mitel, das sy mitch vor
1249 205 2199 455 gegeben unnd ander wortgeichts befunden, das sy
1262 315 2199 500 eigenlich eineß kindtß abkommen ye, dahar sy
1256 392 2240 561 ung mit mehrerem ernst befragt worden, wo
1244 443 2196 644 y daßelbe hingethan habe, hat syendtlichen
1241 559 1709 723 hrkendt wie volget.
1215 635 2198 867 Esisye nit weniger den das sy vor vngeuerdt
1315 709 2232 877 3. Monaten von Irem jetigen herre vnndt
1231 787 2222 934 Meyster h anthan I der reüti Bmnrhr Schryber
1218 836 2223 998 Vmb die ehe augsprochen worden, Welche yieme
1248 914 2221 1075 auch verheiffen, vnndt habe daruff bywohnung
1244 984 2217 1138 by ime gehapt, das sy aber schwanger gewasen ve
1241 1071 2230 1186 das habe sy nit gewüßt, anders dan das jra gre
1248 1137 2206 1262 monatszeitt die zeitherr stilgestanden unndt sy
1247 1207 2279 1340 gemeint, die habendt sich sunsten by ira versteckt,
1225 1282 2283 1397 vor etwastagenuug seyendt fra dieselben einsmals
1252 1352 2155 1455 widrumb herfür komen, also das sy in einen
1253 1413 2309 1528 grosen blntfluß etliche tag gelegen, diß alles habe
1237 1491 2265 1598 ire nebetmagt i ein huber gefaßset unndt by
1250 1559 2277 1695 der nacht swie dergleichen sachen mehr beschechen.
1239 1640 2289 1762 In den bachschulten laßen, das sy aber einichs kindt
1246 1700 2349 1843 gesechen oder gefült habe, das sye gantz nit beschechen
1249 1786 2315 1900 unnd eye soner das sy ire frucht habe begerdt geer
1249 1850 2348 1979 murden, das sy auch swro sy gewüßt hete, das sy schwanger
1254 1929 2259 2056 were) dieselbige mit höchsten frauwden hette
1230 1988 2250 2118 wellen uffergiechen etc. Wan aber mein herren
1246 2065 2343 2225 eineß ehrsamen thorgrichts an dise ireversprechung
1253 2126 2232 2287 nit komen konden, habendt sy soliches meine
1243 2192 2301 2372 g hrn in geseßnen rath fürgebracht, die habendt
1242 2285 2354 2479 hieruff erkenndt, das man sy in die obre gfangen
1238 2342 2333 2555 has füre vnndt hernach zu Marzili mit zimlicher
1237 2423 2355 2630 marterfecken solle, Wyl aber gesagter Bmh
1235 2483 2341 2723 schryber für sy angehalten unndt darby versprochen
1233 2561 2276 2783 sy zu ehelich haben er g frendthalben das beßer
1235 2621 2324 2864 glaubt unnd der marter erlaßen und ime ledg
1233 2707 2261 2931 unnd loß zuhanden gestelt den 22. julii 1639.
2254 101 2329 161 17.
