<?xml version="1.0" encoding="UTF-8" standalone="yes"?>
<PcGts xmlns="http://schema.primaresearch.org/PAGE/gts/pagecontent/2013-07-15" xmlns:xsi="http://www.w3.org/2001/XMLSchema-instance" xsi:schemaLocation="http://schema.primaresearch.org/PAGE/gts/pagecontent/2013-07-15 http://schema.primaresearch.org/PAGE/gts/pagecontent/2013-07-15/pagecontent.xsd">
    <Metadata>
        <Creator>prov=University of Rostock/Institute of Mathematics/CITlab|PLANET AI GmbH/Gundram Leifert/gundram.leifert@planet-ai.de:name=German_Kurrent_XVI-XVIII_M1(htr_id=19584)::::v=2.6.7
prov=University of Rostock/Institute of Mathematics/CITlab|PLANET AI GmbH/Tobias Gruening/tobias.gruening@planet-ai.de:name=de.uros.citlab.module.baseline2polygon.B2PSeamMultiOriented:v=2.6.7
prov=University of Rostock/Institute of Mathematics/CITlab|PLANET AI GmbH/Tobias Gruening/tobias.gruening@planet-ai.de:name=/net_tf/LA73_249_0mod360.pb:de.uros.citlab.segmentation.CITlab_LA_ML:v=2.6.7
Transkribus</Creator>
        <Created>2020-10-05T21:58:22.743+02:00</Created>
        <LastChange>2022-09-09T15:45:50.740+02:00</LastChange>
        <TranskribusMetadata docId="1334821" pageId="52360250" pageNr="62" tsid="114642010" status="IN_PROGRESS" userId="9570" imgUrl="https://files.transkribus.eu/Get?id=DAEZSCANSWAAFLBIRAEGIKVM&amp;fileType=view" xmlUrl="https://files.transkribus.eu/Get?id=DQLTYJDNXELVMZYCKRNCLRKV" imageId="16091799"/>
    </Metadata>
    <Page imageFilename="IMG_9075.jpg" imageWidth="1158" imageHeight="3017">
        <ReadingOrder>
            <OrderedGroup id="ro_1687513767952" caption="Regions reading order">
                <RegionRefIndexed index="0" regionRef="r1"/>
                <RegionRefIndexed index="1" regionRef="r2"/>
            </OrderedGroup>
        </ReadingOrder>
        <TextRegion orientation="0.0" id="r1" custom="readingOrder {index:0;}">
            <Coords points="12,91 12,2944 1093,2944 1093,91"/>
            <TextLine id="r1l1" custom="readingOrder {index:0;} person {offset:0; length:12;}">
                <Coords points="20,334 580,194 912,176 1035,120 1020,34 889,123 783,103 733,150 625,118 480,169 368,152 317,192 250,154 88,274 11,283"/>
                <Baseline points="22,307 72,295 122,284 173,273 223,263 273,253 324,243 374,234 424,225 475,216 525,207 575,198 626,190 676,181 726,173 777,164 827,156 877,147 928,138 978,129 1029,120"/>
                <TextEquiv>
                    <Unicode>Hies taurwei huß daselbsten, dahin syes</Unicode>
                </TextEquiv>
            </TextLine>
            <TextLine id="r1l2" custom="readingOrder {index:1;}">
                <Coords points="65,411 115,358 271,351 324,305 372,322 472,276 669,295 724,246 909,209 1043,238 1046,141 582,194 544,241 376,240 211,307 49,321"/>
                <Baseline points="63,365 112,350 161,337 210,325 259,313 308,302 357,293 406,283 455,275 504,267 554,259 603,252 652,244 701,237 750,229 799,221 848,214 897,206 946,196 995,187 1045,177"/>
                <TextEquiv>
                    <Unicode>getragen aabgehalt, dauon jra zu theil worden</Unicode>
                </TextEquiv>
            </TextLine>
            <TextLine id="r1l3" custom="readingOrder {index:2;}">
                <Coords points="50,465 84,451 99,438 124,444 180,426 195,430 184,356 164,368 147,362 122,391 110,390 107,395 98,389 86,406 43,414"/>
                <Baseline points="51,425 78,425 105,422 132,416 159,411 186,410"/>
                <TextEquiv>
                    <Unicode>4</Unicode>
                </TextEquiv>
            </TextLine>
            <TextLine id="r1l4" custom="readingOrder {index:3;} place {offset:15; length:6;}">
                <Coords points="45,609 145,553 318,554 344,522 416,552 523,489 644,472 706,508 738,481 844,498 902,453 1009,457 1003,413 851,354 670,447 622,417 537,451 483,412 405,476 310,428 149,523 32,520"/>
                <Baseline points="46,570 93,561 141,553 189,544 236,536 284,528 332,520 379,513 427,506 475,499 523,492 570,486 618,479 666,473 713,468 761,463 809,458 856,453 904,449 952,445 1000,441"/>
                <TextEquiv>
                    <Unicode>zu vonseemn by mefsen mit olff sappellen</Unicode>
                </TextEquiv>
            </TextLine>
            <TextLine id="r1l5" custom="readingOrder {index:4;}">
                <Coords points="59,659 402,568 645,545 714,581 775,534 1036,523 1030,475 977,450 913,494 765,510 644,472 587,522 529,490 467,542 235,543 175,590 53,605"/>
                <Baseline points="63,631 111,621 159,611 207,601 255,593 304,585 352,577 400,570 448,564 496,557 545,551 593,546 641,541 689,536 737,532 786,528 834,523 882,520 930,516 978,513 1027,510"/>
                <TextEquiv>
                    <Unicode>Kentzen vnnd einem andren deren der ente</Unicode>
                </TextEquiv>
            </TextLine>
            <TextLine id="r1l6" custom="readingOrder {index:5;}">
                <Coords points="23,741 111,690 199,723 247,672 949,605 992,581 985,522 851,572 490,565 459,600 315,598 214,652 13,658"/>
                <Baseline points="25,702 73,695 121,687 169,679 217,672 265,665 313,657 361,650 409,643 457,636 505,630 553,623 601,618 649,612 697,607 745,602 793,597 841,593 889,589 937,586 986,583"/>
                <TextEquiv>
                    <Unicode>huBerm der ander zu Wangen gerichtet</Unicode>
                </TextEquiv>
            </TextLine>
            <TextLine id="r1l7" custom="readingOrder {index:6;}">
                <Coords points="52,791 231,789 362,734 453,762 546,711 684,747 741,692 967,719 1034,675 1023,568 868,661 657,629 563,689 484,649 439,690 375,662 247,683 196,732 128,698 45,715"/>
                <Baseline points="57,776 105,768 154,760 202,752 251,746 299,738 348,732 396,726 445,720 493,715 542,709 590,705 639,699 687,695 736,691 784,688 833,685 881,682 930,679 978,676 1027,674"/>
                <TextEquiv>
                    <Unicode>worden, Item Einer frauwen, uß einem spych</Unicode>
                </TextEquiv>
            </TextLine>
            <TextLine id="r1l8" custom="readingOrder {index:7;}">
                <Coords points="14,845 112,874 168,834 218,865 284,826 816,770 1008,765 1071,798 1063,705 814,737 738,709 675,749 598,721 505,768 371,741 314,792 168,812 8,785"/>
                <Baseline points="20,845 72,839 124,833 176,827 228,822 280,816 332,810 384,804 436,800 488,794 540,789 592,784 644,780 696,776 748,771 800,768 852,765 904,763 956,760 1008,759 1061,758"/>
                <TextEquiv>
                    <Unicode>Vil garng pper, töck, unndt leinwaad endtwendt</Unicode>
                </TextEquiv>
            </TextLine>
            <TextLine id="r1l9" custom="readingOrder {index:8;}">
                <Coords points="43,956 276,906 351,939 407,890 462,913 678,854 890,850 970,896 1100,849 1094,777 1025,774 827,822 717,798 565,840 474,811 310,872 165,839 37,874"/>
                <Baseline points="47,915 99,910 151,905 203,899 256,893 308,888 360,882 413,876 465,871 517,865 570,861 622,856 674,852 726,849 779,846 831,844 883,843 936,843 988,843 1040,845 1093,847"/>
                <TextEquiv>
                    <Unicode>helffenn, danon fra zu theil worden 20 hasfeten</Unicode>
                </TextEquiv>
            </TextLine>
            <TextLine id="r1l10" custom="readingOrder {index:9;}">
                <Coords points="52,1025 147,979 240,1014 301,982 422,1004 479,960 652,940 1034,956 1030,905 854,902 797,866 740,910 682,869 646,900 584,874 462,913 416,892 350,943 48,957"/>
                <Baseline points="56,986 104,982 152,978 201,973 249,969 298,965 346,960 395,956 443,952 492,948 540,944 588,941 637,938 685,935 734,933 782,931 831,929 879,928 928,928 976,928 1025,929"/>
                <TextEquiv>
                    <Unicode>harn, ein gippen, einn Rock vnd 5 Eynlacht.</Unicode>
                </TextEquiv>
            </TextLine>
            <TextLine id="r1l11" custom="readingOrder {index:10;}">
                <Coords points="31,1162 117,1193 176,1157 241,1180 453,1138 597,1171 671,1140 750,1166 798,1136 1019,1146 1002,1069 894,1115 828,1070 711,1102 385,1078 178,1112 29,1054"/>
                <Baseline points="38,1165 86,1160 135,1156 184,1152 233,1149 281,1146 330,1144 379,1142 428,1141 476,1140 525,1139 574,1138 623,1138 671,1138 720,1138 769,1138 818,1138 866,1139 915,1139 964,1139 1013,1140"/>
                <TextEquiv>
                    <Unicode>zufägring uß antrib eines schärers, namens</Unicode>
                </TextEquiv>
            </TextLine>
            <TextLine id="r1l12" custom="readingOrder {index:11;} person {offset:0; length:14;}">
                <Coords points="23,1254 445,1210 658,1259 734,1211 821,1250 920,1213 1019,1252 1018,1182 871,1138 749,1191 676,1146 594,1172 452,1141 145,1195 22,1169"/>
                <Baseline points="29,1229 78,1224 127,1220 176,1217 225,1215 274,1212 323,1211 373,1210 422,1209 471,1208 520,1208 569,1209 618,1209 667,1209 717,1210 766,1211 815,1211 864,1212 913,1212 962,1212 1012,1212"/>
                <TextEquiv>
                    <Unicode>Psannuus Gonet, mit hilff seiner frauw</Unicode>
                </TextEquiv>
            </TextLine>
            <TextLine id="r1l13" custom="readingOrder {index:12;}">
                <Coords points="42,1314 207,1289 247,1324 284,1288 425,1285 532,1314 597,1295 644,1337 769,1289 1005,1321 1005,1251 918,1218 809,1271 415,1218 368,1244 241,1224 170,1269 42,1257"/>
                <Baseline points="48,1295 95,1291 143,1288 190,1285 238,1283 285,1281 333,1281 380,1280 428,1280 475,1281 523,1281 570,1282 618,1284 665,1285 713,1286 760,1287 808,1289 855,1290 903,1291 950,1292 998,1292"/>
                <TextEquiv>
                    <Unicode>Vß einem huß-sichein heffen genomen, Ime</Unicode>
                </TextEquiv>
            </TextLine>
            <TextLine id="r1l14" custom="readingOrder {index:13;} person {offset:20; length:6;}">
                <Coords points="40,1357 191,1360 224,1389 281,1359 427,1389 490,1361 580,1404 647,1368 916,1391 1008,1360 855,1326 738,1346 708,1318 653,1349 584,1300 452,1323 284,1292 244,1324 203,1298 153,1336 41,1314"/>
                <Baseline points="47,1355 94,1354 142,1353 189,1353 237,1353 285,1354 332,1354 380,1355 428,1356 475,1358 523,1359 571,1361 618,1362 666,1364 714,1366 761,1368 809,1370 857,1372 904,1374 952,1376 1000,1377"/>
                <TextEquiv>
                    <Unicode>Bannet zutragen, sy Lussya aber habe der</Unicode>
                </TextEquiv>
            </TextLine>
            <TextLine id="r1l15" custom="readingOrder {index:14;} person {offset:0; length:5;}">
                <Coords points="24,1412 220,1457 360,1432 751,1480 1079,1463 1081,1412 1038,1392 832,1428 638,1377 552,1421 405,1367 352,1397 283,1362 227,1390 26,1366"/>
                <Baseline points="31,1411 83,1413 135,1416 187,1418 239,1421 291,1424 343,1427 395,1429 447,1432 499,1435 552,1438 604,1441 656,1443 708,1446 760,1448 812,1449 864,1451 916,1453 968,1454 1020,1454 1073,1455"/>
                <TextEquiv>
                    <Unicode>Buris disen liebstal endtenkt, die hiemit</Unicode>
                </TextEquiv>
            </TextLine>
            <TextLine id="r1l16" custom="readingOrder {index:15;}">
                <Coords points="34,1510 219,1533 324,1507 379,1547 404,1526 551,1521 625,1568 701,1554 707,1453 617,1465 551,1443 467,1471 391,1441 338,1484 251,1452 160,1480 38,1425"/>
                <Baseline points="42,1487 74,1489 107,1491 140,1492 173,1494 205,1496 238,1498 271,1500 304,1501 336,1503 369,1504 402,1505 435,1507 467,1508 500,1510 533,1512 566,1514 598,1516 631,1518 664,1521 697,1524"/>
                <TextEquiv>
                    <Unicode>widrumb zu dem zrigenkommen.</Unicode>
                </TextEquiv>
            </TextLine>
            <TextLine id="r1l17" custom="readingOrder {index:16;} place {offset:3; length:10;}">
                <Coords points="25,1639 985,1701 987,1670 883,1593 792,1611 613,1568 475,1607 405,1574 185,1602 33,1531"/>
                <Baseline points="33,1611 80,1617 127,1622 175,1627 222,1631 269,1635 317,1638 364,1642 411,1644 459,1647 506,1649 553,1652 601,1655 648,1657 695,1661 743,1664 790,1668 837,1672 885,1677 932,1682 980,1688"/>
                <TextEquiv>
                    <Unicode>zu Lutzerbach mit hilff Cappellbäutzenn,</Unicode>
                </TextEquiv>
            </TextLine>
            <TextLine id="r1l18" custom="readingOrder {index:17;}">
                <Coords points="20,1691 368,1734 487,1715 545,1750 624,1728 940,1753 944,1693 838,1718 711,1664 621,1696 450,1693 240,1645 186,1671 24,1640"/>
                <Baseline points="28,1678 73,1684 118,1688 163,1692 209,1696 254,1700 299,1703 345,1707 390,1710 435,1713 481,1716 526,1719 571,1722 616,1724 662,1727 707,1730 752,1732 798,1734 843,1738 888,1740 934,1742"/>
                <TextEquiv>
                    <Unicode>uß einem käller4 broth undt 2 ancken</Unicode>
                </TextEquiv>
            </TextLine>
            <TextLine id="r1l19" custom="readingOrder {index:18;}">
                <Coords points="27,1762 241,1765 274,1797 330,1789 369,1817 407,1799 479,1818 528,1795 532,1761 484,1759 449,1727 387,1746 339,1727 303,1745 243,1718 187,1739 122,1696 77,1713 33,1691"/>
                <Baseline points="35,1744 60,1745 86,1746 112,1748 137,1751 163,1754 189,1756 214,1759 240,1762 266,1764 291,1768 317,1770 343,1773 368,1776 394,1778 420,1780 445,1782 471,1783 497,1784 523,1784"/>
                <TextEquiv>
                    <Unicode>hallen nemmen helffenn.</Unicode>
                </TextEquiv>
            </TextLine>
            <TextLine id="r1l20" custom="readingOrder {index:19;} place {offset:3; length:11;}">
                <Coords points="12,1919 145,1883 246,1892 297,1932 438,1908 768,1976 863,1959 895,1992 946,1964 951,1894 826,1899 716,1835 455,1839 396,1874 297,1830 119,1826 24,1766"/>
                <Baseline points="23,1865 68,1870 114,1876 160,1881 206,1887 252,1892 298,1896 344,1900 390,1904 436,1908 482,1911 527,1915 573,1918 619,1920 665,1923 711,1926 757,1928 803,1931 849,1933 895,1935 941,1938"/>
                <TextEquiv>
                    <Unicode>zu Darendingen mit obiger Oselschafft</Unicode>
                </TextEquiv>
            </TextLine>
            <TextLine id="r1l21" custom="readingOrder {index:20;}">
                <Coords points="25,1952 119,1946 224,1986 276,1960 343,1990 532,1983 618,2038 740,2005 878,2031 921,1998 707,1944 558,1956 485,1913 344,1949 184,1890 29,1901"/>
                <Baseline points="34,1919 80,1929 126,1937 172,1945 219,1951 265,1957 311,1962 357,1966 404,1970 450,1974 496,1977 542,1979 589,1982 635,1985 681,1989 727,1992 774,1996 820,1999 866,2004 913,2009"/>
                <TextEquiv>
                    <Unicode>b broth uß einen Käller Endtwandt,</Unicode>
                </TextEquiv>
            </TextLine>
            <TextLine id="r1l22" custom="readingOrder {index:21;} place {offset:3; length:15;}">
                <Coords points="28,2037 299,2107 385,2086 508,2137 556,2104 1057,2159 1038,2069 935,2113 824,2058 729,2078 324,2028 253,1972 33,1986"/>
                <Baseline points="35,2037 85,2045 136,2052 187,2058 238,2065 289,2070 340,2076 390,2081 441,2087 492,2091 543,2095 594,2100 645,2104 696,2109 746,2113 797,2118 848,2122 899,2127 950,2132 1001,2137 1052,2142"/>
                <TextEquiv>
                    <Unicode>zu Bubingn Bolloth. Orb. Vseinem gaden 3 mäs</Unicode>
                </TextEquiv>
            </TextLine>
            <TextLine id="r1l23" custom="readingOrder {index:22;}">
                <Coords points="23,2131 69,2149 261,2130 300,2164 438,2148 605,2209 669,2184 673,2146 634,2123 553,2145 363,2088 316,2117 261,2115 32,2049"/>
                <Baseline points="33,2103 64,2106 96,2111 127,2114 159,2118 190,2122 222,2125 253,2128 285,2132 316,2135 348,2139 380,2142 411,2145 443,2148 474,2152 506,2155 537,2158 569,2162 600,2165 632,2169 664,2172"/>
                <TextEquiv>
                    <Unicode>öpfel unnd 4 kloben werch.</Unicode>
                </TextEquiv>
            </TextLine>
            <TextLine id="r1l24" custom="readingOrder {index:23;} person {offset:25; length:15; continued:true;}">
                <Coords points="22,2231 136,2266 437,2273 550,2326 741,2302 797,2352 863,2309 980,2321 1021,2284 497,2172 351,2227 107,2161 25,2194"/>
                <Baseline points="31,2212 80,2222 129,2232 178,2240 227,2248 276,2255 325,2260 374,2266 423,2270 472,2275 521,2279 570,2282 619,2286 668,2289 717,2291 766,2294 815,2297 864,2300 913,2303 962,2307 1012,2310"/>
                <TextEquiv>
                    <Unicode>zukriegstetten mit hilff obstath vßemann</Unicode>
                </TextEquiv>
            </TextLine>
            <TextLine id="r1l25" custom="readingOrder {index:24;} person {offset:0; length:5; continued:true;}">
                <Coords points="4,2307 44,2297 141,2332 181,2315 311,2355 366,2328 575,2345 612,2371 717,2368 721,2336 626,2306 550,2325 410,2277 345,2292 246,2270 212,2291 15,2209"/>
                <Baseline points="15,2268 49,2276 84,2284 119,2292 154,2298 189,2304 224,2309 258,2313 293,2318 328,2322 363,2325 398,2329 433,2332 468,2335 502,2337 537,2340 572,2343 607,2346 642,2348 677,2351 712,2354"/>
                <TextEquiv>
                    <Unicode>äller 12 brath 2 anckenballen.</Unicode>
                </TextEquiv>
            </TextLine>
            <TextLine id="r1l26" custom="readingOrder {index:25;} place {offset:3; length:14;}">
                <Coords points="21,2414 143,2430 183,2469 348,2474 390,2511 476,2473 556,2499 735,2483 799,2518 843,2487 976,2494 858,2412 487,2430 358,2411 305,2367 209,2413 29,2324"/>
                <Baseline points="29,2393 76,2407 123,2419 170,2429 217,2439 264,2446 311,2453 358,2459 405,2463 452,2467 499,2470 546,2473 593,2475 640,2477 687,2479 734,2480 781,2482 828,2484 875,2486 922,2488 969,2492"/>
                <TextEquiv>
                    <Unicode>zu Ridergelifingk olligeb, mit obstatt</Unicode>
                </TextEquiv>
            </TextLine>
            <TextLine id="r1l27" custom="readingOrder {index:26;} person {offset:0; length:12;}">
                <Coords points="21,2502 89,2474 388,2558 622,2539 805,2583 977,2561 975,2496 902,2528 536,2508 472,2476 390,2511 30,2405"/>
                <Baseline points="32,2453 81,2468 130,2481 180,2492 229,2502 279,2510 328,2516 377,2522 427,2527 476,2530 526,2533 575,2536 625,2538 674,2540 723,2542 773,2543 822,2546 872,2548 921,2551 971,2555"/>
                <TextEquiv>
                    <Unicode>Neinem Käler ein kübel vol anken undt</Unicode>
                </TextEquiv>
            </TextLine>
            <TextLine id="r1l28" custom="readingOrder {index:27;}">
                <Coords points="18,2533 47,2547 68,2541 114,2549 126,2565 159,2561 193,2588 218,2588 237,2601 254,2540 224,2522 175,2510 167,2515 154,2496 120,2503 103,2481 27,2503"/>
                <Baseline points="30,2515 56,2523 82,2533 108,2540 134,2547 160,2554 186,2561 212,2567 238,2572"/>
                <TextEquiv>
                    <Unicode>4 Crat.</Unicode>
                </TextEquiv>
            </TextLine>
            <TextLine id="r1l29" custom="readingOrder {index:28;} place {offset:3; length:8;}">
                <Coords points="12,2671 75,2661 239,2738 377,2704 589,2759 801,2737 1007,2786 1013,2715 970,2686 785,2709 416,2619 226,2659 22,2556"/>
                <Baseline points="22,2637 71,2652 120,2665 169,2676 218,2684 267,2692 316,2698 365,2703 414,2708 463,2711 513,2714 562,2716 611,2719 660,2721 709,2723 758,2726 807,2729 856,2732 905,2737 954,2742 1004,2749"/>
                <TextEquiv>
                    <Unicode>zu venstaff mithilff vortath Cappelbentzen</Unicode>
                </TextEquiv>
            </TextLine>
            <TextLine id="r1l30" custom="readingOrder {index:29;} place {offset:35; length:4;}">
                <Coords points="4,2711 328,2780 635,2778 692,2825 786,2791 837,2826 1005,2803 860,2743 238,2735 8,2667"/>
                <Baseline points="12,2697 61,2711 110,2724 159,2735 209,2743 258,2751 307,2757 357,2762 406,2765 455,2769 505,2771 554,2773 603,2775 652,2777 702,2778 751,2781 800,2784 850,2788 899,2792 948,2797 998,2804"/>
                <TextEquiv>
                    <Unicode>und einem andren, dorender eite zu Bern, der 2</Unicode>
                </TextEquiv>
            </TextLine>
            <TextLine id="r1l31" custom="readingOrder {index:30;}">
                <Coords points="4,2835 95,2796 208,2857 278,2829 609,2838 787,2850 840,2890 926,2861 1032,2904 1036,2844 926,2843 888,2798 823,2831 549,2780 250,2798 12,2728"/>
                <Baseline points="16,2768 66,2781 117,2793 167,2802 218,2810 268,2816 319,2821 369,2824 420,2828 470,2830 521,2832 572,2834 622,2835 673,2838 723,2840 774,2843 824,2847 875,2852 925,2858 976,2866 1027,2876"/>
                <TextEquiv>
                    <Unicode>zu wangen gerichtet worden, item einer frauwen</Unicode>
                </TextEquiv>
            </TextLine>
            <TextLine id="r1l32" custom="readingOrder {index:31;}">
                <Coords points="15,2859 119,2922 315,2899 387,2943 500,2898 898,2936 892,2870 835,2893 786,2865 619,2877 545,2839 481,2875 426,2844 338,2875 271,2834 208,2857 122,2801 20,2796"/>
                <Baseline points="23,2837 66,2850 109,2861 153,2870 196,2876 240,2883 283,2887 327,2890 370,2892 414,2894 457,2895 500,2895 544,2897 587,2898 631,2899 674,2901 718,2904 761,2908 805,2913 848,2921 892,2929"/>
                <TextEquiv>
                    <Unicode>N Häfen vol schwynen schmalts und 4 broth.</Unicode>
                </TextEquiv>
            </TextLine>
            <TextEquiv>
                <Unicode>Hies taurwei huß daselbsten, dahin syes
getragen aabgehalt, dauon jra zu theil worden
4
zu vonseemn by mefsen mit olff sappellen
Kentzen vnnd einem andren deren der ente
huBerm der ander zu Wangen gerichtet
worden, Item Einer frauwen, uß einem spych
Vil garng pper, töck, unndt leinwaad endtwendt
helffenn, danon fra zu theil worden 20 hasfeten
harn, ein gippen, einn Rock vnd 5 Eynlacht.
zufägring uß antrib eines schärers, namens
Psannuus Gonet, mit hilff seiner frauw
Vß einem huß-sichein heffen genomen, Ime
Bannet zutragen, sy Lussya aber habe der
Buris disen liebstal endtenkt, die hiemit
widrumb zu dem zrigenkommen.
zu Lutzerbach mit hilff Cappellbäutzenn,
uß einem käller4 broth undt 2 ancken
hallen nemmen helffenn.
zu Darendingen mit obiger Oselschafft
b broth uß einen Käller Endtwandt,
zu Bubingn Bolloth. Orb. Vseinem gaden 3 mäs
öpfel unnd 4 kloben werch.
zukriegstetten mit hilff obstath vßemann
äller 12 brath 2 anckenballen.
zu Ridergelifingk olligeb, mit obstatt
Neinem Käler ein kübel vol anken undt
4 Crat.
zu venstaff mithilff vortath Cappelbentzen
und einem andren, dorender eite zu Bern, der 2
zu wangen gerichtet worden, item einer frauwen
N Häfen vol schwynen schmalts und 4 broth.</Unicode>
            </TextEquiv>
        </TextRegion>
        <TextRegion orientation="0.0" id="r2" custom="readingOrder {index:1;}">
            <Coords points="1051,0 1051,78 1098,78 1098,0"/>
            <TextLine id="r2l1" custom="readingOrder {index:0;}">
                <Coords points="1045,36 1053,35 1061,41 1071,34 1082,40 1106,41 1102,-12 1094,-11 1086,-2 1069,2 1061,-3 1042,-5"/>
                <Baseline points="1051,28 1098,25"/>
                <TextEquiv>
                    <Unicode>42</Unicode>
                </TextEquiv>
            </TextLine>
            <TextEquiv>
                <Unicode>42</Unicode>
            </TextEquiv>
        </TextRegion>
    </Page>
</PcGts>
