1163 2890
66 85 147 158 2.
180 53 1137 279 Sonten habe er mit Michtl Wälti, vnd nach
157 149 1120 345 einem anderen Junger gstollen so gaßlich
154 195 1126 389 einem buhren zu Btlingen einen trag in den
158 271 1151 477 stuben vfbrachen, vnd daruß 20 t g
155 333 1134 513 selffen, daruon seye Ime zu seinem thei
159 397 511 500 8 e worden
67 461 1097 614 3. Gleicher gstalten habe er auch mit ime
159 551 1118 715 Wälti zu Limbach nachts einen spycher
160 617 1107 734 offbrechen und daruß zwen röckh 20
139 676 1124 810 Elen leintuch und souen pfundt geüßtet
146 735 1117 883 Krsten nemen helffen, doch seye by Inne
147 827 1119 944 noch ein vmbschweiffende dirnen gsee
146 879 1119 1002 welche auch iren theye darinen gehapt habe.
59 940 1117 1109 4. Wert disem habe er uff einzeith im Eggen
156 1042 1120 1168 wyl uß einem huß ein stuckh fleißn und
154 1101 738 1210 ein leib brodt genomen
53 1186 1064 1309 5. Zu Hindli Banckh auch 2 leibler bradt
46 1288 111 1381 6.
132 1278 1109 1408 zu Ptzenstorff vß einem Kaller, ein Ander
140 1377 964 1482 ballen vnd aber 2 Leiben brodt.
45 1457 1097 1581 7. Zu Stäfißburg seye einer uß dem Lutzerner
131 1546 1097 1645 gepiet, so sich dyß namse, welches einstoll
132 1604 1043 1710 fuß habe und sonst ein langes starckher
143 1669 1074 1780 junges unpartster gsell seye, mit sampt
132 1738 1098 1849 einem anderen, der fheidlin heiße zu smd
130 1796 1083 1880 kommen, mit welcherenhilff er mit einem be
130 1857 1089 1963 Im habend sprat ysen nachts einem källe
134 1908 1085 2003 Vffgebrachen, Daruß 2 Kübelvoll Anck
128 1980 1088 2074 1. Kaß, vnd 6 leiben brodt genommen, die
120 2043 1081 2144 Aneken haben sy zu Thun Jeden kubellvn
125 2100 1090 2216 2 l verkaufft und das galdt under sy de
112 2167 304 2277 getheilt,
39 2250 1063 2387 8. zu Belpp seyen Sy aber nachts In einen
96 2340 1084 2452 Käller gebrochen, und habendt daruß zu
75 2395 1085 2509 Kasten, 1. Anchenballen, vndt 3. leiben brodt
88 2464 994 2572 so sy mit einanderen gnoßen, gnomen
47 2536 1087 2647 9. zu Oberwangen under der müllin sey
106 2604 1063 2687 und des laus Leferner, tags ins einen
109 2659 1065 2757 Källes so nit ingeschlagen gewesen, gangen e
111 2703 1081 2818 eiben brodt und 1 anckhenbalten daruß
112 2786 321 2869 entrage
