1154 3041
1005 44 1100 133 99.
157 105 753 283 Vetter Bhneubuel
7 231 1063 394 Verzeigt an, er seye von Wyßenburg uß
12 295 1099 490 dem Sibenthal, sein Vatter (welch Vngeuehrs
30 384 1098 556 vos siben jaren gstorben) habe Hanß Konen
44 480 1094 656 bürl sein muter aber Barbli Steiner
41 564 1054 703 Item d eint seines tauffgottmen, Hannß
32 652 1057 788 kolb, der ander Steffanfarmi und sein
37 714 1065 861 vatten Verend gheißen, alß sein mulder
21 804 1058 954 Vor 2 Jaren gstorben, seye er V seinem
24 876 1056 1052 seymath hin weg gezogen, und hab sich im
22 961 1094 1129 Eienthal Landtgrichten, Vnd vmb thun harumb
36 1048 1082 1215 thulß mit wärchen theilß mit alppen, viech
40 1119 1086 1263 hurten und dergleich sachen ernehrt, eetstlichen habe
218 1220 347 1287 Jacob
39 1215 1041 1363 es sich bymß, junigen zu Stäffißburg ein
29 1302 1069 1444 Zeitlang ufgehalten, Jetz und aber habe er
29 1361 1087 1512 hinüber an der (. da er schon 2 mahl gwesen)
31 1442 1041 1602 In Herptgewolt, habe also vnd wägs in
25 1524 1063 1678 der nachtherbrig den vorgemelten Jungn
49 1601 1014 1732 Melcher Suter angetroffen, den habe er
42 1666 1024 1836 mit Imme nemen vnd fuhren wollen, Er
33 1750 954 1905 seye aber auch gleich wie die anderen
41 1828 976 1966 ergriffen worden, alß ihmme aber
3 1912 1030 2039 die Herren Exammnatoren hierüber
21 1967 1006 2126 fagt, waßer dan fur furgehalten
18 2050 1025 2203 sy vommidt sich kheines wegs ereineren, daß
29 2126 1047 2273 dergleichen gschlechteren (wie er seine elteren
32 2206 1083 2376 Vndt tauffgoldmen genamset habe. Im Siben
35 2272 1056 2441 tal seyen, er sr de füe zwyshen dorten nit
30 2365 1067 2527 Dohann sein, sonderts ein falschen namen der
21 2447 1045 2600 Heymath angeben haben, Vnd Ihne darüber
27 2513 1059 2672 befragt, wie dann der predicant, Item die
29 2605 1080 2747 Amptleüth und dorffer im nider siben
43 2705 1041 2817 thal, sonderlich aber das orth, wormen dis
39 2764 1063 2897 kirchenstande, daryn die von Wyßzenburg
36 2854 1003 3002 zud Predig müßen, heißen, hat er jomen
