2448 3264
204 2208 260 2287 3
345 194 1178 481 ereen heen
366 315 645 445 Ristnck.
349 465 1193 681 uff soliche seine gethane bekhandtnus
367 583 1159 738 bett nit zwar meyn gnedig herren
360 657 1189 812 unndt oberen uf ursach gnng gehabt,
357 717 1167 873 Ihhne seinem verdieken nach abzue
362 770 1155 924 traffen. Wyl aber ihrze jeder
377 859 1175 1007 wylen mehr zur barmberzigkheit
379 915 1163 1041 alß zur streüge gewogen. Habendt
385 990 1163 1102 sy ihne uff verhoffende beßerung
372 1063 1198 1173 it rn�en u� schmehen  bezeigen.
376 1120 1187 1221 von ihr zr statt und handt nit
360 1185 1193 1303 dem erdt verwyßen, undt noch der
356 1253 1168 1349 zur fürhalten laßen, daß wo er sich
372 1322 1181 1421 further hin in ihr ze handt
350 1364 1125 1485 und gepret wytherß finden laßen.
361 1432 1138 1549 werde, daß ihme sein oroces schon
352 1510 1158 1614 gemacht undt er volgents daruff
358 1565 1155 1661 nit vem strangen hingerichtet werden.
365 1622 1155 1722 solle. daß alles aber hat er ihme
340 1681 1133 1794 mit dergestalten zur beßerung dienen
351 1746 1134 1851 laßen, den daß er im ehinrnder reyßen
355 1797 1138 1909 durch daß ergaur zu Endtfälden.
350 1885 704 1964 sie leyb brott
338 1940 1063 2064 Item nit wytle darvon ein wullinen
352 2002 1120 2120 wyberrok, welchs er umb ein kronen
359 2068 821 2196 verkaufft, genommen.
347 2153 1184 2284 Dernacher habe er sich in die Graffschaff
329 2227 1171 2367 Badt begeben, daselbsten habe er stracks
339 2275 1142 2429 uß eien ihme unsekhandth pauren
330 2340 1064 2511 hhauß ein leib brott entfrembdet.
313 2440 1170 2646 Ingleicher herschafft uß einem anderen
281 2509 1155 2670 hauß die hosfen undt schueh, so er diß
338 2571 1138 2750 mahlen nach antrage heiterß tags
333 2708 754 2822 hinweg genommen.
284 2690 1150 2897 Nit wyth darvon uß einem anderen hauß
335 2759 1167 2951 ein halben leib broth, ein stükli kaß undt
337 2868 845 3008 ein buchsemes löffe r
1266 1444 1294 1499 8
2236 148 2332 235 22
1353 268 2315 492 Unfehr von aßem in eines pauren hanß
1387 345 2348 559 b kll lynndtuch, welche er einer battler
1382 419 2133 615 freüwen umb be botten verkaufft.
1375 543 2285 758 zu dagerfalden vor einem hauß ab der
1402 634 2171 810 tangen haber einf gippen sambt
1379 676 2343 875 einen hochen gutt, welches er umb 8 bz
1381 806 1830 933 verkaufft entragen.
1372 898 2179 1061 Vndt abwolen Er einen thūren Erdt
1380 986 2177 1124 zu gott geschworen, sich nit mehr
1363 1037 2183 1167 er nicht und obere anden undt
1382 1102 2177 1218 gepieten zu begeben, do habe er doch
1375 1160 2197 1278 solches alles nit swytl befrachtet
1359 1219 2153 1343 den daß er sich strackß widrumb
1365 1282 2227 1409 daryn gemacht unndt alßo erstlichen
1364 1396 2218 1535 zu Endtvalden einen schwarzen bynm
1350 1479 2332 1602 wamsell, so er umb 5 bazen verkaufft
1369 1546 1541 1628 genommen.
1349 1614 2265 1770 Aller nechst darbey habe er in manß hembd
1269 1671 1314 1743 9
1367 1716 2269 1831 2 halbe Ankl ballen, vndt  von einem
1366 1780 1787 1894 eyb brott entragen.
1271 1890 1314 1945 10
1343 1852 2237 2033 In einem anderen dorff in halben kaß
1363 1951 1705 2063 welche er genoßen.
1275 1999 1303 2118 1
1331 2021 2160 2178 Nit wyth Vor Bruck seye er in ein
1361 2111 2276 2263 näbentstuben gestigt undt habe daruß
1356 2168 2207 2356 en par schuch, welches er umb 7 bahl
1355 2229 1798 2362 verkanfft, entragt.
1240 2330 1318 2383 1
1364 2313 2255 2518 Gleych obenthalb dißem dorff habe
1349 2385 2112 2550 er noch 2 bar schuh, so er einem
1353 2450 2330 2694 battler und seiner frauwen umb 28 bah
1353 2507 1855 2650 verkaufft ent zukt.
1248 2579 1320 2650 13
1334 2565 2229 2857 Shedate gleßen a
1340 2672 2182 2867 haunß ein manß undt von Wyber
1329 2781 1608 2914 weg geben.
1329 2729 2202 2955 hembdt, dieser vmb etbeten hin.
1816 2889 2017 2981 habe er
1234 2823 2253 3143 hihenggele
1305 434 1356 528 6
