1162 3126
48 2780 108 2852 5.
76 184 124 241 1.
212 108 1159 348 Es seyr zwar nit weniger, dann das euß
194 224 1149 386 zum anderenmahl allis gefangen gelegen
197 308 1124 430 deß ersten mahls, daß etliche dirnen
185 353 1169 511 mit dennen es zum Creiz Alhie getrunk¬
202 436 1167 588 einem gwußen vollen buhren ein Seck
216 483 1158 621 da rinen 40 t in gäldt gewesen, genom
193 554 1167 690 Vnd Imme zugeschleickt haten, daruß er zwe¬
185 628 1166 732 Angentz zwo maß wyn bezalt himnt de
202 691 1158 804 sich offenbar gemacht, also daß er darube
197 752 1159 863 ersecht, daß galdt in widrumb abgenomm
192 817 1158 928 Und dem so es prlahren hate zugestelt worden
66 882 169 966 E.
179 885 1166 990 deß Anderen mahls vmb dz er mit einem so hans
191 943 1154 1056 Frantzheiße, Vnd den man sonsten den Muhr
169 1002 1166 1125 Hanßen mamse, nachts gu Wichtrach dem
181 1073 1143 1190 Weybeh dlaßelbsten in das zuemnes-huß
165 1141 1147 1260 gestigen, Vnd etliche Zuener daruß genommen
186 1198 1152 1324 darob er auch er wütscht worden, sein gspan
182 1271 514 1388 Aber ontloffen.
90 1351 148 1441 3
180 1341 1124 1464 Er seye zwar auch Io Herpstmonat verschinen
180 1399 1153 1543 jahrs zu thun umb das er sich by etlichen leise
189 1485 1133 1601 fertigen dirnen befunden haben solte
44 1516 168 1581 buben.
179 1527 1151 1670 gfencklich angenomen, daß er aber daselb
172 1613 1127 1722 Isten mit dem tydt verwißen worden seye
153 1673 1114 1771 Deßen k�nns er sich nit mehr er inneren
182 1738 1119 1844 sonders glaube Vestenklich, er seye sonsten
173 1801 1111 1889 ledig gelaßen en zu lest aber ist er deßeg
189 1872 549 1942 bekantlich worden
84 1873 1085 2000 4 Die Zalschen Schlußel vnd Districh, vnd
165 1954 1104 2070 andere argerohtische instrument, so by
167 2019 1121 2134 immefunden worden, betreffent, seyen im
141 2083 1126 2204 dieselbigen vngenehrd seshmen Sontag g
161 2144 1124 2261 tag geweßen, durch einen frambdt Knaben
167 2210 1100 2341 sogn wyßach zu imme und seiner direnen
140 2283 1078 2396 kompn zugestelt worden, er habe aber
148 2328 1124 2463 dieselbig nnemahlen gebrucht, noch zebri
152 2412 1136 2534 Im sumgfan zwahr es seye nit wëniger
145 2480 1125 2586 dann das sein dirnen zu imme gesagt, wan
145 2545 1119 2653 er sy nit bruch welle, so wellen doch sy die
147 2626 1091 2717 selben bruch und sech ob sy nit dardurc
128 2677 749 2789 Anckhen überkommen möchte.
127 2736 1080 2862 Es habe auch gesagte sein dernen vff dem
140 2809 1117 2939 Hoff Schmidberg ein Angkehen wallen genomen
118 2886 851 2995 die habe er helffen meßen.
