2448 3264
222 124 1203 394 Verners habe er einem bauren ab alhier zum mitter
221 218 791 385 lewen helffen 2  nenen
211 315 1169 560 Item zu ried widerumb fleisch genommen, so ihne
209 412 1067 585 zu wichtdorff widrumb abgelagt worden.
214 510 1169 722 zu Kilchdorff habe er mit hilffe zweyer syine
217 584 1152 758 gespanen uf einem ofenhelffen brott nemmen.
197 705 1154 875 zu Gerzensee habe er widerumb rleiben broten.
211 783 1154 964 vndt milch de er genoßene mit hilff
224 846 770 974 einer gespanen genommen.
214 927 1148 1112 bermahlen mit hilff seiner gsellen zu Kelp
206 1036 1154 1189 hale er ein halben fäß und ein halben leit brott
215 1129 408 1188 genommen.
199 1226 1133 1342 Alsier habe er einem kramer einen huß undt
202 1296 905 1422 ein halb dozst nestell gestolen.
197 1397 1150 1525 habe mit hilff seiner gsellen einam bauren uff
177 1470 1148 1590 dem stälden daß gelt, wan sy können hettendt,
206 1548 539 1619 nemmen wellen,
199 1596 846 1714 welcher uß der statt khommen
179 1717 1145 1821 synein anderen bauren alhier zum mittlen teüwen
205 1780 1085 1890 truncken geweßen ein undt einhalbe kronen
182 1862 408 1959 entzukt.
178 1918 1100 2029 dannethin habe er mit hoff einsein seiner gspanen
157 1982 1101 2105 genandt Bartli e dott erstell entwendet.
172 2102 1128 2219 undt zu Kißen einem bauren genandt Ruben brot
181 2191 451 2270 undt ziger.
170 2242 806 2392 zu Herblingen zwen zigerli
168 2339 1122 2484 Verners uffem stalden einem bauren habe er
171 2416 1097 2552 i Eaß 3 brott undt ein rumpff ziger ge
188 2501 352 2593 nommen.
146 2573 1086 2707 Dißere gestelee sachen habeit sy obenthalb trim
167 2624 1081 2780 stein im oberen holz einem schumacher hertig
153 2706 1044 2831 genandt zugebracht, welcher ihnen eß dan ab
182 2778 1040 2907 kauffen, abda sy so wol alß im büchli ihren
158 2821 1061 2984 zu undt ynzug gehabt hab nit undt solche
133 2919 763 3067 gestolne daselbst hin getragen.
1203 876 1289 957 haben
1230 1632 1273 1763 C
1284 173 2296 442 Alß er aber alhier umb die statt umben gestrichen
1306 283 2275 496 habe er seinen ynzug mit sambt seinem gspon dem
1305 343 2259 574 meyger im Sal gehabt, da selbsthie sy auch die
1307 423 2098 664 ese e det
1291 574 2238 761 undt obgleichwolisere beid gegen einanderen
1320 637 2262 819 confrontiert worden, daß der hievor gedachte
1311 700 2278 898 Christen Gigfrid den bauren alhier solle hab
1304 772 2275 946 geschlagen undt sein gelt nemmen helffen. Hat er
1289 830 2306 1028 doch deßelben khemeß wegs wellen bekhandtlich
1322 1027 1369 1065 ein
1319 1019 2195 1153 der hievor gedachte Hanß Hoffer ist daß
1306 1109 2213 1215 erste mahl lar undt daß andere mit dem
1308 1175 1962 1292 kleinsten stein uffzogen worden.
1519 1375 2112 1508 Cristen Gigfeid
1566 1509 1874 1618 von Oignauw
1298 1632 2233 1778 Nach dem deßelbigen hie vrige bekhandt nuß
1301 1732 2300 1849 meynen gs grn undt oberen fürgebracht worden habent
1304 1799 2287 1913 ywol erkhennen mögen, daß eß ein bos er bub seye,
1308 1859 2324 1997 unndt seyne wißhandlungen noch nit alle bekhendt
1295 1914 2281 2066 undt angeben habe. Worumb sy dan noch mahlen
1310 1979 2211 2149 neynen hocheherenden herren rgratts herren
1295 2044 2272 2233 Hirtzen gnedig bepelchen wollen, Ihne alleß ernst
1297 2138 2225 2300 nach zu examinieren, welchen bewelchs er e den
1301 2172 2276 2389 25 januarii erstatet, der hat nun durch große
1293 2244 2210 2445 an gewendte Marter nit wythers bekhenmen
1302 2320 1526 2427 rellen, Alß
1289 2381 2252 2620 daß er undt etliche seyne gespanen zu Gignoner
1295 2456 2282 2686 10 faßen genommen habnit, welche ihne aber widrumb
1293 2517 2146 2755 abgelagt undt er darüber gefangen worden.
1292 2608 2197 2890 e egeen
1283 2675 1780 2857 zeldenden sen
1289 2869 1674 2995 lehen entzecht
1288 2786 2223 3048 widrumb zu Dignouw einem bauren habe er
2263 100 2344 175 5.
