1228 2986
998 1 1086 61 113
5 86 1052 293 dan freyvürtig von Schöfftlandt Barbara
53 142 1036 312 e von Rohrbach sein tirnen und Elßbeth Vägeli von
233 238 546 322 Allmendingenn,
-4 273 58 342 u
27 271 1065 461 edem dise drey versenen, als umbschweiffende starcke
15 331 1112 510 bicher und argwonisches diebsgsindt von küffenacht gfengen
12 401 1081 568 sich alhar geschickt und volgents den 20. au 1647 jars
10 456 1088 611 zuch h Abraham von Weerth, deß kleinen H Abraham
11 497 1107 667 Wied deß großenn rachts und hr Grostweibel Leerber.
11 562 1088 724 has lebwesens halbenn eraminiert und befragt worden,
11 611 1065 773 hat erstlichenn die mans persohn bekent, wie volget, er
20 686 1087 824 seye zwar, wie im sein mutter se fürgeben, einhalb jar
17 755 1093 870 lang nach seines vatters s tadt zu Schäfftlandt gebaren
12 792 1080 917 und taufft worden. Hernach habe inn sein mutter im landt
13 862 1083 973 umbher dem bätel nach gefürt, so lang bist das er entlich den
12 916 1083 1038 pauwren dienen köndenn, so er auch etliche jar lang gethann
19 955 1096 1074 bis ungnerdt vor 7 jaren, als er zu kleinen dietwyl in
17 1001 1076 1117 dienst gewesenn. Hab er ermelter Barbara Tngel, welche
22 1045 1112 1159 nebenn im gedient, die er vsprochenn und sy geschwangeret
956 1104 1000 1135 e
30 1113 1117 1220 seye auch daruffhin mit ira hinwegg inn das kergouw nach
19 1150 1061 1270 schöfflandt gezogenn, der meinung sy daselbst zkirchen
21 1211 1131 1319 zefüren, weil man sy aber dart nit gekent, habe der Predirant
22 1249 1064 1385 sy auch nit ynsegnen wollene, seyenn also seichero hurs wys
25 1314 1117 1407 mit einanderen im landt umbher getagen und fünff unehrliche
20 1350 1112 1457 kinder erzeüget, darnon doch nit mehr als nach eins im läben,
31 1410 1088 1522 sensten hat weder er uungeacht er einsmals lär und das
30 1467 1125 1552 andermel mit einem stein ufgezogene worden) nach sein lie-
32 1533 679 1628 non keine diebstäl bekennen wollenn,
28 1592 1110 1690 Elßbeth Vägeli dann, will ebenmeßig keiner diebstälen
42 1665 262 1735 bekantlich sy
30 1729 1098 1813 obgemelter Frey ist inn das schallenmerck geschmit, die
41 1807 1119 1884 Wybs bilder aber uff ein gute censur hin, ledig gelaßen
46 1847 732 1945 worden. Actum den 21. ap 1641.
47 2003 1114 2120 Hanß Müller sunst genampt Finsterhauß
67 2074 1136 2153 undernögt und Stoffel Lüscher ein grichtsgeschworner
62 2132 848 2209 von seyn auß der graffschafft Lantzburg
65 2230 1142 2308 Nach dem dieselbenn sich der murlich angelegter contribu
63 2277 1130 2343 von deß thusenden pfeningswidersetzt und sonderlich der einte
64 2325 1122 2400 Küscher genampt, euch andere darzu angewisenn, vnd sich mit
60 2364 1141 2459 denselbenn mit eytspflicht erbanden selbige gar nit abzelegenn,
62 2405 1110 2494 sindt sy daruffhin durch den hrr landtvogt von Lentzburg
71 2455 1158 2537 gfangeklich angenommen, nhar geschickt und darrüber eraminert
73 2504 1143 2598 worden. Weil aber der undervogt sich angantz daryn ergeben.
84 2537 1125 2641 hat mun inne nach ußgestandner drey tägiger gfangenschafft
89 2589 1124 2677 erlaßen, Küscher dann welcher sich gar nit ergebenn wöllen
79 2634 1127 2724 hat man by den 14. tagen lang im pfaffenloch enthalten, her-
94 2684 1095 2786 nach widerumb in den titlingers thuen gefürt, allero er sich
104 2730 1130 2820 entlichenn auch ergebene, und ist hiemit gleichfalst mit abtrag
850 2799 960 2868 1641.
91 2797 637 2891 lostens ledig gelaßenen worden, die
