1270 3142
221 61 1223 255 Wylen aber Hochgedacht ingh. vnd Oberen
234 163 1232 341 sich an des Vorgesagten Mihel Jagalts ge¬
227 245 1216 400 thannr wanckelmütige ungegrundte und
216 299 1237 460 zwysselhafftige verantwortung, nit vrnrgen
225 390 1248 543 konnen, sonderen ein freye, vnnde, Vngegleiche
223 445 1210 572 nets bekhandtnus, wohar vnd von wein
219 513 1219 641 er den angeregten brieff bekhomen, Vndt
223 585 1206 711 waß er darmit ze thun willens geweßen, Von
219 659 1219 775 ihme haben wollen, alß habent ir gl be¬
224 722 1199 841 nolchen, so wahl denselben, alß auch adelheit
219 795 1196 923 Jagen, Catheina Schwytzer Ir Tochter, Vndt
208 865 1182 1001 Caspar Sigfridt von Zoffingen alß welche
208 943 1198 1081 Disers argwönigen brieffshalber im höchsten
220 1012 1211 1137 verdacht gewesen) alles ernsts mit betroum
211 1070 1191 1206 der Marten ze exammeren, daß ist nun den
212 1153 1176 1258 Ab. ermelten monats, In bywesen Vor Vnd
215 1218 1150 1330 wolermelts herren Bah gaaßen hry
215 1286 1202 1403 Anthom Müslins und hr Groß weybel werbet
207 1358 1141 1455 beschechen, die habent nunbekhendt, Vndt
191 1427 1183 1549 srachen, wie volget, erstlich Caspar Sigfrid.
206 1497 1174 1597 daß er den bemelten Argwängen brieff.
201 1564 1187 1684 uff der Obigen partheyen begehren zin, von
166 1632 1164 1760 Dem alten hauptbrieff (welcher nun mehr
204 1707 1183 1829 alt und versehrt gewesen) von wort zu wort
200 1781 1187 1898 Abgeschriben, vnd seinen Lohn daruon empfan¬
206 1853 1157 1970 habe. Cathrina Schwytzer, alß der Brieff
201 1922 1177 2039 abgeschriben gewesen, habe Sy das Segel Vom
197 1997 1191 2114 alten brieff abgrißen, ein giegel stein heiß gemah
1113 2070 1156 2112 1
159 2063 1172 2172 daßelbig druff gelegt, vnd hernach in Völlg
179 2132 1177 2245 hutz uff den ruwenbrieff getruckt, welche
172 2198 1175 2318 sy hernach dem tag geben, das  denselben
658 2264 752 2325 ee sys
169 2257 1177 2390 verhauffen und das galdt mit ihnen theilen sollen
185 2334 1169 2455 ero Mutter, Vnd Michel Jagolobgemelt, sa¬
172 2406 1181 2529 gent Ja sein, das sy disen Brieff haben helffen
159 2474 1168 2591 usfrichten, Vnd willens gewesen den selben
157 2536 1185 2658 ge verkhauffen. (Wylen aber noch kein betrag hieris
171 2603 1184 2716 ernolget, alßpalten sy samptlich den lieben gott
158 2669 1079 2782 und meingl h umb gnad und verzeichung
130 2811 1169 2947 uff solchen ihren vrüebten betrug und fürgenommer unthaten
168 2891 1110 2996 sind sy namlich michel Jagylt adelheit Jäggi
167 2930 1174 3049 Catrina Schwytzer ihr tochter mit rutenußgeschmeigt
157 3003 1107 3098 und hiemit sampt dem Caspar Sigfridt von Ir g
149 3003 1185 3158 statt und landt verwisen worden. Actum 21octobris
1064 3078 1143 3138 163
