1286 3101
234 68 1258 276 achvolgende 3 manßpersohnen und gebruder, welche
245 189 1275 349 mit sampt Corentz freyen, irem schwager einem veracht
243 239 1257 397 tigen diebischen kramer, Im Thallgutt by Herzensee
240 301 1258 437 ergrisfen. Der krümerzwar harnach entrunnen und
240 372 1272 493 allein die 2 gebrüeder gefencklich alhar gebracht worden,
239 418 827 530 habent bekhent wie volget
237 504 1257 627 erstlichen Hanns Mabila bürtig von Ylgis auß dem
237 581 1260 694 hereden siders unndt Landt Walliß sagte, er seye sh
243 632 1234 745 nen summers by seinem vatter in lundt Wolliß uff
239 703 1243 788 einen Als Alp gewesen, bis gegen dem Herbst vnndt
238 749 1265 860 winter, habe er sich widrumb herauß zu seinem schwegr
243 810 1261 922 orentz freyenwelcher ein gmeiner landtkrämer
252 874 1255 972 und allerley gmeine wahrenfeile trage) begeben, dem
256 930 1226 1038 habe er gehaffen seinen kram umbhertragen, habe
247 994 1254 1110 glichwohl von demselben einichen diebstal nit gesaechen
248 1057 1267 1170 vilweniger, das er selbsten darzud geholffen habe als
240 1110 1216 1223 aber von kirchdorff seith irer behendigung, dem
238 1179 1218 1284 herren grosweybel noch disem bericht yngelangt
230 1238 1288 1337 das eben zuuor unuehr von dannen Käller undtrod
250 1301 1242 1404 stücher uffgebrochen, villerleysachen, under andere
1251 1328 1291 1387 v
245 1356 1244 1473 auch weyberrockt, daruß gestollen, und auß dem eit
242 1411 1290 1535 elben ein pahr mannensosen gemacht worden wyen, wa in
245 1480 1242 1599 ihr er der gesagte Hans Mabila dißmehlen antrag
233 1547 1234 1654 hat man ime sölches fürgehalten und gnglich alles
238 1601 1232 1706 ernsts befragt, ob dem nit also seye, und ob er zu den
227 1668 1236 1763 diebstahl nit geholffen oder zum minster wüße, wen
230 1736 1218 1828 denselbigen verrichtet habe. Hat er weder das ein noch
235 1783 1226 1886 anderen gestendig sein wellen. Allein darneberang
222 1847 1232 1956 edeütet, das ein gwüßer junger knab, den er weder
231 1917 1204 2016 zuuor noch seit hero niemahlen gesechen habe, einen
224 1970 1235 2073 derglichen rorkh in das thallgut gebracht, unndt daßel
228 2032 1231 2130 eben die Hosen, so er antrage, darauß machen laßen
224 2087 1240 2188 die habe er der gefangne gegen denen so er domahlen an¬
223 2140 1228 2238 getragen, mit dem anderen vertachet und jie by de
231 2201 1219 2289 10 batz nachgeben, ob nun sein hegentacher disen rockt
223 2255 1229 2357 gestollen habe oder nit, möge er nit wüßen, doch er
217 2314 1224 2419 Der wirth im thalgut am besten darvon reden ronnen
215 2390 1234 2474 den sölle man gechickhen und befragen, an dise sein
216 2431 1236 2533 versprechung habend vor und wolermelte herren
216 2491 1207 2581 nit khommen wellen, sonders inne darüber an die
214 2537 1222 2649 mMarter schlags laßen, Der ist nun das erste mahl licht
204 2602 1233 2696 das ander mit einem und das 3 mahl mit 2 steinen
221 2673 1202 2767 uhgezogtn worden, glichwohl hat er nitzit anders
208 2726 504 2825 bekehendt etc.
218 2770 1209 2893 Diser ist uff ein gute cinser ledig gelaßen, vnndt
210 2856 1221 2961 uff ein glüpthin an tödtstatt des landts verwisenen
205 2928 873 3006 worden den 19. januarii 1641
