1225 3090
778 120 1204 257 venzuzare
181 130 1209 345 Delehtt hutgender vorgemelte
182 222 1169 394 Maria Brudersagte, Als er vorgehörten
184 298 1167 470 maßen von seiner schwöster hinwegen in das
172 367 1193 557 ergauw gezogen, habe ihn des undervogt
156 454 1179 613 zu Schaffißen angestelt, dem er auch den
174 539 1185 695 gantzen Summer V gewesen, alß er aber
171 617 1148 762 darüber kranckh worden, wie solches noch
170 703 1139 863 angenscheinlich am tag seye, habe Ihn der
160 770 1139 916 undervogt linwegg geschickt, sonst were
173 851 1143 991 es nemahlen von Ihms komen, Also das
187 937 1135 1082 er widerumb dem h. allmuosen nachziehe
169 1009 1139 1149 müßen, letstlichen habe er uff den wynigen
165 1088 1133 1203 hoffen, den zu endtgemelten pites Kuen
179 1156 1132 1277 bütl angetroffen, der habe Im angemutst
165 1236 1141 1354 es solle mit Ihm lieuber an den Serm
154 1313 1149 1441 herptgahn, so er auch thun wellen, alß
162 1403 1149 1516 sy nun am morgen der meinung hinweg gan
156 1465 1142 1598 gen seyen Sy Vnderwegs zwuschen Bruttel
165 1557 1136 1680 Vnd Ergsteren, da es auch sein Schwoster
148 1640 1132 1761 angkroffen, mite ianderen gfennklich ange
150 1716 1128 1820 nommen worden etc. Gleichwohl habe er sein
133 1775 1136 1917 labentag keine diebstahl begehen helffen.
157 1882 1058 2024 Dißer ist uff ein gute consur hin in seine
147 1965 1114 2090 math und zur arbeith gewisen worden.
131 2026 712 2135 Den 1. octobr ao 16406
780 2304 943 2410 I 4
91 2336 1119 2479 Wilhelm vndt Georb. auß, gebruche
104 2428 1097 2534 von Cappel auch uß dem Breyzgand
71 2497 1119 2633 haben bekhenndt, das sy sampt ire Mutder
97 2558 1118 2685 erst sschinen früelings u item Hermath gezhen
106 2634 1097 2756 die Mutter (welche vnn mehr alt vnd
76 2706 1093 2849 ubel mögent) seye drunden Im Ergomr
93 2786 1051 2915 int denselben dorfferen verbliben
65 2849 1079 3005 Vnd erhalte sich mit soinen, Sy die beide
1138 2277 1211 2376 1
1139 2370 1208 2479 73
1141 2544 1185 2600 M.
1166 1185 1229 1282 tag
1172 1269 1230 1359 sl
1165 1356 1228 1416 welt
1161 1404 1228 1501 1
1160 1496 1223 1580 el
1156 1572 1220 1650 u
1162 1634 1223 1730 e
1159 1725 1228 1808 wan
1152 1895 1223 1986 r
1162 1994 1232 2062 wo
