2448 3264
677 2669 766 2754 hands
814 126 1770 267 benolchen, inne nachmalen alles ernsts zu befragen,
697 155 1766 310 sieauff den 9. dis monats vor wolermeltem h
811 231 1756 340 Wattemeyl, item s vatter fruting dem elteren
814 289 1774 398 und hr Großwerbel von Büren neben anderen myn
808 347 1783 440 g s und Oberen dieneren der weiblen mehr, an
818 384 1770 490 marter alhie bekent und bestetiget, das er ja ce
826 430 1782 548 ich mit einem kalbeli jorigen Kalbeli in seines
812 486 1777 585 ven Bendicht Martius Stab unchriffenlich (aber
801 538 1777 630 doch nit mehr als ein mal) vergangen habe, darvn
810 599 1770 694 er aber seye verzagt und vererzeltermaßen hinwe
802 652 1113 742 geschaffet worden.
808 726 1776 857 Bendicht Marti von Hinderful
1202 809 1360 904 truchen.
803 867 1770 974 Nach dem gegenwertiger) gendicht Marti un
822 937 1768 1030 Hinderfültingen ust der kilchari Ruggischber
816 987 1771 1079 vor etwas tagenn durch den freyweibel von Con
817 1041 1770 1128 storff mynen g s und oberen gfengeklichen
819 1093 1773 1189 zugschickt und dasy berichtet worden, als soltes
790 1143 1764 1252 derselbe (roverontor) vor christentichen ohnen
811 1206 1773 1286 zemelden, unchristenlicher wyst vergangen habe
793 1266 1770 1357 derwegen er dann ust hochgedacht myner gh
818 1308 1776 1411 und Oberen beveld. Zinstags den13. dis monat
799 1365 1779 1448 durch die Woldel, ehermueste fromen fürsiche
796 1412 1764 1503 Wysen herren, Gabriel von Wattenwyl den
808 1469 1734 1550 kleinen Phillix kilchberger deß großen rachts
814 1506 1771 1606 und herren damidt von Buren Großweiber, hi
814 1567 1771 1667 rumb wortlich examiiert und befragt worden,
787 1612 1779 1715 Der hat nun domalen bekent und gestrigenn
816 1669 1783 1779 tags znn eysyn obgemelten h von Wattenwyl
803 1732 1774 1837 so vetter fruttings deßelteren, hr Grostwey
802 1777 1770 1886 bels von Buren, vnd anderen myner gl. h. vn
814 1826 1774 1939 öberen dieneren der weiklen mehr, mit der marte
808 1905 1281 2010 erhaltenn, wie volget,
777 1944 1788 2059 Es seye imme vor ungferdt drey oder vierthalbenn
811 2026 1784 2114 monatenn von einer gwüstenn wybs versohn, w
802 2082 1786 2162 an einem kindtbettermal gewesenn, einem meyel
820 2126 1789 2216 vollen wyn zum venster hinuß gerockt, vnd da
802 2171 1783 2287 anzeigt worden, er und syne bruder söllen den
799 2225 1770 2345 selbenn ußtrink, welchen er ira abgenommen
794 2289 1777 2400 vnd habe erstlichen seinen zweyenn Jungereyk
783 2334 1787 2454 deron daruo ze trenckenn geben, den vberreste
765 2405 1774 2516 welcher voller grumleten, rothlacht, vnd gantz
804 2444 1774 2593 lieblich anzesechen war, habe er vßgetruncke
763 2505 1774 2640 woruff syenn inne grad morndrigen tags al
795 2577 1745 2703 bey böse gedankenn fürkommen, und habe jnn
800 2624 1771 2758 tet zemörden, welches er doch nit huwegen bi
798 2670 1780 2817 mögenn, dann das er etliche genst und hiner getödt
792 2728 1774 2878 vor ungferdt. 2 monaten aber seye er in diße
776 2787 1779 2922 fülhen gedanck, Inn bendicht Martins seines v
777 2844 1761 2975 stat gangen, daselbsten habe er sich wider gott
795 2891 1771 3025 gsätz und mentschliche natur mit verheistentiche
781 2946 1778 3088 wercken und mishandlungen, schwertich ergestent
2182 -20 2417 125 gen
1897 85 2441 298 nden ot
1821 212 1925 293 daro
1932 180 2212 323 so
1826 297 1937 368 herr
1828 253 2421 474 d
1835 360 2257 540 s
1902 419 2400 620 e
1838 526 1889 563 a
1836 461 2411 702 v t
1824 503 2434 769 e
1841 600 2438 820 eee
1826 641 2456 865 eten
1830 709 2443 929 den
1842 749 2439 987 n atit
1844 833 2414 1021 slen sund
1837 897 2434 1077 snt emtnd
1848 956 2453 1112 krönnen, vnd also hiermit in
1844 1009 2451 1190 en ensin ti
1850 1068 2452 1237 den 10. decembris anno 16
1839 1172 2287 1299 imm erstattet wordenn,
1822 1249 2452 1391 Maritz Schnyder von
1837 1372 2452 1487 Nach dem derselbe, mit den hr
1844 1436 2451 1542 Jungen gesellen im lochenbe
1857 1493 2452 1586 übernacht gelegen, sindt sy als
1855 1559 2451 1648 daselbstann ergriffene und g
2244 1622 2427 1696 und wyl
1867 1621 2157 1699 racht wordenn
1859 1674 2443 1762 than hienar auch alhie zu der g
1847 1734 2453 1828 vnd aber domalenn ist vrsachen
1843 1788 2452 1885 bringen mögene ledig getaßten
1855 1840 2432 1945 lasenn, und daby dem M
1857 1904 2453 2009 alhie benolchenn worde ene
1865 1957 2405 2050 nit dem er noch dißmalenn
1843 2006 2452 2132 zelasenn, da er doch demselben
1858 2059 2443 2189 sonders ußgeristen, Habenn i
1852 2107 2450 2250 beuolchenn, das er destwegene
1868 2164 2416 2311 olle examiniert und befragt
1858 2204 2444 2375 Memnt bechnder alß
1858 2270 2411 2419 ber hrr Hmanirh Steiger
2415 2343 2452 2432 d
1851 2309 2441 2474 Grosweibel von Buren, sam
1855 2371 2456 2539 nats, beschechen, der hat aber
1852 2421 2456 2606 an den gus
1845 2467 2447 2666 nen eegstedet hein
1844 2513 2444 2718 rschanh e
1852 2596 2460 2804 ben nit
1851 2647 2442 2883 n
1855 2802 2455 3052 vn
1863 2867 2456 3102 Mten v
1860 2922 2313 3117 g
2272 3075 2396 3154 hab
