1287 3044
261 122 1273 244 und ußgoßenn habenn möchte, Habe er Heinrich
266 180 1263 277 selbenn nit vil wahr genommen, anders dann das er
253 229 1263 318 gleich im anfang von im gehört, das er grett habe, er
259 270 1265 371 seye in gen s 18000 lb schuldig und wene es nun
254 324 1245 405 umb dieselbenn zu thun seye, so wolhe ur sy woll
241 369 1248 474 finden. Item als uff ein zych hsr stafftschryber
238 428 1267 517 schmaltz zu Biel gwesenn und mit gesagtem hyn
254 487 1253 564 gewesnen Herren Frischhertzenn, vnd anderem
240 528 1242 608 Burgeren von Biel, darby sich auch s Küntzi vogt
246 581 1257 681 zu S Johanßen befunden, ein malzych genosen, de
245 632 1241 719 er der knecht, mit seines ss frauwen, welche er
251 683 1238 756 abgehalt, dorten auch ankommen und alsbalden von
239 729 1244 821 Jra zu irem h gschickt wordenn, dahin er an
499 778 1250 859 Und wyl sy zuuor undereinanderen von
242 804 429 872 gangen.
251 837 1247 924 sein frischbertzenn sachenn zred wordenn, wie erdan
248 870 1240 950 er der knechtwol gehört habe, das sy von dem standt
236 925 1244 1001 der obrigkeit grett und gesagt dieselbe seye ein statt
250 963 1231 1057 haltere gottes etc. Seye sein gewesner s vom
240 1026 1237 1106 tisch uffgestanden, heimb jnn sein losament gangen
244 1073 1240 1170 und habe seine quittantzenn gehalt, dem seye er zwa
238 1125 1240 1215 geuolget und aber nit widerumb mit imme seinem
247 1178 1245 1258 so jnn das wirtshus, sonders znn stall gangen, dan
241 1230 1221 1293 die pfardt abgesathet, vnd  wie er hernach
246 1280 1247 1355 seinem herren holenen wollenn, seye der h stifftsy
242 1324 1239 1408 bey schan vor dem wirtshus by dem wirth gestanden,
247 1369 1234 1448 und habe mit demselben wegen eines mäßers so im d
236 1438 1233 1505 wirthgenomen gezancket, also das wo inzwüschen
242 1473 1227 1537 etliche worth weren ußgeschlagenn worden, könne er
234 1536 1208 1592 dieselbenn nit wüßtenn, anders dann das er wol
239 1571 1240 1658 vilmalenn von seinem s gehört, das derselb gerett
243 1633 1238 1699 habe, wann seine quittantzenn nützit sollint gelte
242 1671 1234 1755 so seyenn die h venner, als welche jederwybenn
233 1721 1233 1795 seine rechnungenn abgehört, dieselbigen pastiert und
234 1787 1237 1848 hernach mynen g s und oberen räth und Burgere
224 1817 1236 1897 das dieselbenn recht und gut seyenn widergebracht
220 1870 1225 1945 dahar imme dann die quittantzenn zugestelt worden
229 1910 1225 2002 aben so große, ja ergere schellmen, dann er item
223 1952 1224 2043 vom h leitknecht von Bieb habe er auch verstanden
221 2005 1209 2070 als solte den h. stifftschryber schmaltzhab
227 2055 1200 2139 mit seiner handt einen griff uff den teckten tisch
225 2105 1209 2187 gethan vnd darzu gredt haben, wann man einem
225 2152 1219 2238 nicken wolle, so müßte man also mit ime machen
219 2200 1204 2279 es seye aber wie hierben auch angedütet wirt. Der
213 2251 1219 2340 18. vogt von S Johansen by derselbigen gselschaff
208 2302 1212 2380 gewesenn, der seye ein beideter amptsman neyne
210 2344 1219 2432 gn s und oberen, den sölle man frag, derselb w
214 2392 1212 2484 das ein und ander gehört haben und hieit eigentlich
201 2454 1026 2524 dann er der diener, daruon zugene konden.
211 2538 1207 2593 uff die frag so zu imme gethan worden, ob er nit mögt
185 2577 1215 2661 wüßtenn, wer alles mit seinem geweßnen hr dieh
206 2629 1212 2722 als er sich zu Bieb uffgehaltenn, ven hiernst coris
198 2666 1215 2766 dient habe oder imme sunstenn jederwylen zugescheilen,
217 2717 1212 2810 und alhie seinet halbenn vorgangen, groffenbaret zu
213 2772 1196 2859 Hat er geantwertet er möge selbiges gar nit wüß
210 2817 1205 2899 sunsten seye wol h Barnhart von Weert uff einman
214 2867 1209 2948 seinem e zun seinem losament gewesen und sich
202 2912 1201 3001 mit demselbenn ersprechet von ez sachen aber seyes
202 2948 366 3014 unbekant,
