2448 3264
17 1512 68 1582 sich
10 961 90 1011 iner
146 97 1135 310 die habent nun bekent und vergiüchenn, wie hernach
164 155 955 307 von dem einen zum anderen volgenwirt,
80 234 892 390 und erstlichenn Kielaus Müller, sagt,
147 311 1165 481 hienachgemelte syne zwen stieffbrüber andres und und
909 332 1184 442 ach den er vnd
138 353 1184 525 Rager im meyene verschinen wegenn etwas argwond
157 398 1183 583 so man etlichr diebstälenn halbenn uff sy gehabt, Inn irg
144 456 1179 628 Schallenwerck geschmit wordenn, Eye Inn, vnd obgedach¬
145 496 1157 648 ten seinen stieffbruder andees, das kaltwer der gstalte
141 561 1166 713 angstoßene, das sy gar nit mehr arbeit köndenn, maße
142 599 1153 767 sy auch darrüber (doch nit zu einer zyth ledig gelaßen
142 645 1166 814 orden. Worauff habe er sich stracks hinauff nach thun
132 695 1167 854 begebenn, vnd habe daselbstenn helffenn lasenn. Nach ver¬
131 760 1153 901 richtetem herbst aber sye erb (also kranck und
137 799 1173 946 übelmögent) widerumb nit sich zogenn und habe syn mutter
113 852 1134 990 Cueya Affalter genambt (so sunst ust in g statt unnd
117 906 1156 1034 landt vwisenn sye) mit seinen zweyenn brüderen und
129 964 1175 1092 Schweste angetroffenn, mit denen er auch die zeithero
122 1019 1148 1127 dem altmusen nachgezogene, als einer der kranckheit halben
118 1060 1155 1187 kein arbeite verrichten noch kinden könden, dem allmusen nachge-
126 1114 222 1180 zogen
349 1112 1148 1232 und wyll sein mutter hieuor einem gwüsten
121 1177 1126 1255 wan iren kram und dann iren ufsatz (darrinnen mann
125 1198 1156 1298 pfeerey tregt) deß Ammans von Hindelbanck basenn, ver-
105 1262 1154 1361 kaufft, seye der man ira noch 9 und die frauw 6 5 hieran
122 1303 1152 1389 schuldig eeblibenn, welches gelt sy dißmalenn mit einande-
109 1377 1156 1445 ren abholenn wollenn. Als sy aber Inn den waldt darrinnen
112 1399 1121 1496 man sy gefangen, kommen, seye inn und den anderen seinem
95 1466 1153 1539 bruder, das kaltwer angestoßene und hab sy dergstalten gschüt,
106 1513 1144 1594 let, daß sy nit wyters kommen kanden, sonders hab int, dortenn
99 1559 1123 1619 leggen müßenn. Worauff seye fr schwester zu einem
121 1597 1125 1682 ustli, so ohnuter von dannen seye, gangenn, vnd habe da¬
115 1651 1114 1716 selbstein feünr gehalt, mit wellichem sy von zusameen
104 1698 1131 1764 geleßnen ohnschedlichen holtz, das feüwr angemacht, by dem
97 1741 1143 1826 sy auch gelegenn seyenn und sich erwermbt habenn, es habe
101 1788 1114 1856 auch ir mutter ein mas wyn und etwas brots zu hindel-
81 1833 1093 1913 banck im wirtshust abholen laßenn, sy als kranckne arme
75 1882 1107 1962 leüth damit zeerquickenn, vnd hab darnach Ir Schwester
88 1932 1117 2019 nach Bürgdorff geschickt umb 2 bz broth ze kauffenen. in
80 1995 1109 2087 zwüschen seye der vorgemelten Barbara Toggwyler
93 2031 1140 2109 man mit sampt ira, deßgleichenn auch vorinder nach, noch
73 2071 1080 2179 zwey andere mannen vßlendische manner (deren alle
75 2120 1128 2224 sy vor disem keinen gesechenn nachgekent habenn) zu inen
71 2182 1103 2285 zu dem fürerkommen und habint sich gewärnt, Als man
83 2213 1093 2328 sy nun hierrüber gfengeklich angenommen habe, seyen die
69 2258 1129 2361 erstgedachten drey mannen (ungeacht die vorgedachte frür
71 2308 1094 2422 irem man hefftig zugeschrüwenn, er solle nit fliechen, er
75 2354 1121 2475 habe doch nüt böses gethann) ußgristenn, sy aber habe man
73 2415 1122 2518 nach hindelbauck gefürt und inne der doch gantz kranw
63 2461 1075 2570 und schwach seye) zwo nächt und vast zwen tag gebunde
59 2509 1109 2628 uff dem offenn leggene laßenn, auch keinem nichts zuesten
66 2564 1087 2676 gebenn wollenn. Sunstenn habe er, sith das er vst dem
63 2602 1117 2728 Schallenwerck kommen, keinem mentschen nichts buntrü-
50 2632 1098 2779 wret, wolle auch sölliches zun das künfftige nit thun, sonders
62 2683 1066 2835 so im gott widerumb zu seiner gsuntheit helffe, sich
64 2716 1087 2879 mit erlicher arbeit fürbringenn, perte hiemit umb gnat
56 2846 336 2926 und ezeichung,
2300 64 2344 105 2
1308 89 2338 352 Aas tager veigemeit sagt, zoober
1293 141 2353 388 kennckheit halbden uß dem Schallanwerck kommen. Hab er
1303 191 2357 449 sich stracks hinuff zu seiner mutter nach vrlaffegen begene
1285 240 2353 483 hann und seye sitherd also kranck vnd übelmögent, bey Ira
1296 271 2373 516 bblibenn, habe aber nichts bäses obringen helffe, begere auch
1303 343 2332 560 illiches inn daskünfftige nit mehr ze thun, sonders (so er
1295 388 2364 619 widrumb gsent werde) sich mich ehrlicher arbeit zeerhalten
1271 448 2381 675 Im übrigen ist er inn allweg by deß vorganden seines stieff
1293 500 2320 710 lauders nielaus Müllers bekantnuß verblibenen und hat
1281 598 2086 790 ebenmestig vmb gnad vnd verzeichung gebert
1280 687 2358 869 Urg Eggwr ein knab ungfart von 8 oder minthalb juren.
1280 795 1923 917 ist auch anders nüt bekantlich worden.
1289 852 2338 1021 Barbara Toggwyler, hievorgemelt, hat an-
1285 923 2324 1067 ders nichts bekent, als daß sy vnguerdt vor einem
1272 977 2335 1129 dar hievorgesagtenn iren man Heinrich Pflngensen
1275 1012 2326 1178 zur Ehe genomen, vnd mit Im zu Langenthal hoch¬
1288 1079 2336 1216 zyth gehaltenn, seithero habenn sy sich mit arbeitenn
1290 1129 2297 1246 eruerth, vnd durch mittel das derselbenn sich ouch
1286 1187 2328 1297 bekleiden könden. Weil sy aber schwanger und großen
1279 1246 2332 1367 leibs worden und darnebenn weder hütli noch undrschlauff
1264 1290 2350 1418 zu Roggwyl, (da sy vnd Ir Erman zwar dahennenn
1274 1353 2341 1449 nit gehabt, Habenn sy wol ire underhaltung hin und
1280 1416 2330 1505 här (wie andere arme leüthsuchenn müßen. sy haben
1280 1470 2283 1550 sich aber nit allerdings deß bättels beholffen, sonders
1274 1540 2319 1617 ir man der könne hefftli und dergleichen sachen von eisen-
1279 1579 2341 1667 ratt item korb und brättenmachen, dem seyent sy nach-
1261 1631 2318 1736 gezogenn und hab int sich also erhalten, das sy glaube das
1264 1693 2266 1782 niemants etwas unehrlichs von inen klagen werde.
1240 1745 2336 1844 Wann  etwas von den pauren begert habent.
1257 1788 2317 1887 so habent sy es bezalt, syent also mit diser irer zwar
1267 1849 2319 1969 schlechtenn handtierung durchkommen, am feytag den
1257 1880 2290 2005 19. octobris syent sy gar spath gan wyler by hindelb
1252 1955 2311 2048 kömen und weil sy zu hindelbanck deß abents
1265 1983 2335 2113 so spath by keinem paurenn herberg ze finden inen getruwt
1256 2036 2290 2171 sent sy daselbstenn zu wyler inn einer cheüneren da
1261 2085 2307 2232 so strauw gefunden übernacht glegen, und habe also weder
1249 2131 2308 2296 sy die frauw, die dißmalenn nur noch ein fünffworhege
1252 2179 2320 2336 bintbettere sye, noch ir armes junges kindt, kein warmen
1252 2226 2318 2407 bitenn bsucht, als sy nun merndrigen tags uff Bäris-
1228 2269 2296 2472 wyl zuwellenn, habint sy vnderwegen vff der stras
1236 2366 1605 2477 eiüer angetroffen.
1232 2311 2282 2548 die vorerzilten personen inn einem wald by einem
1619 2415 2282 2586 Und weil sy auß mangel fürs
1248 2419 2279 2644 den borgenden abent ires armen kints windlen, darinen
1243 2464 2310 2721 es dieselbe nacht gantz nas glegen sye nit tröchnen könden.
1241 2517 2261 2743 habe sy us geheist ires Temans das kint nider gestelt, Die
1225 2557 2272 2818 windlen angehabt zu trëhnen und sye inzweschen jr
1233 2617 2294 2873 mayn gan Hindelbanck gang, der habe ein mas wyn und
1235 2679 2297 2960 umb 2 bz broth gekaufft, daauff sy angefangen ein supen
1228 2727 2260 2999 zekochenn, ohnn disem werdent sy angriffen vnd ge¬
1236 2769 2269 3061 fang nach hindelbanck gefürt, Ir mann aber fee zen
1231 2829 2286 3118 solches weil entrunnen und habind die jenegen sosge
1227 2871 2283 3175 fargen gnommen, jet als einer armen kit beetern. In
1225 2929 2215 3210 gelt so sy von Ihres kinte ynbuet noch vberg hatte,
