1164 3094
161 64 1164 275 Inmaßen das er daruff zu vorgemeltem seinen
155 137 1171 356 Brieffsvbergeber gangen, demselben sein zuge¬
156 216 1138 402 standen Vnglückh angezeigt, volgents mit ein-
155 309 1157 475 anderen zu dem darin vrnamseten Hauptschuk
147 360 1163 567 ner, Vnd da dannen gan Schwartzen, inselbig
970 423 1055 486 burh
124 444 1129 610 Landtschreiber, (als welches den verlohrnen
138 510 1132 674 Brieff geschriben, vnd Vnder seinem gewonlichen
137 593 1102 742 handtzeichen vrnerttiget hate) sich verfüegt.
139 675 1133 840 Inne angesprochen, das er der alten Copig
160 753 1156 903 nachschlagen, nach findung derselben, einen ander
155 821 1143 939 mren, gleichlanthenden brieffe daruon mach
152 889 1125 1005 darin vermelten, wann der alt verlohene, Vnder
143 949 1154 1074 gleichem dato vfgerichte Brieff, vberburtz ader
150 1015 1148 1140 lang widerumb herfür kamme, daß der selb mnt
139 1090 1146 1221 galten, sonderen gentzlich canceliert Vnd nicht
148 1159 1128 1282 sein, Vnd hiemit alleit Vnd eintzig dem mitte
144 1225 1132 1341 geglaubt und gehalten werden solle, worin
147 1296 1107 1420 es sich auch bewilliget, Vnd also denselben
140 1362 1126 1484 begerter maßen, neben vffnemung von dem
128 1439 1127 1556 Hauptschuldner gewonlicher glupt, Vnder seinem
144 1507 1117 1627 gewohntem handtzeichen vuerttiget, vndt
141 1577 1125 1692 mit des hr landtvogts zu Schwartzenburg in
142 1641 1125 1764 sigel beerefftigen laßen, welchen gedachter
122 1712 1082 1837 Hanß Stud von ime gelöst und denselben
114 1772 1092 1898 dem angedeüten Hanß dißen zugestelt hate.
108 1866 1120 1987 Weilen aber zinzwüschen in erfahrung gebrachte
120 1935 1108 2040 daß muheltagalt einen argirbngen falschen
128 1989 1072 2120 Brieff zekhauffen vmbhar getragen, Ist
131 2066 1082 2181 er deßwegen gfencklich eingezogen, den 13.
126 2140 1090 2244 octobri ao 1690 uß bruelch maht und oberen
137 2194 1107 2301 durch meinen sacehrenden herren Burh Haasen
129 2265 1081 2376 den kleinen, hrn Abrham Tillier des großen
130 2331 1062 2455 rahts und hrn Großweybel Leerber,
122 2385 1122 2517 ernstwörtig examinert und befragt worden
110 2459 926 2560 Des hat nun bekendt wie volget.
100 2499 1095 2636 Es seye heut 8 tag gewesen, da seye ein meitli
103 2581 1062 2698 deßen mutder man Roht Adeli namse
97 2641 1126 2773 zu den zimmerlüthen alhie zu imme kemen, die halb
113 2721 1081 2846 Ime angezeigt, sy habe imme angezeigt, im
103 2786 1087 2899 400 lbig Gultbrieff (welchen ihra
105 2833 1098 2973 Hanß Studer der fläschenmacher, das sy ime vor
112 2867 1112 3053 kauffen sölle, übergeben) byhanden, den wolte
