1132 3012
1030 40 1098 123 29
38 124 1114 265 daiye nit weniger, dann nach dem sy vom Chorhus
81 187 1062 312 widerumb heimwerts gegen ires herrenn hus
76 248 1083 367 gangen  habend die nachpuren daßelbsten, welche
79 290 1129 416 an tag gnnos gesechen sy vor ehorgricht citiert
78 340 1115 458 worden, tra zugefhrauwen, Cathrina wo kompst
74 401 1124 524 du har, und wie ist es die erguegen. Das iy dar
74 449 1091 567 rüber uß unbedachtem micht und sonderlichen gey
76 505 1084 618 by meinen Herrenn eines ehrsamen Chorgrichts
76 558 1054 672 als ob iy mit dem kindt gehen sölte, fültchlich
77 618 1113 722 geclagt und verhumbdet worden, geredt, wannin mit
74 673 1070 766 den kindt gange so habe es Iren der Heilchen
80 715 1109 830 geist gemacht, sy habe aber diße worth zuuor
68 764 1090 887 von anderen personen mehr gehört und by dreitem
68 831 1076 944 nit gedacht, das sy hierdurch den Lieben gott zu
65 891 1114 995 snnel lesteren sölte, wie sy aber zethundt
81 938 1047 1046 elbsten wohl erkennen könne, das we Ira
75 988 1118 1095 aber von grundt ires hertzeiß leid, bätte deße
75 1048 1108 1131 wegen den lieben gott, den sie hierdurch übel
71 1090 1109 1204 erzürnet habe und mahren und oberen umbgnad
64 1163 404 1253 und verzeichung.
53 1252 1098 1338 Dise ist mit ruten ußgeschmeitzt, gezeichnet und mit dem
61 1298 1097 1402 eydt von jr g statt und landt verwisenn worden, den 13.
47 1360 279 1440 julii 1640.
45 1497 917 1607 Hanß Brünner von Ehrlenbach.
43 1580 1050 1721 Ist wegenn begangnen dritenn Hurenfülers, mit dem
49 1678 1061 1770 eydt von sr g statt und lantt ewisenen wordenn
51 1725 462 1816 Den 30. julii 1640.
105 1778 255 1851 Naritz
29 1837 1004 1948 Nichel Schnyder von Tieracheren.
110 1911 717 2009 sonsten der mitz genamet.
29 1986 1049 2119 Obwohl derselbs von dem zingerichten Peter
46 2066 1062 2186 Tschantz lsonst Muhrpeterli genant) viller,
50 2146 1037 2233 sey diebstellen, angeben, vnd er daruber
50 2203 995 2304 begriffen, gefencklich angenommen, durch
46 2262 1068 2369 Herren Margnart zechendes des kleinen. s
42 2326 1073 2425 Abrohamen Jon Jaoff des großen nachts und
42 2381 1014 2488 Herren Großweybels von Beuren, den
42 2448 1054 2549 6. Julii 18sa0. daruber Exammert, durch
29 2505 1100 2613 den nachrichter das erste mahl lär, das ander
48 2571 1060 2694 mit einem das difts mit zweyen, daß
50 2617 1050 2756 vier mit dreyen undt das funffte mahl
50 2700 1056 2815 mit 4 steinen uffgezogen worden. So hat
50 2759 1092 2890 er doch übel, das waß er shongenow am 40
42 2809 1015 2968 blat bekhendt, nützet weiters bekhandtlich
39 2862 314 2963 sein wollen.
