1217 3030
997 42 1111 102 it.
60 77 779 235 Gertruet Bar purtig al alhie
29 117 1132 308 Ie ist umb das sy hienor by hr Casar Lentuli domahen
32 162 1109 352 Weltscher Berkelschryber gedient und uß der kpsCllatz büche
42 230 1083 400 gehert ey den 30. Silberrronen, entzuckt, welche aber
44 303 1073 438 von irer mutter widerumb ersetzt worden mit einer
41 327 1091 491 sömbden Schwabischen frauwenn Anna Maria Fustlin
45 399 1099 552 gnamppt, hinnst bis nach Biberach gezogen und sich mit
31 459 1088 601 einem Soldaten Caspar Buler genampt von Marckhofen
38 505 1106 659 Ist dem veyerlandtpurtig (vmag fürgewisnen schynes
189 594 1061 672 Vnd diewyl nun Ir man mit anderenn
37 634 195 727 tehrlichet.
35 641 1071 759 mehr gegenn göhrimb commandiert worden, sy aber von
40 705 1083 816 einem pferdt streich an einem beim schadhafft gewesenen,
29 767 1046 879 hab sy Irem furgebenn nach) Im nit mehr volgenm
39 843 1047 953 könden, sonders sye gezwungenn worden, sich widerumb
35 909 1060 986 alhar Inn Ir Vatterlandt zebegebenn, vnderwegs aber¬
40 958 1072 1056 habint die Soldatenn ira alles genommen und sy inn das
40 1026 1084 1112 hembt gesetzt entlichenn aber ira ein schlecht böst mannen,
115 1089 1066 1162 so sy damal noch angetragen) dargeworffe, das habe
38 1104 123 1158 kleidt
39 1121 1056 1233 sy nothhalbenn wol annemmen müßen und syr mit dem
41 1195 1056 1291 selbenn daruon gezogene, wie sy nun underthalb burg,
34 1251 1076 1344 dorff Inn einer schuren vbernacht gelegenn, habe sy wahr
36 1314 1094 1394 genommen das vff der büni etliche frombde grembler Ire nacht¬
39 1356 1066 1459 herberg haten, seye sy als dieselben gschlaffen, zu inen hinuff
41 1445 1045 1507 gestigen, einer frauwen 15 b genommen und sich darmit
41 1481 1090 1565 nach Burgdauff begebenn, allwo sy sich daruß wollen bekleiden
37 1547 1096 1634 laßenn, Sy seye aber darrüber von der frauwen so das gelt verz
39 1600 1089 1672 lohren hate eylt, welche Ira Ir gelt widerumb abgemmen,
37 1651 1077 1745 und sy daruff an das halstysene gestelt worden. Vorrüber
46 1704 1084 1786 seye sy alhier durch die statt pastiert und oben uß ab der
40 1764 1106 1837 allment ein ku genommen, die hab sy wollen nach ryburg
45 1822 1064 1907 treibenn, daselbsten verkauffen und sich ust dem erlößten gelt
46 1882 1046 1949 bekleiden lasenn. Als sy aber nachvang kommen, habe man sy
45 1937 1034 2016 alda ergrifft, vnd gfangeklich alhar gefürt, volgents ouch
21 1990 1058 2095 uff 3 monat lang inn das schallenwerck erkent worden.
29 2043 385 2126 den 38. junii 1641.
27 2151 1031 2261 Hennrich Eritten Christina Taggin synn
37 2238 1012 2323 Ehewyl und Jacob Trittenn sein blutsfründt, alle
199 2286 675 2379 uß der Kilchäri Langek
16 2338 1089 2448 sachdem bemelter Heinrich Trittenn seinen vetteren Jaggi
25 2387 1052 2474 writtenn anclaagt, als sölte derselb sein Heinrichs ehewyb
32 2451 1057 2530 inn seiner stubenn nebenn dem spinrad nidergefelt, sich mit
32 2495 1073 2565 derselbenn fleischlich vergangenn ehabenn, und also sy beide zu
40 2528 1086 2622 blutschänderen worden, Darob er sy auch (als er von dem huß
36 2594 1071 2677 gewesenn und zum fenster hinyn gelügt) ergriffen. Haben
28 2641 1093 2720 weder der vatter nach die frauw, deßann nit gestendig syne
23 2698 1069 2771 wollenn, sonders destenn starck glaugnet, der man aber
35 2746 1063 2817 weder drobenn Im Sibenthal, noch alhie vff vor Chor¬
38 2789 1079 2880 gricht darvon auch nit stehenn wellenn, maßen das dise sach
42 2834 1052 2934 fürmyn gh jun geseßnen rath geschlageen worden, die
