1134 2455
166 131 1117 369 Damnel Roch und Hanß Jacob Schu
150 224 822 374 weit 9 pßer Burgere alhie
196 447 1068 654 achdem dieselbigen vor etwas
150 520 1087 715 abgelas fner zyth ß3 Johauß den walg
122 603 1092 779 würstenbergeren, ein gmach in sennrm zinß
120 668 1074 829 Huß alhie gewyßigen angenomen und verdinget,
127 736 1092 887 haben sy use einem trag so darintz gestanden
131 827 1100 967 ein stuck wyß gebleickt lynin thuch von
129 894 1079 1019 ellenlang hingrey genomen, woruff dan
125 950 1030 1095 gemelter Herr Wurstenberger der sach so
116 1023 1099 1156 flyßig nachgechlagen, das er entliche in erfharng
112 1085 1078 1205 gebracht, das bemelter doch, derglychen tynn
121 1160 1081 1272 thuch sölle vrkhoufft habenn, deßwegen den
101 1224 1105 1344 derselbige wie in gleich Hanß Jacob Schämrer
100 1283 1092 1406 gfencklichen yngezogen und volgendtß uß befelch
96 1352 1096 1477 meiner g herren unnd oberen, wisto Mat
92 1424 1084 1559 diß 1640 jaheß durch r Jacob Groser
95 1486 1068 1596 deß kleinen, Ers valentyn friderich des
112 1554 1080 1664 großen rachtß und hrr Großweibell von
110 1614 1089 1725 Bauren, vn einer ehrenden gesellschafft z
109 1697 1078 1798 den schulzen, deßwegen zu red gestoßem
113 1750 1081 1841 unnd framiniert wordenn, welliche auch diser
105 1811 1090 1906 thadt bekhandtlich gsin und darbey sich erlüthet
89 1879 1077 1988 das es ihnen von herkenn leidt syge, deßwegen
79 1956 1086 2069 got und meing Herren umb errychung geben
96 2020 1082 2119 glych auch anerpoßden nit mir derglychen untrt
100 2085 1056 2203 mehr fürzenomen, sonders auch das denges
99 2153 1050 2272 y genomen zeersckenn, vff welicheß Ihr
91 2221 1037 2335 anerpieteen vnd khoffrte beßerung zum
71 2289 1069 2396 nit sy mit abtrag ertenß ledig gelaßen worden
62 2356 674 2435 Den 12. martii 1640
