<?xml version="1.0" encoding="UTF-8" standalone="yes"?>
<PcGts xmlns="http://schema.primaresearch.org/PAGE/gts/pagecontent/2013-07-15" xmlns:xsi="http://www.w3.org/2001/XMLSchema-instance" xsi:schemaLocation="http://schema.primaresearch.org/PAGE/gts/pagecontent/2013-07-15 http://schema.primaresearch.org/PAGE/gts/pagecontent/2013-07-15/pagecontent.xsd">
    <Metadata>
        <Creator>prov=University of Rostock/Institute of Mathematics/CITlab|PLANET AI GmbH/Gundram Leifert/gundram.leifert@planet-ai.de:name=German_Kurrent_XVI-XVIII_M1(htr_id=19584)::::v=2.6.7
prov=University of Rostock/Institute of Mathematics/CITlab|PLANET AI GmbH/Tobias Gruening/tobias.gruening@planet-ai.de:name=de.uros.citlab.module.baseline2polygon.B2PSeamMultiOriented:v=2.6.7
prov=University of Rostock/Institute of Mathematics/CITlab|PLANET AI GmbH/Tobias Gruening/tobias.gruening@planet-ai.de:name=/net_tf/LA73_249_0mod360.pb:de.uros.citlab.segmentation.CITlab_LA_ML:v=2.6.7
Transkribus</Creator>
        <Created>2020-10-05T21:58:24.051+02:00</Created>
        <LastChange>2022-09-09T15:46:33.333+02:00</LastChange>
        <TranskribusMetadata docId="1334821" pageId="52360412" pageNr="91" tsid="114642174" status="IN_PROGRESS" userId="9570" imgUrl="https://files.transkribus.eu/Get?id=FWAKUEQXVSGQQBYYNEUSDLUB&amp;fileType=view" xmlUrl="https://files.transkribus.eu/Get?id=WDVRQOEKTBNECJLGJBNCDUEH" imageId="16091828"/>
    </Metadata>
    <Page imageFilename="IMG_9104.jpg" imageWidth="1183" imageHeight="3071">
        <ReadingOrder>
            <OrderedGroup id="ro_1687513768857" caption="Regions reading order">
                <RegionRefIndexed index="0" regionRef="r1"/>
                <RegionRefIndexed index="1" regionRef="r2"/>
                <RegionRefIndexed index="2" regionRef="r3"/>
            </OrderedGroup>
        </ReadingOrder>
        <TextRegion orientation="0.0" id="r1" custom="readingOrder {index:0;}">
            <Coords points="50,71 50,2889 1144,2889 1144,71"/>
            <TextLine id="r1l1" custom="readingOrder {index:0;} person {offset:21; length:8;}">
                <Coords points="215,104 754,148 991,195 1146,272 1152,232 1113,200 942,145 771,133 676,92 527,106 461,66 403,94 383,66 222,60"/>
                <Baseline points="224,91 270,97 316,102 362,107 408,111 454,114 500,119 546,123 592,127 638,131 684,136 730,142 776,148 822,156 868,164 914,174 960,185 1006,198 1052,213 1098,229 1144,248"/>
                <TextEquiv>
                    <Unicode>mit daß erstgemelten Casparen hilff, habe er im fig</Unicode>
                </TextEquiv>
            </TextLine>
            <TextLine id="r1l2" custom="readingOrder {index:1;}">
                <Coords points="192,154 806,200 1141,307 1146,272 987,199 659,134 598,156 199,102"/>
                <Baseline points="201,136 247,140 294,145 341,149 388,152 435,156 482,159 528,163 575,167 622,172 669,177 716,183 763,189 810,196 856,205 903,214 950,224 997,236 1044,250 1091,264 1138,282"/>
                <TextEquiv>
                    <Unicode>gebiet, nachts ust einem ofenhust 12 leibenn brochnemmen</Unicode>
                </TextEquiv>
            </TextLine>
            <TextLine id="r1l3" custom="readingOrder {index:2;} place {offset:26; length:13;}">
                <Coords points="185,198 823,243 861,279 926,265 1144,338 1148,304 1077,269 807,200 738,218 509,165 191,155"/>
                <Baseline points="193,184 240,188 287,192 334,196 382,199 429,202 476,205 524,209 571,213 618,216 666,221 713,226 760,232 807,239 855,246 902,256 949,265 997,278 1044,291 1091,306 1139,323"/>
                <TextEquiv>
                    <Unicode>welche sy gleichfals nach wyleraltingen getragen und de</Unicode>
                </TextEquiv>
            </TextLine>
            <TextLine id="r1l4" custom="readingOrder {index:3;}">
                <Coords points="190,239 226,257 350,241 430,285 483,262 546,293 763,282 922,324 926,275 862,276 823,243 718,254 194,195"/>
                <Baseline points="197,229 233,232 269,235 305,237 341,239 377,242 413,245 449,248 485,250 521,253 557,256 593,259 629,262 665,266 701,269 737,273 773,277 809,282 845,287 881,291 917,297"/>
                <TextEquiv>
                    <Unicode>wirth 6 daruon jeden umb 5 bz verkanfft</Unicode>
                </TextEquiv>
            </TextLine>
            <TextLine id="r1l5" custom="readingOrder {index:4;} place {offset:23; length:7;}">
                <Coords points="185,325 733,362 1138,449 1144,396 1095,359 1036,385 1015,359 837,350 767,304 712,326 192,262"/>
                <Baseline points="193,314 240,318 287,323 334,326 381,330 428,333 475,336 522,339 569,343 616,346 663,350 710,354 757,359 804,365 851,372 898,379 945,388 992,398 1039,409 1086,422 1133,436"/>
                <TextEquiv>
                    <Unicode>deßgleichenn by Boy im Fryburg gebiet, am far an dem</Unicode>
                </TextEquiv>
            </TextLine>
            <TextLine id="r1l6" custom="readingOrder {index:5;}">
                <Coords points="186,373 706,400 1141,487 1123,438 886,382 190,343"/>
                <Baseline points="195,358 242,363 289,367 336,371 383,374 430,377 477,380 524,383 571,387 618,389 665,393 712,398 759,403 806,408 853,414 900,422 947,430 994,439 1041,450 1088,463 1135,477"/>
                <TextEquiv>
                    <Unicode>ab einer lauben 6. mans hembder 5 lynlachen und gken</Unicode>
                </TextEquiv>
            </TextLine>
            <TextLine id="r1l7" custom="readingOrder {index:6;} place {offset:26; length:6;}">
                <Coords points="191,429 649,445 980,517 1068,502 1145,542 1153,496 705,400 559,414 197,369"/>
                <Baseline points="199,407 246,411 293,415 340,418 387,422 435,424 482,427 529,429 576,431 623,434 671,438 718,442 765,446 812,451 859,457 907,464 954,473 1001,483 1048,494 1095,506 1143,521"/>
                <TextEquiv>
                    <Unicode>so sy dem schuchmacher zu Gurbau umb 74 b verkenne.</Unicode>
                </TextEquiv>
            </TextLine>
            <TextLine id="r1l8" custom="readingOrder {index:7;}">
                <Coords points="190,464 333,493 399,465 512,477 785,530 841,522 845,472 673,472 480,439 431,453 391,432 331,448 271,412 225,441 192,431"/>
                <Baseline points="197,455 229,456 261,459 293,460 325,462 357,465 389,466 421,469 453,471 485,473 517,476 549,479 581,481 613,483 645,486 677,488 709,491 741,493 773,496 805,498 837,500"/>
                <TextEquiv>
                    <Unicode>und das gelt mit einanderen getheilt,</Unicode>
                </TextEquiv>
            </TextLine>
            <TextLine id="r1l9" custom="readingOrder {index:8;}">
                <Coords points="181,555 921,609 1073,664 1138,668 1143,626 852,530 516,549 186,504"/>
                <Baseline points="189,547 236,551 283,555 330,558 378,560 425,563 472,565 519,568 567,571 614,573 661,577 708,581 756,585 803,590 850,595 897,602 945,610 992,618 1039,628 1086,639 1134,652"/>
                <TextEquiv>
                    <Unicode>damie thin habe er mit hilff eines brystgüüwert zagen</Unicode>
                </TextEquiv>
            </TextLine>
            <TextLine id="r1l10" custom="readingOrder {index:9;} place {offset:12; length:9;}">
                <Coords points="183,624 260,598 748,633 1135,709 1120,659 926,609 189,557"/>
                <Baseline points="192,591 238,595 285,599 332,602 379,606 426,608 473,611 520,614 567,616 614,619 661,622 707,625 754,629 801,634 848,638 895,645 942,652 989,659 1036,669 1083,679 1130,690"/>
                <TextEquiv>
                    <Unicode>zu Holtz im Fryburger pirt nachtt us einem afen gasen</Unicode>
                </TextEquiv>
            </TextLine>
            <TextLine id="r1l11" custom="readingOrder {index:10;}">
                <Coords points="181,653 809,684 1120,752 1136,710 638,627 261,598 184,624"/>
                <Baseline points="189,638 235,642 282,645 329,648 376,651 423,653 470,656 517,658 564,661 611,664 658,667 704,670 751,674 798,679 845,685 892,690 939,696 986,705 1033,713 1080,723 1127,733"/>
                <TextEquiv>
                    <Unicode>mas mäb nemmen helffenn, 2 leib broth habint sy g</Unicode>
                </TextEquiv>
            </TextLine>
            <TextLine id="r1l12" custom="readingOrder {index:11;} place {offset:28; length:13;}">
                <Coords points="176,708 696,716 722,746 912,743 1137,814 1143,747 816,689 181,654"/>
                <Baseline points="185,687 232,690 279,693 327,696 374,699 422,701 469,704 516,706 564,708 611,711 659,714 706,717 753,721 801,725 848,731 896,736 943,743 990,751 1038,759 1085,769 1133,780"/>
                <TextEquiv>
                    <Unicode>und den rest einem wäber zu Wyberoltingen umbo</Unicode>
                </TextEquiv>
            </TextLine>
            <TextLine id="r1l13" custom="readingOrder {index:12;}">
                <Coords points="178,771 372,754 454,781 517,758 676,770 751,802 909,800 912,754 818,738 737,756 702,722 646,749 386,712 257,731 225,699 182,707"/>
                <Baseline points="187,738 222,740 258,742 294,744 330,746 366,748 402,749 437,751 473,753 509,755 545,757 581,759 617,761 653,763 688,765 724,767 760,770 796,772 832,775 868,778 904,781"/>
                <TextEquiv>
                    <Unicode>ekaufft und das gelt abermalen getheilt,</Unicode>
                </TextEquiv>
            </TextLine>
            <TextLine id="r1l14" custom="readingOrder {index:13;} place {offset:27; length:12;}">
                <Coords points="168,860 581,863 818,908 932,889 1130,935 1133,895 1084,868 808,846 705,807 572,792 376,834 173,802"/>
                <Baseline points="176,838 223,841 270,844 318,846 365,849 413,851 460,854 508,856 555,859 603,862 650,864 697,868 745,872 792,876 840,880 887,885 935,890 982,895 1030,902 1077,910 1125,917"/>
                <TextEquiv>
                    <Unicode>Item mit gleicher hilff im Guggischberg, nachts us einem</Unicode>
                </TextEquiv>
            </TextLine>
            <TextLine id="r1l15" custom="readingOrder {index:14;}">
                <Coords points="182,898 721,910 860,950 977,932 1129,963 1074,917 896,912 820,878 759,902 581,863 515,886 185,849"/>
                <Baseline points="189,886 235,889 282,891 329,893 375,895 422,897 469,899 515,900 562,902 609,904 656,906 702,908 749,911 796,914 842,918 889,923 936,927 982,933 1029,940 1076,947 1123,955"/>
                <TextEquiv>
                    <Unicode>kähler, so syn gspan ufgemacht 6 läsenen und ein ballen</Unicode>
                </TextEquiv>
            </TextLine>
            <TextLine id="r1l16" custom="readingOrder {index:15;} place {offset:46; length:4;}">
                <Coords points="178,953 688,954 761,984 1048,983 1118,1023 1131,965 491,902 180,913"/>
                <Baseline points="185,930 231,933 278,935 325,937 372,939 419,940 466,942 513,944 560,945 607,947 654,949 700,952 747,954 794,957 841,961 888,965 935,969 982,975 1029,981 1076,988 1123,995"/>
                <TextEquiv>
                    <Unicode>anekenn, welches sy abermalenn dem wirth nach wuln</Unicode>
                </TextEquiv>
            </TextLine>
            <TextLine id="r1l17" custom="readingOrder {index:16;} place {offset:0; length:8;}">
                <Coords points="178,985 745,1003 1050,1049 1115,1021 1045,984 769,989 682,957 635,981 179,958"/>
                <Baseline points="185,976 231,977 277,979 323,981 369,982 415,984 461,985 508,987 554,989 600,991 646,993 692,996 738,998 784,1002 831,1005 877,1008 923,1013 969,1018 1015,1024 1061,1029 1108,1036"/>
                <TextEquiv>
                    <Unicode>oltingen zugebracht, demselbann habenn sy 4 kësen</Unicode>
                </TextEquiv>
            </TextLine>
            <TextLine id="r1l18" custom="readingOrder {index:17;}">
                <Coords points="171,1029 782,1051 892,1088 1054,1074 1107,1109 1109,1061 950,1028 173,990"/>
                <Baseline points="177,1021 223,1022 269,1024 315,1025 362,1027 408,1028 454,1029 500,1031 547,1032 593,1034 639,1036 685,1038 732,1041 778,1044 824,1047 870,1051 917,1055 963,1060 1009,1065 1055,1071 1102,1077"/>
                <TextEquiv>
                    <Unicode>umb 56 bz verkaufft. Die ancken balten haben, sy der</Unicode>
                </TextEquiv>
            </TextLine>
            <TextLine id="r1l19" custom="readingOrder {index:18;}">
                <Coords points="169,1091 464,1078 879,1139 1071,1122 1111,1154 1113,1108 941,1066 891,1088 528,1041 171,1050"/>
                <Baseline points="176,1066 222,1067 269,1069 315,1070 362,1072 408,1073 455,1075 501,1077 548,1079 594,1081 641,1083 687,1085 734,1089 780,1092 827,1095 873,1098 920,1103 966,1107 1013,1111 1059,1117 1106,1123"/>
                <TextEquiv>
                    <Unicode>verküchlen laßen und hernach dieselbigen alt auch die übrigen</Unicode>
                </TextEquiv>
            </TextLine>
            <TextLine id="r1l20" custom="readingOrder {index:19;}">
                <Coords points="157,1130 175,1142 210,1120 254,1143 288,1133 355,1146 373,1131 404,1131 426,1145 451,1134 483,1144 538,1139 540,1108 505,1115 462,1081 421,1109 385,1098 306,1104 269,1073 226,1071 158,1098"/>
                <Baseline points="164,1114 190,1114 216,1114 243,1115 269,1115 295,1116 322,1117 348,1119 374,1119 401,1121 427,1122 453,1124 480,1125 506,1127 533,1129"/>
                <TextEquiv>
                    <Unicode>2. kasenn genosenn.</Unicode>
                </TextEquiv>
            </TextLine>
            <TextLine id="r1l21" custom="readingOrder {index:20;}">
                <Coords points="85,1209 92,1209 94,1206 99,1209 107,1202 115,1207 121,1201 130,1202 134,1198 141,1198 141,1158 134,1158 124,1164 123,1162 111,1173 95,1162 85,1162"/>
                <Baseline points="92,1194 134,1194"/>
                <TextEquiv>
                    <Unicode>46.</Unicode>
                </TextEquiv>
            </TextLine>
            <TextLine id="r1l22" custom="readingOrder {index:21;}">
                <Coords points="145,1211 583,1214 1086,1272 1112,1210 836,1213 718,1161 397,1192 150,1128"/>
                <Baseline points="153,1193 200,1195 248,1197 295,1199 343,1200 390,1203 438,1205 485,1207 533,1209 580,1212 628,1215 675,1217 723,1220 770,1223 818,1226 865,1229 913,1233 960,1237 1008,1241 1055,1244 1103,1248"/>
                <TextEquiv>
                    <Unicode>denne habe er mit hilff noch eines anderen schwabeng </Unicode>
                </TextEquiv>
            </TextLine>
            <TextLine id="r1l23" custom="readingOrder {index:22;}">
                <Coords points="152,1264 406,1245 1018,1305 1112,1301 1114,1272 155,1208"/>
                <Baseline points="160,1237 207,1239 254,1240 301,1242 349,1244 396,1246 443,1248 491,1250 538,1253 585,1255 633,1257 680,1260 727,1263 774,1266 822,1269 869,1272 916,1274 964,1277 1011,1281 1058,1284 1106,1288"/>
                <TextEquiv>
                    <Unicode>Geritzey ein schaff nemmen helffenen, das habnet sy gemege</Unicode>
                </TextEquiv>
            </TextLine>
            <TextLine id="r1l24" custom="readingOrder {index:23;}">
                <Coords points="158,1298 449,1296 643,1336 873,1316 1048,1355 1112,1337 1114,1304 611,1286 585,1260 508,1284 406,1245 357,1271 160,1258"/>
                <Baseline points="165,1282 212,1283 259,1285 306,1287 353,1288 400,1290 447,1292 494,1294 541,1296 588,1299 635,1301 682,1303 729,1305 776,1308 823,1311 870,1313 917,1317 964,1320 1011,1322 1058,1326 1106,1329"/>
                <TextEquiv>
                    <Unicode>und mit einanderen gästenn, darby seye auch syn fartlic</Unicode>
                </TextEquiv>
            </TextLine>
            <TextLine id="r1l25" custom="readingOrder {index:24;}">
                <Coords points="150,1362 304,1368 404,1342 504,1369 550,1346 670,1378 846,1391 891,1360 923,1379 912,1319 757,1340 451,1298 289,1321 153,1303"/>
                <Baseline points="158,1331 197,1331 237,1332 277,1332 317,1334 357,1335 397,1336 437,1337 477,1339 517,1341 557,1343 597,1345 637,1347 677,1349 717,1351 757,1353 797,1355 837,1358 877,1360 917,1362"/>
                <TextEquiv>
                    <Unicode>frauw gsin und habe daruon estenn helffen.</Unicode>
                </TextEquiv>
            </TextLine>
            <TextLine id="r1l26" custom="readingOrder {index:25;}">
                <Coords points="80,1426 109,1422 118,1425 128,1418 137,1419 136,1384 128,1386 115,1384 104,1391 96,1388 78,1388"/>
                <Baseline points="85,1411 131,1409"/>
                <TextEquiv>
                    <Unicode>43</Unicode>
                </TextEquiv>
            </TextLine>
            <TextLine id="r1l27" custom="readingOrder {index:26;} place {offset:3; length:10;}">
                <Coords points="141,1436 216,1408 507,1412 633,1447 1109,1458 1111,1409 979,1381 886,1412 145,1361"/>
                <Baseline points="149,1403 196,1404 244,1405 292,1406 339,1407 387,1409 435,1411 482,1413 530,1415 578,1417 626,1420 673,1422 721,1425 769,1427 816,1430 864,1432 912,1435 959,1437 1007,1439 1055,1441 1103,1443"/>
                <TextEquiv>
                    <Unicode>zu Überstorff habe er ungferdt 6 lb gesotnen anckene</Unicode>
                </TextEquiv>
            </TextLine>
            <TextLine id="r1l28" custom="readingOrder {index:27;}">
                <Coords points="162,1469 407,1456 901,1501 932,1478 1094,1517 1097,1463 465,1416 163,1433"/>
                <Baseline points="169,1448 215,1448 261,1449 307,1450 353,1451 399,1453 445,1454 491,1456 537,1458 583,1460 629,1463 675,1465 721,1468 767,1471 813,1473 859,1475 905,1477 951,1479 997,1481 1043,1482 1089,1483"/>
                <TextEquiv>
                    <Unicode>genommen, darus habe syn frauw uff dem schorrenn</Unicode>
                </TextEquiv>
            </TextLine>
            <TextLine id="r1l29" custom="readingOrder {index:28;} person {offset:13; length:14;}">
                <Coords points="154,1501 1088,1523 1048,1493 872,1506 747,1471 155,1477"/>
                <Baseline points="161,1493 207,1493 253,1493 299,1494 345,1495 391,1496 437,1497 483,1499 529,1501 575,1502 621,1505 667,1507 713,1509 759,1511 805,1513 851,1516 897,1517 943,1520 989,1522 1035,1524 1081,1525"/>
                <TextEquiv>
                    <Unicode>ein und ihnn Ulli Schreyers huß. 2. mal gekühlet</Unicode>
                </TextEquiv>
            </TextLine>
            <TextLine id="r1l30" custom="readingOrder {index:29;}">
                <Coords points="150,1554 1095,1592 1096,1551 1049,1530 716,1545 470,1502 309,1526 152,1501"/>
                <Baseline points="157,1538 203,1538 250,1538 296,1539 343,1540 390,1542 436,1543 483,1545 529,1547 576,1549 623,1552 669,1554 716,1556 762,1558 809,1560 856,1562 902,1564 949,1565 995,1566 1042,1567 1089,1567"/>
                <TextEquiv>
                    <Unicode>Sunsten habe er zweymal inn nielausefeyburghusen</Unicode>
                </TextEquiv>
            </TextLine>
            <TextLine id="r1l31" custom="readingOrder {index:30;}">
                <Coords points="160,1600 740,1603 1012,1644 1096,1622 1097,1591 161,1558"/>
                <Baseline points="166,1582 212,1582 258,1582 304,1583 350,1584 397,1586 443,1587 489,1590 535,1592 581,1594 628,1596 674,1599 720,1601 766,1603 812,1605 859,1607 905,1608 951,1609 997,1609 1043,1609 1090,1609"/>
                <TextEquiv>
                    <Unicode>hust mit imme und synem volck getruncken, da ein jeder</Unicode>
                </TextEquiv>
            </TextLine>
            <TextLine id="r1l32" custom="readingOrder {index:31;}">
                <Coords points="145,1646 206,1657 352,1633 471,1658 496,1640 535,1658 613,1646 643,1667 665,1647 731,1663 732,1634 640,1605 473,1618 446,1595 424,1614 389,1594 146,1605"/>
                <Baseline points="152,1630 180,1629 209,1629 238,1629 266,1629 295,1629 324,1629 352,1629 381,1630 410,1631 439,1632 467,1633 496,1633 525,1635 553,1636 582,1638 611,1639 639,1641 668,1643 697,1644 726,1646"/>
                <TextEquiv>
                    <Unicode>Einen theil daruon bezalt habe,</Unicode>
                </TextEquiv>
            </TextLine>
            <TextLine id="r1l33" custom="readingOrder {index:32;} place {offset:7; length:12;}">
                <Coords points="53,1733 568,1726 927,1766 1097,1736 1098,1669 593,1713 497,1661 344,1704 139,1648 54,1695"/>
                <Baseline points="60,1720 111,1717 163,1716 214,1715 266,1715 317,1715 369,1716 420,1718 472,1719 523,1721 575,1723 627,1725 678,1728 730,1729 781,1731 833,1732 884,1733 936,1733 987,1733 1039,1731 1091,1729"/>
                <TextEquiv>
                    <Unicode>4 f zu heyttonriedt habe er ein par zwilchhosen entzuckt</Unicode>
                </TextEquiv>
            </TextLine>
            <TextLine id="r1l34" custom="readingOrder {index:33;}">
                <Coords points="143,1768 210,1758 268,1785 331,1769 389,1783 407,1769 504,1792 545,1769 546,1733 483,1727 400,1747 384,1731 324,1734 303,1719 204,1726 183,1743 144,1726"/>
                <Baseline points="150,1756 175,1756 201,1755 227,1755 253,1755 279,1755 305,1756 331,1757 357,1758 383,1759 409,1760 435,1760 461,1761 487,1762 513,1762 539,1762"/>
                <TextEquiv>
                    <Unicode>vnd dieselbigen Erkaufft</Unicode>
                </TextEquiv>
            </TextLine>
            <TextLine id="r1l35" custom="readingOrder {index:34;}">
                <Coords points="53,1870 73,1868 90,1875 99,1868 135,1861 133,1816 105,1816 92,1828 83,1822 66,1829 52,1828"/>
                <Baseline points="59,1849 93,1848 128,1847"/>
                <TextEquiv>
                    <Unicode>49.</Unicode>
                </TextEquiv>
            </TextLine>
            <TextLine id="r1l36" custom="readingOrder {index:35;} place {offset:15; length:14;}">
                <Coords points="148,1860 1096,1893 1097,1817 149,1801"/>
                <Baseline points="155,1847 201,1847 248,1847 295,1848 342,1849 388,1850 435,1851 482,1853 529,1855 575,1857 622,1858 669,1860 716,1861 762,1863 809,1864 856,1864 903,1865 949,1864 996,1863 1043,1862 1090,1860"/>
                <TextEquiv>
                    <Unicode>By der müli zu Schwartzenburg, habe er ust einem bacht</Unicode>
                </TextEquiv>
            </TextLine>
            <TextLine id="r1l37" custom="readingOrder {index:36;}">
                <Coords points="153,1900 192,1912 242,1896 305,1913 382,1899 401,1914 533,1929 594,1910 595,1879 519,1859 480,1877 440,1859 393,1877 371,1860 326,1878 298,1858 218,1854 188,1873 154,1856"/>
                <Baseline points="160,1890 185,1889 210,1889 235,1889 260,1889 285,1890 310,1891 335,1891 360,1893 386,1893 411,1894 436,1895 461,1896 486,1897 511,1898 536,1898 561,1899 587,1899"/>
                <TextEquiv>
                    <Unicode>3. leibenn broth gestolen.</Unicode>
                </TextEquiv>
            </TextLine>
            <TextLine id="r1l38" custom="readingOrder {index:37;}">
                <Coords points="46,1987 61,1983 69,1985 90,1975 102,1980 115,1980 110,1943 77,1935 71,1936 63,1943 54,1941 48,1949 40,1950"/>
                <Baseline points="50,1976 78,1972 107,1968"/>
                <TextEquiv>
                    <Unicode>50</Unicode>
                </TextEquiv>
            </TextLine>
            <TextLine id="r1l39" custom="readingOrder {index:38;} place {offset:8; length:7;}">
                <Coords points="131,2000 238,2002 316,1970 448,2004 927,2016 928,1958 795,1922 488,1962 403,1959 350,1924 316,1946 133,1937"/>
                <Baseline points="138,1969 177,1968 216,1968 255,1969 294,1969 333,1970 372,1971 412,1972 451,1974 490,1975 529,1977 568,1978 607,1979 646,1981 686,1982 725,1983 764,1984 803,1985 842,1986 881,1986 921,1985"/>
                <TextEquiv>
                    <Unicode>Item zu Tharnen ungfardt 3 lb fleisch,</Unicode>
                </TextEquiv>
            </TextLine>
            <TextLine id="r1l40" custom="readingOrder {index:39;}">
                <Coords points="45,2062 56,2063 58,2060 64,2059 74,2063 88,2048 98,2047 94,2011 87,2011 76,2019 70,2016 67,2017 56,2028 42,2026"/>
                <Baseline points="50,2049 91,2045"/>
                <TextEquiv>
                    <Unicode>51.</Unicode>
                </TextEquiv>
            </TextLine>
            <TextLine id="r1l41" custom="readingOrder {index:40;} person {offset:11; length:4;} place {offset:19; length:8;}">
                <Coords points="140,2068 866,2064 1004,2092 1096,2052 1097,2000 713,2046 655,2005 318,2035 141,2002"/>
                <Baseline points="147,2047 194,2046 241,2046 288,2046 335,2047 382,2048 429,2049 477,2051 524,2053 571,2054 618,2056 665,2057 712,2058 759,2059 807,2059 854,2058 901,2057 948,2055 995,2051 1042,2048 1090,2042"/>
                <TextEquiv>
                    <Unicode>und by der Muli zu Diesbach vnderhalb dießbachenk</Unicode>
                </TextEquiv>
            </TextLine>
            <TextLine id="r1l42" custom="readingOrder {index:41;}">
                <Coords points="53,2157 72,2155 81,2159 90,2153 98,2155 114,2140 122,2139 115,2098 101,2098 92,2103 75,2096 65,2106 62,2103 44,2108"/>
                <Baseline points="56,2136 84,2132 113,2126"/>
                <TextEquiv>
                    <Unicode>51.</Unicode>
                </TextEquiv>
            </TextLine>
            <TextLine id="r1l43" custom="readingOrder {index:42;}">
                <Coords points="142,2154 964,2159 1088,2134 1088,2076 932,2123 833,2083 764,2126 562,2081 329,2120 188,2069 142,2089"/>
                <Baseline points="149,2134 195,2132 242,2131 288,2131 335,2132 382,2133 428,2134 475,2136 522,2137 568,2139 615,2141 662,2142 708,2142 755,2143 802,2143 848,2142 895,2140 942,2137 988,2134 1035,2129 1082,2123"/>
                <TextEquiv>
                    <Unicode>letstlichenn seye er syn frauw und kindt, deßgleiche</Unicode>
                </TextEquiv>
            </TextLine>
            <TextLine id="r1l44" custom="readingOrder {index:43;}">
                <Coords points="142,2193 1016,2199 1083,2168 1083,2126 941,2163 142,2157"/>
                <Baseline points="149,2182 195,2180 241,2179 288,2178 334,2179 380,2179 427,2180 473,2181 519,2183 566,2184 612,2185 658,2186 705,2187 751,2187 797,2187 844,2186 890,2184 936,2181 983,2177 1029,2172 1076,2166"/>
                <TextEquiv>
                    <Unicode>ein alter man, deßelbenn wyb und kindt, mit sampt</Unicode>
                </TextEquiv>
            </TextLine>
            <TextLine id="r1l45" custom="readingOrder {index:44;} place {offset:32; length:15;}">
                <Coords points="139,2232 707,2227 839,2254 1065,2232 1084,2183 873,2218 612,2183 560,2212 139,2204"/>
                <Baseline points="145,2226 191,2224 238,2224 284,2223 331,2223 378,2224 424,2225 471,2226 518,2227 564,2228 611,2229 658,2230 704,2231 751,2231 798,2231 844,2230 891,2228 938,2225 984,2222 1031,2217 1078,2212"/>
                <TextEquiv>
                    <Unicode>einem jungenn bubenn, unner von Schwartzenbachz</Unicode>
                </TextEquiv>
            </TextLine>
            <TextLine id="r1l46" custom="readingOrder {index:45;}">
                <Coords points="140,2274 838,2297 1085,2272 1074,2230 783,2264 745,2238 140,2252"/>
                <Baseline points="147,2269 193,2267 240,2267 286,2266 333,2267 379,2268 426,2269 472,2270 519,2271 565,2273 612,2274 659,2274 705,2275 752,2274 798,2274 845,2272 891,2270 938,2267 984,2262 1031,2256 1078,2249"/>
                <TextEquiv>
                    <Unicode>einem waldt uff zinstag den letsten Martii zusamenen</Unicode>
                </TextEquiv>
            </TextLine>
            <TextLine id="r1l47" custom="readingOrder {index:46;}">
                <Coords points="124,2326 885,2339 1023,2320 1087,2271 784,2304 123,2287"/>
                <Baseline points="130,2318 177,2316 225,2314 272,2312 320,2312 367,2312 415,2313 462,2314 510,2315 557,2316 605,2317 652,2318 700,2318 747,2318 795,2317 842,2315 890,2313 937,2310 985,2305 1032,2299 1080,2291"/>
                <TextEquiv>
                    <Unicode>kommen, Ein fürr angezünt und hernach sy die man</Unicode>
                </TextEquiv>
            </TextLine>
            <TextLine id="r1l48" custom="readingOrder {index:47;}">
                <Coords points="128,2380 908,2384 1074,2341 1086,2293 982,2338 128,2346"/>
                <Baseline points="134,2364 181,2361 228,2359 275,2357 323,2357 370,2357 417,2357 465,2358 512,2359 559,2360 607,2361 654,2361 701,2362 748,2361 796,2360 843,2358 890,2356 938,2352 985,2347 1032,2341 1080,2333"/>
                <TextEquiv>
                    <Unicode>persönen durcheinanderen ein anschlag gemacht, wo sy d</Unicode>
                </TextEquiv>
            </TextLine>
            <TextLine id="r1l49" custom="readingOrder {index:48;}">
                <Coords points="120,2443 188,2415 811,2439 1079,2389 1078,2355 921,2391 836,2364 766,2394 730,2371 621,2396 119,2384"/>
                <Baseline points="126,2412 173,2409 220,2408 267,2407 315,2407 362,2407 409,2407 457,2408 504,2409 551,2410 599,2411 646,2411 693,2411 740,2410 788,2409 835,2407 882,2404 930,2400 977,2394 1024,2388 1072,2379"/>
                <TextEquiv>
                    <Unicode>hinkeeren solten, da sy etwas zeüßtenn fürden möchen sye</Unicode>
                </TextEquiv>
            </TextLine>
            <TextLine id="r1l50" custom="readingOrder {index:49;} place {offset:23; length:9;}">
                <Coords points="122,2499 207,2462 394,2457 435,2482 717,2459 902,2485 1083,2427 1082,2391 946,2433 879,2408 829,2442 186,2417 121,2444"/>
                <Baseline points="128,2463 175,2458 222,2456 270,2454 317,2453 365,2452 412,2453 459,2453 507,2454 554,2455 602,2456 649,2456 696,2456 744,2456 791,2455 839,2453 886,2450 933,2445 981,2439 1028,2432 1076,2422"/>
                <TextEquiv>
                    <Unicode>also miteinanderen gan Obereichi Inn Chunrath ze</Unicode>
                </TextEquiv>
            </TextLine>
            <TextLine id="r1l51" custom="readingOrder {index:50;}">
                <Coords points="112,2520 935,2523 1075,2477 1074,2426 882,2487 717,2460 614,2489 554,2459 461,2488 111,2474"/>
                <Baseline points="118,2513 165,2507 213,2504 260,2501 308,2500 355,2499 403,2500 450,2500 498,2501 545,2502 593,2503 640,2503 688,2504 735,2504 783,2503 830,2501 878,2498 925,2494 973,2488 1020,2480 1068,2472"/>
                <TextEquiv>
                    <Unicode>Hnß (darinen niemants gwesenn) gangenn, zwardes</Unicode>
                </TextEquiv>
            </TextLine>
            <TextLine id="r1l52" custom="readingOrder {index:51;}">
                <Coords points="104,2576 957,2566 1063,2519 1062,2474 935,2523 283,2506 241,2536 103,2537"/>
                <Baseline points="110,2558 157,2553 204,2549 251,2547 299,2545 346,2545 393,2545 441,2545 488,2546 535,2547 583,2548 630,2549 677,2550 724,2549 772,2548 819,2547 866,2543 914,2538 961,2532 1008,2524 1056,2515"/>
                <TextEquiv>
                    <Unicode>jungen bubenn vorüstenn uff der wacht gelaßen und</Unicode>
                </TextEquiv>
            </TextLine>
            <TextLine id="r1l53" custom="readingOrder {index:52;}">
                <Coords points="124,2630 531,2595 869,2622 905,2591 1006,2598 1066,2524 874,2571 673,2550 612,2580 408,2579 312,2553 123,2578"/>
                <Baseline points="130,2607 176,2601 223,2596 269,2594 316,2592 362,2591 409,2591 455,2591 502,2592 548,2593 595,2594 641,2594 688,2594 734,2594 781,2593 827,2590 874,2586 920,2582 967,2574 1013,2567 1060,2555"/>
                <TextEquiv>
                    <Unicode>habe der alte man mit einem dächsal einen trag ufgebe</Unicode>
                </TextEquiv>
            </TextLine>
            <TextLine id="r1l54" custom="readingOrder {index:53;}">
                <Coords points="115,2656 890,2655 1065,2617 1064,2561 871,2621 341,2600 115,2637"/>
                <Baseline points="122,2654 168,2648 215,2644 262,2641 309,2639 356,2638 402,2637 449,2637 496,2638 543,2638 590,2638 636,2639 683,2639 730,2638 777,2637 824,2635 870,2631 917,2627 964,2621 1011,2614 1058,2605"/>
                <TextEquiv>
                    <Unicode>macht, darus habint sy genommen ein stuck lynin tü</Unicode>
                </TextEquiv>
            </TextLine>
            <TextLine id="r1l55" custom="readingOrder {index:54;}">
                <Coords points="113,2723 505,2685 799,2707 1004,2669 1065,2646 1064,2615 862,2661 543,2639 431,2673 110,2664"/>
                <Baseline points="118,2700 165,2695 212,2691 259,2687 306,2685 353,2684 400,2683 447,2683 494,2682 541,2682 588,2682 635,2682 682,2681 729,2680 776,2678 823,2676 870,2672 917,2668 964,2662 1011,2654 1058,2646"/>
                <TextEquiv>
                    <Unicode>so 19 ellgehalten, ein stuck flechstin tuch von 24 ellen</Unicode>
                </TextEquiv>
            </TextLine>
            <TextLine id="r1l56" custom="readingOrder {index:55;}">
                <Coords points="112,2753 802,2743 1015,2703 1048,2727 1068,2642 840,2708 504,2684 111,2725"/>
                <Baseline points="118,2744 165,2739 212,2734 259,2731 307,2728 354,2726 401,2725 449,2725 496,2725 543,2725 591,2725 638,2725 685,2724 732,2723 780,2721 827,2719 874,2715 922,2710 969,2704 1016,2696 1064,2686"/>
                <TextEquiv>
                    <Unicode>ein wüllin stuck tuch so 16 ell gehaltenn. Item ein </Unicode>
                </TextEquiv>
            </TextLine>
            <TextLine id="r1l57" custom="readingOrder {index:56;}">
                <Coords points="101,2811 904,2781 1013,2759 1066,2708 781,2745 477,2726 448,2755 98,2756"/>
                <Baseline points="106,2789 153,2784 201,2780 249,2777 296,2775 344,2773 392,2772 439,2772 487,2771 535,2771 583,2770 630,2769 678,2768 726,2767 773,2764 821,2761 869,2756 916,2751 964,2745 1012,2736 1060,2726"/>
                <TextEquiv>
                    <Unicode>zeichenn von dreyen farben, namlich wys roth und schwl</Unicode>
                </TextEquiv>
            </TextLine>
            <TextLine id="r1l58" custom="readingOrder {index:57;}">
                <Coords points="100,2838 936,2819 1057,2774 1055,2738 793,2798 584,2773 529,2804 481,2778 99,2811"/>
                <Baseline points="106,2834 153,2829 200,2825 247,2822 294,2820 342,2818 389,2817 436,2816 483,2816 530,2816 578,2816 625,2815 672,2814 719,2813 766,2811 814,2808 861,2804 908,2798 955,2792 1002,2783 1050,2774"/>
                <TextEquiv>
                    <Unicode>mehr inn einem bürlen e bz. Denne ust dens kelle</Unicode>
                </TextEquiv>
            </TextLine>
            <TextLine id="r1l59" custom="readingOrder {index:58;}">
                <Coords points="86,2899 218,2870 851,2876 1053,2823 1051,2776 933,2826 84,2840"/>
                <Baseline points="92,2879 139,2873 187,2869 235,2865 282,2863 330,2861 378,2861 425,2860 473,2859 521,2859 569,2859 616,2858 664,2857 712,2856 759,2854 807,2851 855,2847 902,2842 950,2836 998,2828 1046,2819"/>
                <TextEquiv>
                    <Unicode>g ballenn ancken und ein küst, diß alles habent sy unt</Unicode>
                </TextEquiv>
            </TextLine>
            <TextEquiv>
                <Unicode>mit daß erstgemelten Casparen hilff, habe er im fig
gebiet, nachts ust einem ofenhust 12 leibenn brochnemmen
welche sy gleichfals nach wyleraltingen getragen und de
wirth 6 daruon jeden umb 5 bz verkanfft
deßgleichenn by Boy im Fryburg gebiet, am far an dem
ab einer lauben 6. mans hembder 5 lynlachen und gken
so sy dem schuchmacher zu Gurbau umb 74 b verkenne.
und das gelt mit einanderen getheilt,
damie thin habe er mit hilff eines brystgüüwert zagen
zu Holtz im Fryburger pirt nachtt us einem afen gasen
mas mäb nemmen helffenn, 2 leib broth habint sy g
und den rest einem wäber zu Wyberoltingen umbo
ekaufft und das gelt abermalen getheilt,
Item mit gleicher hilff im Guggischberg, nachts us einem
kähler, so syn gspan ufgemacht 6 läsenen und ein ballen
anekenn, welches sy abermalenn dem wirth nach wuln
oltingen zugebracht, demselbann habenn sy 4 kësen
umb 56 bz verkaufft. Die ancken balten haben, sy der
verküchlen laßen und hernach dieselbigen alt auch die übrigen
2. kasenn genosenn.
46.
denne habe er mit hilff noch eines anderen schwabeng 
Geritzey ein schaff nemmen helffenen, das habnet sy gemege
und mit einanderen gästenn, darby seye auch syn fartlic
frauw gsin und habe daruon estenn helffen.
43
zu Überstorff habe er ungferdt 6 lb gesotnen anckene
genommen, darus habe syn frauw uff dem schorrenn
ein und ihnn Ulli Schreyers huß. 2. mal gekühlet
Sunsten habe er zweymal inn nielausefeyburghusen
hust mit imme und synem volck getruncken, da ein jeder
Einen theil daruon bezalt habe,
4 f zu heyttonriedt habe er ein par zwilchhosen entzuckt
vnd dieselbigen Erkaufft
49.
By der müli zu Schwartzenburg, habe er ust einem bacht
3. leibenn broth gestolen.
50
Item zu Tharnen ungfardt 3 lb fleisch,
51.
und by der Muli zu Diesbach vnderhalb dießbachenk
51.
letstlichenn seye er syn frauw und kindt, deßgleiche
ein alter man, deßelbenn wyb und kindt, mit sampt
einem jungenn bubenn, unner von Schwartzenbachz
einem waldt uff zinstag den letsten Martii zusamenen
kommen, Ein fürr angezünt und hernach sy die man
persönen durcheinanderen ein anschlag gemacht, wo sy d
hinkeeren solten, da sy etwas zeüßtenn fürden möchen sye
also miteinanderen gan Obereichi Inn Chunrath ze
Hnß (darinen niemants gwesenn) gangenn, zwardes
jungen bubenn vorüstenn uff der wacht gelaßen und
habe der alte man mit einem dächsal einen trag ufgebe
macht, darus habint sy genommen ein stuck lynin tü
so 19 ellgehalten, ein stuck flechstin tuch von 24 ellen
ein wüllin stuck tuch so 16 ell gehaltenn. Item ein 
zeichenn von dreyen farben, namlich wys roth und schwl
mehr inn einem bürlen e bz. Denne ust dens kelle
g ballenn ancken und ein küst, diß alles habent sy unt</Unicode>
            </TextEquiv>
        </TextRegion>
        <TextRegion orientation="0.0" id="r2" custom="readingOrder {index:1;}">
            <Coords points="94,0 94,884 180,884 180,0"/>
            <TextLine id="r2l1" custom="readingOrder {index:0;}">
                <Coords points="113,127 130,127 153,102 155,104 165,98 187,95 185,55 169,55 164,50 158,50 151,55 139,55 127,67 109,70"/>
                <Baseline points="117,95 148,92 180,91"/>
                <TextEquiv>
                    <Unicode></Unicode>
                </TextEquiv>
            </TextLine>
            <TextLine id="r2l2" custom="readingOrder {index:1;}">
                <Coords points="101,336 112,334 116,338 125,339 127,336 134,335 144,325 152,330 164,328 163,286 146,288 125,269 114,269 106,278 99,278"/>
                <Baseline points="107,320 132,317 158,318"/>
                <TextEquiv>
                    <Unicode>13.</Unicode>
                </TextEquiv>
            </TextLine>
            <TextLine id="r2l3" custom="readingOrder {index:2;}">
                <Coords points="89,574 101,575 116,566 133,579 147,574 154,576 165,573 163,524 146,525 142,529 137,525 129,528 99,508 94,512 86,512"/>
                <Baseline points="94,554 126,553 158,551"/>
                <TextEquiv>
                    <Unicode>gt</Unicode>
                </TextEquiv>
            </TextLine>
            <TextLine id="r2l4" custom="readingOrder {index:3;}">
                <Coords points="95,844 103,844 108,849 114,844 125,848 137,840 150,841 150,801 141,802 135,797 129,797 125,801 112,806 95,804"/>
                <Baseline points="102,834 143,834"/>
                <TextEquiv>
                    <Unicode>45</Unicode>
                </TextEquiv>
            </TextLine>
            <TextEquiv>
                <Unicode>
13.
gt
45</Unicode>
            </TextEquiv>
        </TextRegion>
        <TextRegion orientation="0.0" id="r3" custom="readingOrder {index:2;}">
            <Coords points="1134,1283 1134,1483 1147,1483 1147,1283"/>
            <TextLine id="r3l1" custom="readingOrder {index:0;}">
                <Coords points="1127,1389 1133,1390 1141,1401 1148,1402 1163,1322 1155,1321 1151,1317 1141,1315"/>
                <Baseline points="1134,1383 1145,1385"/>
                <TextEquiv>
                    <Unicode>1</Unicode>
                </TextEquiv>
            </TextLine>
            <TextLine id="r3l2" custom="readingOrder {index:1;}">
                <Coords points="1126,1455 1132,1456 1136,1463 1139,1462 1141,1464 1147,1465 1160,1406 1153,1404 1144,1394 1139,1393"/>
                <Baseline points="1137,1431 1147,1433"/>
                <TextEquiv>
                    <Unicode>1.</Unicode>
                </TextEquiv>
            </TextLine>
            <TextEquiv>
                <Unicode>1
1.</Unicode>
            </TextEquiv>
        </TextRegion>
    </Page>
</PcGts>
