1136 2955
1011 31 1088 99 100.
30 86 1062 273 Alß ihm nun hieruff die herren exammatoren
34 148 1084 327 vorgehalten, ingh und oberen werd iit disem
29 223 1091 407 seinem versprechen, eben so nie ii alß zuuor glauben
21 297 1067 495 zusetzen, sonders irem amptsman zu Thuen
26 357 1082 546 hierumbzuschreiben, vnd beuelchen, daß er seinet
41 429 1059 601 halben vrneren bericht vnnemen, vnd Ir G
27 485 1045 656 deßen berichten solle, ist er deßwegen auch zu
31 555 1072 750 feiden gewesen, vnd hiemit selbsten begerth, das
48 694 330 805 solches beschecht
49 717 1012 885 dißer ist uff ein gute censur hin, in sein heymath
58 814 864 945 Vnd zur Arbeith gewißen worden.
62 862 593 994 Den 8. octobris ao 1640.
46 1155 989 1297 Nidhel Sagolt, sonst genampt Rueder
75 1214 967 1342 würtig von winns, aber dißmahlen zu
71 1274 989 1409 Biellighoffen geseßen. Adelheit gägz von
63 1340 997 1455 Erlach Baschi Schwytzers see wittwenn.
50 1403 792 1518 Cathrina Schwytzer zr tochter
68 1493 1029 1615 Caspar Sigfeidt von Hoffingen, ein alter
81 1555 1083 1683 krumpgehender Vmbschweiffender Schulmeister.
55 1715 1064 1842 Aari Hannß Riß von Borißried, vor
69 1796 1082 1899 etwas zeits umb seines beßeren nützens wegen,
75 1857 1073 1977 Hannßen Studer dem fläschenmacher einen 400
77 1917 1069 2035 tbigen Gultbrieff übergeben, mit weuelch das
85 1983 1035 2098 er denselben verkhauffen, Vnd Ime dann das
66 2048 1033 2181 daruß erlöste galdt zu seinen handen stellen solle,
78 2139 1044 2224 welchen es auch zu seinen handen genommen, wie
82 2185 1061 2296 nun derselb vff ein Zeit alhie vff einer ehrenden
76 2255 1077 2364 gesellschafft zum fimmerleüthen einen truncken ge¬
93 2313 1091 2421 than, hat er Vnder deßen ermelten Imme vber¬
90 2372 1001 2509 gebnen gultbrieff, mit Vnd neben anderen
89 2439 1090 2560 seinen briefflichen sachen, uß dem Hosensackh gezogen,
75 2517 1103 2631 Vnd also durch diß mittel denselben verlohren,
75 2580 1105 2692 Wie er nun deßen gewahr worden, habe es solches
82 2644 1100 2756 angentz alhie in der großen kirchenpubliciere
80 2708 1064 2817 laßen, Vnangesechen nun deßen, hat er
74 2765 1071 2895 doch nit mehr darzu gelangen mögenen
