1152 3036
1028 54 1119 106 38
21 99 1124 219 und hernach von dem einen hinwegg zu dem anderenn.
31 126 1125 250 vom selbigenn widerumb zu dem vorigen verlaßnen gang.
27 157 1102 303 und dergleichen schantliche sachenn angefangen, 2 stunkt
37 196 1130 340 lang an das halßäsenn gestelt, hernach mit enten ußtgesprichen
36 238 1110 384 und mit dem eydt von jr 9 statt und landt verwisen
24 303 645 443 worden den 23. janarii 1640.
17 831 1101 933 Nach dem vor etwas abgeloffner tagenn, dem amman zu Ober
31 882 1081 989 hüningenn nachts sein soeiches auffgebrochenn und viler
29 943 1074 1038 bey sachenn darauß entragenn wordenn, Hat er den thäte
29 997 1078 1076 von so fleisig nachgeferschet, das er sy entlichen zu Niderwiche
3 1046 1073 1157 Inn einem gwüsten hus, da sy die nacht herberg genommen hat
18 1093 1058 1185 erfragt, dahin er sich dann angentz begebenn und mit hilff
15 1146 1098 1235 deß beamptetenn deßorts und anderer hierzu berüffter nach
19 1192 1060 1281 paren, die jenigen umbschweiffenden bösen buben ersucht und
23 1249 1053 1318 weil er nun der mehere theil seiner sachen hinder znen funden
27 1307 1076 1364 und widerumb zu seinen handen gebracht. Sindt volgents dise
19 1354 1043 1434 häter als zugleich alle andere verdächtige psonen, so dorten
20 1398 1083 1475 sysamen gewesenn, gfengeklich angenommen und alhar gefürt
287 1459 1062 1543 derwegenn dann myn gh. vnd Oberen
20 1471 185 1531 wordenn.
19 1517 1037 1596 die vordnung gethan, das sy deßwegenig nothwendig wys
26 1564 1086 1657 söllen examiniert und befragt werden. Das ist nun volgent
27 1613 1039 1711 Den 4. 5. und 6. dißmonats Hornungs, In disem anganden
27 1662 1042 1748 1640 jur beschechenn und haben also inn bysyn der
28 1706 1060 1817 heremeesten . Herren Hanß Rudolff Landos deß kiemen
27 1750 1054 1838 aberander von wierts deßt großen rahts und hr gründt
23 1794 1055 1901 von Burens Großweibels, sampt anderen nictt dieneren
19 1847 1029 1966 derweiblen meher mit und ohne marter bekent und prach
17 1894 206 1965 wie volget
321 1926 544 2007 Urs Egger
8 1947 1040 2089 erstlichen urs Egger von Deitingen der hienachgemelten
24 2025 1027 2132 Luria Pffolter sohn ein kindt von 10 oder 21 juren ob
4 2073 1032 2184 wol man vil von imme erfaren wollen, wie sich dise syn
21 2120 1043 2244 mutter und seine anderen bruder verhalten, hat man doch von
5 2157 1035 2272 imme nützit usbringen mögen, damit er aber nit wie
16 2220 1039 2344 seine brüder so gar im müßiggang uferzogen werde, sol
17 2269 1051 2390 er inn dem shallenwurch arbeiten und gleichwol seiner zu-
12 2308 752 2442 gent vschent werden, Act 8. feb 1640.
151 2427 918 2591 Nichaus Hüller von Attis¬
167 2493 850 2614 Wyl deß obgemelten ers Eygers bruder
315 2574 568 2637 muter halb.
12 2581 1008 2794 s sye nit weniger dan nachtemer mit dem hirnachgee
20 2652 971 2843 meltem Michel Wälli zwüschen Hütlingen unndt
18 2718 967 2922 Mnsingen einen gwüsßen man den sy nit kennen
