1217 3081
218 213 1186 415 welcher doch wegen der sprach uund kleidung un
217 276 1187 458 landen daheimen sein müsse, angetroffen, habe sy des
213 340 1183 530 selb angentz angesprochen, das sy mit ime nach jüngen
205 400 1190 594 gangund, er wüsse dört ein orth uß welchem wol ih
196 467 1181 646 gebringen sye, also habendt sy sich von imme leidr über
209 543 1179 688 reden lassen und syrndt mit ime dahin gangen, wie
202 597 1190 765 y nun ein zimblichen theil in der nacht dorten ankanen
207 670 1176 831 habe er sy beidt angwüsse orth zur hut undt
191 742 1183 900 wacht gestelt und sye er darüber in die hoffethingen
197 821 1187 966 gestigen, den speicser vffgethan vnd nachmolgende
216 922 1185 1056 sachenn darußgenommen, welche er hernach zu gnen
213 973 1168 1105 gebracht, all� namlichen 2 keinbachen 4 hamen,
204 1031 1172 1158 schweiig fleisch, etliche eel hußthuch, drey weiber
213 1105 1185 1237 vogk i schwartzenmantel, d welches
208 1166 1179 1315 sy mit einanderen getheilt und syen also ime und
205 1240 1181 1380 dem hienachgemelten Michel Welti seinem gspangen
203 1320 1185 1428 dar zu theil worden 2. wyberröck unndt
201 1388 1190 1486 3. Hommen, so sy nach Niderwichtrach in Ullrich Agger
209 1457 1200 1553 ters des amans sons huß, da sy nin lauß müllers
213 1512 1197 1627 frauw inen gewartet, gangen und doch grad daruf
209 1595 1219 1721 dörten ergriffen und gfenstlich alhar gfürt worden
215 1676 1205 1805 er sye zwarschon vor disem umb seines umbschwechen
224 1764 1177 1859 lebens willen eine zeit lang alhie im Schallen
220 1828 1195 1941 werk gwäsenn und nach seiner ußtgestandnen zet
209 1874 1167 2012 ledig glaßßen und doch hernach widrum gfenktlich
218 1951 1199 2078 alhar gfürth unnd uff verhoffende besserung hi
210 2017 1179 2146 abermahlen ledig glassen worden, welches
212 2094 1189 2217 er ime aber leider nit dergstalten zur war
218 2151 1177 2277 nungdienen lassen, dan das er sithero neben
203 2231 1130 2361 dem obanzognen diebstal, so er zu hünigen
206 2300 1167 2426 verbringen helffen zuuor noch im amenthal
208 2354 1164 2486 mit hilff deß nachgemelten mühel Wältist
207 2422 1168 2572 uff einem Hooff-ji leiben brodt undt etliche
212 2487 976 2629 Würst ab der Häli nemmen helffen.
193 2563 1160 2758 zu Langnamw im dorff habendt sy beid us
178 2645 1178 2818 einem käler-n leiben broth 2 ballen anselen
201 2707 738 2831 genommen vnnd genossenn,
151 2798 1145 2975 an einem andren arth seyendt sy heiters tags
217 2860 1118 3032 in einen Keller so offen gstanden, gangenn,
