1208 3146
51 148 1015 327 Vnnd Ehebruch, dergstalten Vertliesf, da sy
70 200 1064 373 erstlichenn bbey Jacob Breith von Matziyl
76 287 1073 449 en unehlich klindt erzeüget, hernachem anderß
63 383 1077 510 bey gilgen Resenn dem weybell von Matiwyl
65 461 1061 576 welicher ihra daßelbige niemahlen abnemen
406 529 512 573 dar
65 520 1049 646 wollen, sonderst (ya mit gnit gwalt von dem
59 578 987 705 hußgestaßenn, also das sy daßelbige mit
62 673 1062 777 ihro im bettell unkher kirchen müeßenn,
57 728 1068 834 und habe doch weder der eine nochandere umb
60 797 753 901 den fhaler niemahlen abgebüegt.
41 921 1030 1050 Dienach sye sy zu einem, so Heini Witchi oder
61 993 1026 1116 fuhini gleißen khommen, der habe ihra schwar
65 1054 1052 1175 die ehe versprochenn, sy geschwengeret, aber doch
58 1119 1017 1239 nemahlen zkhirchen gehüert, sonders sye
56 1196 997 1303 Inhwüschen zu Fryburg grichtet worden.
47 1253 1025 1367 deßwegen man ihro vrd Schwartzenburg den
50 1312 769 1429 Eidt ud der Herschafft gegebenn.
95 1387 161 1482 8
52 1437 1084 1567 Nachdisem habe ihra der vorgemelte Bartli
50 1528 1091 1630 sischer die Ehe verheißenn sy auch albereith daruf
58 1576 967 1703 Den 16. höürmonat schmen 1639 jahrs
52 1651 1037 1786 zu Beitenried zkhirchen gfhüert mit dem sy
56 1733 998 1850 sithero umbgezogenn, habe auch von ihme
57 1783 629 1916 ein khindt in der wieglenn
42 1890 1089 2032 Das aber ihr man vil gstolen habe khame
39 1959 1028 2115 sy nit wis ernn, anderst dan das er mit hilf
33 2030 981 2163 Linßi so sich korentz nambse, welicher mit
45 2103 1010 2255 imer dienen umbher zieche und dan eineß
50 2154 1016 2318 anderen so auch Barthli heiße und pithosenn
35 2205 1005 2403 antrage, die habert uff dem bengenberg
43 2281 1009 2466 anert der seenßen ein chaaff genommen.
38 2339 999 2521 und an einem orth, so man kaßenlach heiße.
43 2404 1047 2579 gmetzget und genoßenn, von welichem sy glych-
34 2462 1054 2654 shalß alß zugleich bendicht schick Burlauß
42 2537 896 2699 eyburg Huse Hnßman, meßen helffen.
30 2612 1067 2794 Sonsten habe ihr man auch uff dem Lrngenberg
44 2683 1044 2844 im grüenen rach mit einer blegen gnommen und
23 2708 1012 2933 Nigli Fryburghußes frouwen, vrschauffft,
1068 27 1124 89 69
