1127 3080
1002 45 1085 116 84
829 40 952 129 und
43 130 969 315 etwz derglychen vergraben haben, habe
32 187 1023 402 also darin bewilliget, welches sy
38 256 1043 486 die gfangne dan, jm hinunder gehen, jhrem
28 335 1057 539 man angedeütet, der sye strackts widerumb
31 417 999 607 mit jhnen beiden wyberen hinuff in die
35 493 1065 670 stuben gangen, die hussthüren hinder ihnen
34 585 1030 772 zuogeschlossen und durch mittell synes ge¬
40 645 1036 801 prängs und zuosprechens, kleider und gelt
37 714 1031 869 von diser wynschenckin ussgebracht und
23 782 981 965 obglychwol sy die gefangne, nit gern
33 879 986 1012 gesechen, das ir man so vil gelt vonn
36 951 1075 1103 jhra fordere und nemme, wie sy in darumb
26 1026 1032 1161 dan heimlich beschulten, so hab sy doch
29 1107 982 1228 darzuo stillschwygen und eben auch helffen
268 1174 1266 1303 müessen nach verrichtung disers allesin
37 1253 973 1377 syendt sy widrumb hinab vor das huss
42 1337 999 1450 zuo jhren gefherten, weliche jhnen ge¬
34 1390 987 1500 wartet und von diser jhrer histori
44 1470 1006 1579 nützit gewüst und so fort an, mit den¬
35 1532 1044 1649 selbigen widrumb nach Steffissburg gangen,
40 1619 1037 1728 morndrigen tags am montag früe, syend
29 1695 1037 1798 habe sy widrumb mit jhrem ehman
49 1763 943 1885 hinein nach Thun zuo diser fr. müessen,
51 1858 991 1957 deren habe er, wz er desswegen in der
32 1921 1049 2032 vergangnen nacht, lyden und ussstahn müessen
45 1979 1050 2101 wyttlöüffig erzelt und also noch mehr
53 2045 1017 2175 gelt und 1 guot stuck speck von jhra uss
50 2132 1010 2240 gebracht, bey welchen ers mit verbleiben
50 2191 984 2303 lassen, sonders habe morndrigen tags am
54 2273 1031 2371 Zinstag, einen von denen mannen so zuo
44 2321 1094 2434 Brientz zuo jhnen khommen, Christian Kählein
71 2437 1079 2558 gut mitgenommen und syen widrumb nach
58 2454 1019 2562 Thun gangen, habe abermahl so vil zuo
709 2510 809 2569 noch¬
58 2530 1059 2628 wegen gebracht, das sy jm aber mahlen noch
59 2598 1013 2715 mehr gelt und 1 par schuoch gegeben,
50 2665 1016 2775 mit welichem sy alssbald widerumb zuo
63 2723 1063 2844 jhnen khommen und syen also mit einanderen
49 2801 1031 2898 samptlich denselben abend noch biss gahn
53 2846 1014 2970 Wichtrach gezogen, alwo sy jren man
718 2946 935 3033 jrem man
