1192 3155
1042 36 1119 88 74
57 54 1141 222 vib Zna Kurßnew von Nenighoffen, ange¬
60 119 1065 301 tesen, deren habe er die ehe versprochen.
52 180 1097 359 und sey volgendts mit jra uff den gurzach
53 237 1087 415 murk gezogen und dorten einen gemeine
55 313 1115 505 sem gekaufft, Welchen er zeeulch vmbern
52 398 650 576 eerig bem slucht.
56 487 1107 628 Mit zilff Niclaus Müllers, habe er zu Eimbach
62 564 1079 704 nachts einen spycher öffnen, 2 Rörch by
53 608 1041 747 Den 20. eln cennrath und seien pfundt
46 676 1111 805 Wirch nemmen helffen, daß habendt sy gleich
66 727 1087 852 iderthalb im holtz, angentz miteinanderen
57 797 1103 928 gtheilt, 1 rockh und das warck, habe er zu
48 869 1108 981 pach umb 1 l und 20 bz verkaufft, uß dem
62 935 1058 1042 hum tuch aber, habe er laßen helfheidin
57 1028 188 1099 machen.
34 1065 1093 1190 in der haberarnd, habe er Kielaus Müller
47 1128 1106 1244 und noch ein anderer junger gfelln, so häußlin
47 1189 1104 1302 biße einem puhrer zu Uffligen in der stull
47 1244 1060 1362 einen trag uffgebrachen, darnac sy 20 f
42 1297 1083 1427 In müntz genommen, woruan seyen ime 6 t
51 1394 176 1469 worden.
25 1462 1024 1587 zu Ingehendem Nertzen, habint er Nielauß
41 1552 1088 1640 Müller, vnd nach ein anderen, dem Aman
35 1600 1076 1710 zu oberhungen nachts uß einem spycher
31 1669 1083 1772 darin sy gebrachen, vihlerley sachen genomen,
40 1723 1089 1834 sy seyen aber gleich daruff zu Wychtrach er
32 1791 1089 1898 geiffen, Innen das gestollns gug widumb abge¬
32 1852 1073 1963 nagt, sy darüber gfencklich alhar geführt und
30 1921 903 2033 In sih schallen werck geschmitt worden,
29 1999 1083 2118 alß er nun in etwas zeits darnach ledig glaß
31 2064 1085 2184 worden, seye er gtracks uff solothuen zugangen
25 2107 1022 2229 daselbsten habs er sein Er: vnd dero Mulder
26 2180 1066 2298 angetroffen, welche ime galdt geben, das er
25 2242 1068 2345 die hosen so er jetz antrage, habe machen laß
32 2280 1084 2410 konen, In etws tagen darnach seye der vill¬
26 2354 1076 2484 gedachte Ailaußmüller uß dem spallen
27 2415 1079 2558 werch entrunen, und zn innen nach Solothur
19 2490 1049 2597 kömmen, mit welchem samt seiner frauwen
30 2539 1038 2667 mit schwostes Manna seye er wälti und sein
18 2588 1039 2765 frauw ob sich gegen hindelbanckh gezogen, alß
28 2648 1032 2812 s nun by aßach angelangt, sabent sy ire
25 2712 1076 2889 beide wyber ußerthalb wanten heißen, sy beide
11 2765 1045 2978 aber sampt Niclaus Müllers schwöster, seyend
