<?xml version="1.0" encoding="UTF-8" standalone="yes"?>
<PcGts xmlns="http://schema.primaresearch.org/PAGE/gts/pagecontent/2013-07-15" xmlns:xsi="http://www.w3.org/2001/XMLSchema-instance" xsi:schemaLocation="http://schema.primaresearch.org/PAGE/gts/pagecontent/2013-07-15 http://schema.primaresearch.org/PAGE/gts/pagecontent/2013-07-15/pagecontent.xsd">
    <Metadata>
        <Creator>prov=University of Rostock/Institute of Mathematics/CITlab|PLANET AI GmbH/Gundram Leifert/gundram.leifert@planet-ai.de:name=German_Kurrent_XVI-XVIII_M1(htr_id=19584)::::v=2.6.7
prov=University of Rostock/Institute of Mathematics/CITlab|PLANET AI GmbH/Tobias Gruening/tobias.gruening@planet-ai.de:name=de.uros.citlab.module.baseline2polygon.B2PSeamMultiOriented:v=2.6.7
prov=University of Rostock/Institute of Mathematics/CITlab|PLANET AI GmbH/Tobias Gruening/tobias.gruening@planet-ai.de:name=/net_tf/LA73_249_0mod360.pb:de.uros.citlab.segmentation.CITlab_LA_ML:v=2.6.7
Transkribus</Creator>
        <Created>2020-10-05T21:58:26.212+02:00</Created>
        <LastChange>2022-09-09T15:47:39.285+02:00</LastChange>
        <TranskribusMetadata docId="1334821" pageId="52360694" pageNr="143" tsid="114642461" status="IN_PROGRESS" userId="9570" imgUrl="https://files.transkribus.eu/Get?id=ZZZGQSLRWJHSTABHHMASSNVF&amp;fileType=view" xmlUrl="https://files.transkribus.eu/Get?id=ANEWFVGKAQTBUDXCJDYUTJZW" imageId="16091880"/>
    </Metadata>
    <Page imageFilename="IMG_9156.jpg" imageWidth="1168" imageHeight="3062">
        <ReadingOrder>
            <OrderedGroup id="ro_1687513770512" caption="Regions reading order">
                <RegionRefIndexed index="0" regionRef="r1"/>
                <RegionRefIndexed index="1" regionRef="r2"/>
            </OrderedGroup>
        </ReadingOrder>
        <TextRegion orientation="0.0" id="r1" custom="readingOrder {index:0;}">
            <Coords points="10,84 10,2996 1137,2996 1137,84"/>
            <TextLine id="r1l1" custom="readingOrder {index:0;}">
                <Coords points="57,153 85,146 97,155 110,144 141,153 178,128 172,50 163,54 139,45 128,50 106,46 94,57 74,55 51,67"/>
                <Baseline points="62,126 89,120 116,117 143,116 171,117"/>
                <TextEquiv>
                    <Unicode>440</Unicode>
                </TextEquiv>
            </TextLine>
            <TextLine id="r1l2" custom="readingOrder {index:1;}">
                <Coords points="184,150 376,137 480,196 562,152 680,210 768,167 1104,241 1092,174 1021,193 845,78 749,131 689,94 619,116 547,69 486,106 295,107 196,47"/>
                <Baseline points="194,121 239,124 284,127 329,130 374,134 420,137 465,140 510,144 555,148 600,152 646,156 691,161 736,166 781,172 826,179 872,186 917,194 962,203 1007,212 1052,222 1098,234"/>
                <TextEquiv>
                    <Unicode>In einem dorff in hochen Geichten, mit</Unicode>
                </TextEquiv>
            </TextLine>
            <TextLine id="r1l3" custom="readingOrder {index:2;}">
                <Coords points="167,219 678,217 784,279 830,244 925,305 973,278 1039,318 1143,317 1152,224 1058,254 997,212 777,209 731,174 618,203 558,156 480,196 172,165"/>
                <Baseline points="175,205 223,208 271,210 319,212 367,214 415,215 463,216 511,218 559,219 607,221 656,224 704,227 752,231 800,236 848,242 896,250 944,258 992,268 1040,279 1088,293 1137,309"/>
                <TextEquiv>
                    <Unicode>seyner dernen und seinen schlüßlen Rt</Unicode>
                </TextEquiv>
            </TextLine>
            <TextLine id="r1l4" custom="readingOrder {index:3;}">
                <Coords points="179,300 442,284 585,331 689,298 891,342 963,321 1050,397 1136,376 1140,317 927,305 832,244 771,283 347,211 183,249"/>
                <Baseline points="188,275 235,278 282,281 329,283 376,284 423,286 470,287 517,289 564,290 611,292 659,294 706,297 753,300 800,304 847,310 894,316 941,322 988,331 1035,341 1082,352 1130,366"/>
                <TextEquiv>
                    <Unicode>ein Käller brochen, daruß ein wenig bu</Unicode>
                </TextEquiv>
            </TextLine>
            <TextLine id="r1l5" custom="readingOrder {index:4;}">
                <Coords points="177,368 260,399 358,360 421,387 807,373 914,436 1018,404 1066,454 1128,440 1132,378 1064,395 989,337 929,362 745,346 695,300 586,339 540,300 481,335 342,337 182,289"/>
                <Baseline points="184,347 233,351 282,353 332,355 381,357 431,358 480,359 529,361 579,362 628,363 678,365 727,368 777,371 826,375 875,380 925,386 974,393 1024,403 1073,413 1123,426"/>
                <TextEquiv>
                    <Unicode>von genomen, den mit einanderen verbracht</Unicode>
                </TextEquiv>
            </TextLine>
            <TextLine id="r1l6" custom="readingOrder {index:5;}">
                <Coords points="76,441 253,489 317,440 442,486 527,458 616,512 746,464 1127,516 1129,459 1011,403 943,445 851,408 758,444 713,404 559,437 417,381 362,418 318,386 268,410 195,364 78,401"/>
                <Baseline points="83,436 134,440 186,442 238,444 290,446 342,447 394,448 446,449 498,450 550,451 602,452 653,454 705,456 757,458 809,461 861,465 913,470 965,476 1017,482 1069,490 1121,500"/>
                <TextEquiv>
                    <Unicode>45. nicht wyth hieruon, habe das meitli uß</Unicode>
                </TextEquiv>
            </TextLine>
            <TextLine id="r1l7" custom="readingOrder {index:6;}">
                <Coords points="180,533 538,517 752,596 837,544 900,591 1048,559 1125,592 1138,522 1072,541 1009,480 913,503 733,468 537,500 398,453 286,492 183,481"/>
                <Baseline points="188,507 235,509 282,511 329,513 376,515 423,516 470,517 517,519 564,520 611,522 658,524 705,526 752,528 799,531 846,535 893,539 940,543 987,548 1034,555 1081,561 1129,569"/>
                <TextEquiv>
                    <Unicode>einem Käller 2 brath gstallen und mit</Unicode>
                </TextEquiv>
            </TextLine>
            <TextLine id="r1l8" custom="readingOrder {index:7;}">
                <Coords points="182,611 227,586 272,599 310,634 358,596 378,608 391,595 427,603 493,586 533,592 534,540 496,547 463,526 401,539 376,524 316,562 227,553 183,529"/>
                <Baseline points="190,581 215,582 241,583 267,584 293,584 319,585 345,585 371,585 397,585 423,585 449,585 475,585 501,585 527,586"/>
                <TextEquiv>
                    <Unicode>ime getheilt.</Unicode>
                </TextEquiv>
            </TextLine>
            <TextLine id="r1l9" custom="readingOrder {index:8;}">
                <Coords points="60,686 87,686 105,672 130,671 136,665 145,672 161,667 155,583 131,584 119,593 108,591 100,597 89,592 75,595 68,590 53,591"/>
                <Baseline points="66,671 95,668 125,665 155,665"/>
                <TextEquiv>
                    <Unicode>26.</Unicode>
                </TextEquiv>
            </TextLine>
            <TextLine id="r1l10" custom="readingOrder {index:9;}">
                <Coords points="195,678 571,679 717,735 799,688 960,724 1019,693 1140,739 1134,609 1023,660 876,613 736,660 564,615 373,666 198,588"/>
                <Baseline points="202,672 248,674 295,676 341,677 388,678 435,679 481,679 528,679 574,680 621,680 668,681 714,682 761,683 807,684 854,687 901,690 947,694 994,698 1040,704 1087,710 1134,717"/>
                <TextEquiv>
                    <Unicode>Undera aberist im sol gebieth, seye ar</Unicode>
                </TextEquiv>
            </TextLine>
            <TextLine id="r1l11" custom="readingOrder {index:10;}">
                <Coords points="196,800 288,738 708,751 773,800 825,764 906,797 958,762 1133,778 1044,716 936,699 776,700 721,736 574,679 199,704"/>
                <Baseline points="204,742 250,744 296,745 342,746 388,746 434,747 480,747 526,747 572,748 618,748 665,749 711,750 757,750 803,752 849,753 895,756 941,760 987,763 1033,767 1079,772 1126,778"/>
                <TextEquiv>
                    <Unicode>daß meitli mit den faltschet schlüßlen n</Unicode>
                </TextEquiv>
            </TextLine>
            <TextLine id="r1l12" custom="readingOrder {index:11;}">
                <Coords points="168,839 442,819 531,869 680,815 780,888 851,835 1131,891 1133,792 1076,806 1036,774 980,814 828,764 774,799 663,770 485,796 417,752 169,798"/>
                <Baseline points="175,816 222,817 270,817 317,818 365,818 412,817 460,817 507,817 555,816 602,816 650,817 697,817 745,818 792,819 840,820 887,823 935,826 982,829 1030,835 1077,840 1125,846"/>
                <TextEquiv>
                    <Unicode>ein Källerbrochen, daruß 7. w. Vnshle</Unicode>
                </TextEquiv>
            </TextLine>
            <TextLine id="r1l13" custom="readingOrder {index:12;}">
                <Coords points="171,923 234,890 310,891 357,921 446,894 497,937 587,938 659,888 744,907 744,846 691,829 590,833 536,868 446,822 364,865 172,846"/>
                <Baseline points="179,886 206,885 234,885 262,884 290,884 318,884 346,884 374,884 402,884 430,884 458,884 485,885 513,885 541,885 569,886 597,887 625,887 653,889 681,889 709,890 737,891"/>
                <TextEquiv>
                    <Unicode>genomen, vnd getheilt.</Unicode>
                </TextEquiv>
            </TextLine>
            <TextLine id="r1l14" custom="readingOrder {index:13;}">
                <Coords points="55,1007 161,1042 231,986 733,975 1004,1035 1129,1020 1131,900 911,948 695,922 577,959 266,961 196,915 56,946"/>
                <Baseline points="62,989 115,987 168,986 221,985 274,984 327,982 380,981 433,980 486,980 539,979 592,979 645,980 698,981 751,982 804,984 857,987 910,990 963,994 1016,999 1069,1005 1123,1012"/>
                <TextEquiv>
                    <Unicode>47. In einem anderen orte Solob: gebieth, mit</Unicode>
                </TextEquiv>
            </TextLine>
            <TextLine id="r1l15" custom="readingOrder {index:14;}">
                <Coords points="135,1085 215,1061 268,1094 433,1042 496,1092 819,1051 904,1093 1062,1067 1100,1105 1131,1096 1132,1017 999,1035 864,1000 820,1026 707,981 662,1005 399,978 345,1022 229,1002 136,1038"/>
                <Baseline points="142,1059 191,1056 240,1054 289,1052 338,1050 387,1049 436,1048 486,1047 535,1046 584,1046 633,1046 682,1047 731,1047 780,1049 830,1050 879,1052 928,1055 977,1058 1026,1062 1075,1066 1125,1071"/>
                <TextEquiv>
                    <Unicode>gleicher Gsollschafft vnd den falschen Schlaß</Unicode>
                </TextEquiv>
            </TextLine>
            <TextLine id="r1l16" custom="readingOrder {index:15;}">
                <Coords points="169,1139 590,1114 657,1156 869,1117 963,1122 1025,1174 1076,1130 1126,1140 1126,1094 1063,1067 932,1102 848,1069 497,1091 453,1055 405,1101 249,1101 212,1063 169,1094"/>
                <Baseline points="175,1120 222,1120 269,1120 316,1119 363,1119 411,1118 458,1118 505,1117 552,1117 599,1116 647,1116 694,1116 741,1117 788,1117 835,1118 883,1119 930,1120 977,1122 1024,1124 1071,1127 1119,1130"/>
                <TextEquiv>
                    <Unicode>len in ein Käller brachen, darum Sy abe</Unicode>
                </TextEquiv>
            </TextLine>
            <TextLine id="r1l17" custom="readingOrder {index:16;}">
                <Coords points="161,1226 201,1240 296,1188 701,1212 752,1183 1130,1230 1114,1136 1031,1174 958,1147 899,1169 840,1128 704,1129 639,1168 545,1166 498,1124 448,1167 298,1129 208,1165 161,1147"/>
                <Baseline points="167,1186 214,1187 262,1187 310,1187 358,1187 406,1187 453,1187 501,1187 549,1186 597,1186 645,1186 692,1186 740,1186 788,1186 836,1187 884,1187 931,1188 979,1190 1027,1191 1075,1194 1123,1196"/>
                <TextEquiv>
                    <Unicode>nichts dann etwas broths und ein wenig zu</Unicode>
                </TextEquiv>
            </TextLine>
            <TextLine id="r1l18" custom="readingOrder {index:17;}">
                <Coords points="158,1284 285,1266 319,1286 345,1260 419,1300 488,1263 559,1308 658,1264 721,1305 823,1267 822,1228 719,1234 672,1192 629,1234 530,1228 487,1194 380,1229 353,1207 317,1233 258,1216 219,1245 157,1223"/>
                <Baseline points="164,1264 196,1263 229,1262 261,1261 294,1260 327,1260 359,1259 392,1258 424,1257 457,1257 490,1256 522,1256 555,1255 587,1255 620,1255 653,1254 685,1254 718,1254 750,1255 783,1255 816,1255"/>
                <TextEquiv>
                    <Unicode>funden und zinreg getragen,</Unicode>
                </TextEquiv>
            </TextLine>
            <TextLine id="r1l19" custom="readingOrder {index:18;}">
                <Coords points="48,1380 242,1397 304,1361 765,1341 868,1398 967,1364 1043,1397 1111,1359 1110,1278 920,1307 827,1260 719,1327 532,1307 486,1334 184,1279 47,1319"/>
                <Baseline points="54,1362 106,1361 159,1359 211,1357 264,1355 316,1354 369,1352 421,1351 474,1350 526,1348 579,1347 631,1347 684,1346 736,1346 789,1345 841,1346 894,1346 946,1347 999,1348 1051,1349 1104,1351"/>
                <TextEquiv>
                    <Unicode>48 Nicht vern von dannen, in Gsellschafft Syn</Unicode>
                </TextEquiv>
            </TextLine>
            <TextLine id="r1l20" custom="readingOrder {index:19;}">
                <Coords points="187,1426 467,1449 522,1417 681,1419 733,1453 814,1412 1110,1417 1109,1368 1043,1398 981,1365 891,1392 791,1357 538,1349 303,1399 187,1370"/>
                <Baseline points="194,1419 239,1418 284,1417 330,1416 375,1416 421,1415 466,1414 512,1414 557,1413 603,1413 648,1412 693,1412 739,1412 784,1412 830,1412 875,1412 921,1412 966,1412 1012,1412 1057,1413 1103,1413"/>
                <TextEquiv>
                    <Unicode>Arnen, des Meitlins, vnd seiner mutter s</Unicode>
                </TextEquiv>
            </TextLine>
            <TextLine id="r1l21" custom="readingOrder {index:20;}">
                <Coords points="163,1493 266,1487 338,1532 402,1489 462,1532 545,1489 689,1484 1087,1517 1103,1420 986,1419 949,1454 885,1414 734,1453 679,1420 464,1464 367,1425 284,1462 163,1452"/>
                <Baseline points="170,1485 216,1484 262,1483 308,1482 355,1481 401,1480 447,1480 494,1480 540,1479 586,1479 633,1479 679,1479 725,1479 771,1479 818,1480 864,1480 910,1480 957,1481 1003,1481 1049,1481 1096,1482"/>
                <TextEquiv>
                    <Unicode>einem huß einsalben leib bradt entzueht</Unicode>
                </TextEquiv>
            </TextLine>
            <TextLine id="r1l22" custom="readingOrder {index:21;}">
                <Coords points="50,1626 164,1583 248,1617 464,1589 507,1623 738,1580 1083,1592 1108,1518 961,1538 902,1503 817,1543 687,1510 618,1555 411,1511 163,1555 50,1522"/>
                <Baseline points="57,1579 109,1578 161,1577 213,1576 266,1575 318,1574 370,1574 422,1574 475,1574 527,1574 579,1574 631,1574 684,1574 736,1574 788,1574 840,1574 893,1574 945,1574 997,1574 1049,1574 1102,1573"/>
                <TextEquiv>
                    <Unicode>29 Midthalb Lieracheren seye er mit dem Meitl</Unicode>
                </TextEquiv>
            </TextLine>
            <TextLine id="r1l23" custom="readingOrder {index:22;}">
                <Coords points="158,1660 599,1689 691,1640 771,1690 818,1650 952,1640 1110,1676 1109,1578 1011,1604 800,1580 638,1625 158,1617"/>
                <Baseline points="164,1645 213,1644 262,1643 312,1642 361,1642 411,1641 460,1641 509,1640 559,1640 608,1640 658,1640 707,1640 757,1640 806,1639 855,1639 905,1639 954,1639 1004,1638 1053,1638 1103,1637"/>
                <TextEquiv>
                    <Unicode>in eingaden gangen, daruß etwas sons</Unicode>
                </TextEquiv>
            </TextLine>
            <TextLine id="r1l24" custom="readingOrder {index:23;}">
                <Coords points="145,1750 167,1750 181,1759 228,1712 241,1718 252,1711 267,1712 281,1725 296,1724 316,1744 328,1743 336,1735 353,1735 353,1696 314,1685 288,1687 281,1680 274,1685 258,1675 209,1687 181,1671 144,1677"/>
                <Baseline points="151,1710 178,1709 206,1708 234,1707 262,1707 290,1707 318,1708 346,1709"/>
                <TextEquiv>
                    <Unicode>genomen</Unicode>
                </TextEquiv>
            </TextLine>
            <TextLine id="r1l25" custom="readingOrder {index:24;} place {offset:6; length:9;}">
                <Coords points="46,1803 156,1831 205,1783 707,1779 1104,1823 1104,1722 1024,1706 928,1744 882,1703 802,1759 691,1763 339,1753 253,1710 178,1762 46,1746"/>
                <Baseline points="53,1784 105,1783 157,1783 209,1782 261,1782 314,1782 366,1782 418,1782 470,1782 522,1782 575,1782 627,1782 679,1782 731,1782 783,1782 836,1782 888,1781 940,1781 992,1780 1044,1778 1097,1777"/>
                <TextEquiv>
                    <Unicode>50 zu Burgdorff an einem marit2 sagist</Unicode>
                </TextEquiv>
            </TextLine>
            <TextLine id="r1l26" custom="readingOrder {index:25;}">
                <Coords points="124,1852 425,1883 470,1840 669,1870 720,1839 901,1889 947,1848 1074,1844 1074,1814 704,1785 551,1825 507,1784 434,1806 226,1782 123,1831"/>
                <Baseline points="130,1849 176,1847 223,1846 270,1845 317,1844 364,1844 411,1843 458,1843 505,1843 552,1843 599,1843 645,1842 692,1842 739,1842 786,1841 833,1841 880,1840 927,1839 974,1837 1021,1836 1068,1834"/>
                <TextEquiv>
                    <Unicode>entzuekt uß der einen 7 und uß der</Unicode>
                </TextEquiv>
            </TextLine>
            <TextLine id="r1l27" custom="readingOrder {index:26;}">
                <Coords points="142,1934 720,1959 830,1924 892,1952 1027,1885 950,1848 898,1891 775,1852 652,1881 624,1853 541,1883 486,1859 415,1900 141,1874"/>
                <Baseline points="149,1924 192,1922 236,1920 279,1918 323,1917 366,1916 410,1915 453,1914 497,1913 540,1912 584,1911 628,1911 671,1910 715,1909 758,1908 802,1907 845,1906 889,1905 932,1903 976,1901 1020,1899"/>
                <TextEquiv>
                    <Unicode>anderen s btz erlöst und verbrucht.</Unicode>
                </TextEquiv>
            </TextLine>
            <TextLine id="r1l28" custom="readingOrder {index:27;}">
                <Coords points="16,2030 166,1998 498,2021 586,1990 1025,1993 1085,1978 1083,1924 939,1915 831,1969 463,1940 344,1979 199,1952 14,1984"/>
                <Baseline points="22,2012 74,2009 127,2005 180,2003 233,2001 286,1999 338,1998 391,1996 444,1995 497,1994 550,1993 602,1993 655,1991 708,1990 761,1989 814,1987 866,1985 919,1982 972,1980 1025,1976 1078,1972"/>
                <TextEquiv>
                    <Unicode>51. Alhie in der Statt an einem Marit, in</Unicode>
                </TextEquiv>
            </TextLine>
            <TextLine id="r1l29" custom="readingOrder {index:28;}">
                <Coords points="124,2083 651,2096 739,2059 894,2102 987,2041 1099,2060 1096,1963 891,2038 609,2004 428,2044 170,1999 122,2030"/>
                <Baseline points="130,2070 178,2069 226,2069 274,2068 322,2067 370,2066 418,2065 466,2064 514,2063 562,2062 611,2061 659,2060 707,2059 755,2057 803,2055 851,2053 899,2051 947,2049 995,2046 1043,2044 1092,2040"/>
                <TextEquiv>
                    <Unicode>Gsellschafft einer alten frauwen, ohne vaste</Unicode>
                </TextEquiv>
            </TextLine>
            <TextLine id="r1l30" custom="readingOrder {index:29;}">
                <Coords points="145,2178 267,2134 389,2158 937,2115 1029,2159 1088,2126 1086,2072 1007,2052 875,2103 142,2086"/>
                <Baseline points="151,2141 197,2140 244,2139 290,2138 337,2137 383,2136 430,2134 476,2133 523,2132 569,2130 616,2129 662,2127 709,2126 755,2124 802,2123 848,2121 895,2119 941,2117 988,2115 1034,2114 1081,2111"/>
                <TextEquiv>
                    <Unicode>eines knaben, vnd seines anderen Wybs</Unicode>
                </TextEquiv>
            </TextLine>
            <TextLine id="r1l31" custom="readingOrder {index:30;} place {offset:15; length:7;}">
                <Coords points="142,2228 516,2225 558,2194 638,2239 689,2195 742,2227 807,2181 1038,2210 1090,2183 1088,2127 950,2168 796,2169 732,2129 680,2158 614,2122 427,2183 342,2144 140,2178"/>
                <Baseline points="148,2205 194,2204 241,2203 288,2203 335,2202 381,2201 428,2200 475,2199 522,2198 568,2197 615,2195 662,2194 709,2192 755,2190 802,2189 849,2186 896,2184 942,2181 989,2179 1036,2175 1083,2172"/>
                <TextEquiv>
                    <Unicode>person, Namens Zoffing Elß ein kaß ge</Unicode>
                </TextEquiv>
            </TextLine>
            <TextLine id="r1l32" custom="readingOrder {index:31;}">
                <Coords points="138,2283 546,2296 890,2257 942,2291 1091,2248 1090,2222 988,2194 631,2248 554,2198 437,2249 137,2229"/>
                <Baseline points="144,2272 191,2271 238,2270 285,2269 332,2269 379,2268 426,2268 473,2267 520,2266 567,2266 614,2265 661,2264 708,2262 755,2261 802,2259 849,2257 896,2255 943,2252 990,2249 1037,2245 1084,2241"/>
                <TextEquiv>
                    <Unicode>stolen, daruon imme den vierte theylworen</Unicode>
                </TextEquiv>
            </TextLine>
            <TextLine id="r1l33" custom="readingOrder {index:32;}">
                <Coords points="119,2368 314,2391 385,2363 436,2393 668,2346 709,2380 1088,2337 1093,2237 943,2312 861,2281 584,2323 481,2279 436,2319 399,2292 271,2333 170,2277 117,2320"/>
                <Baseline points="125,2362 173,2358 221,2354 269,2352 318,2349 366,2348 414,2346 462,2345 511,2344 559,2343 607,2343 655,2342 704,2341 752,2339 800,2338 848,2335 897,2332 945,2329 993,2325 1041,2318 1090,2312"/>
                <TextEquiv>
                    <Unicode>Eben deß tagsheigl erstgemelte 3 personden</Unicode>
                </TextEquiv>
            </TextLine>
            <TextLine id="r1l34" custom="readingOrder {index:33;}">
                <Coords points="17,2371 26,2372 37,2380 51,2368 64,2369 79,2380 95,2375 105,2365 121,2359 120,2313 109,2312 100,2321 94,2316 75,2323 68,2321 63,2326 47,2320 31,2327 15,2326"/>
                <Baseline points="23,2363 53,2362 84,2362 115,2360"/>
                <TextEquiv>
                    <Unicode>52</Unicode>
                </TextEquiv>
            </TextLine>
            <TextLine id="r1l35" custom="readingOrder {index:34;}">
                <Coords points="125,2474 210,2433 268,2459 327,2415 548,2408 638,2441 668,2409 830,2423 900,2396 947,2425 1069,2383 1067,2326 937,2333 849,2382 479,2364 319,2396 233,2363 123,2397"/>
                <Baseline points="131,2426 177,2422 224,2418 270,2415 317,2413 363,2411 410,2410 456,2409 503,2408 549,2407 596,2407 643,2406 689,2405 736,2404 782,2403 829,2401 875,2398 922,2395 968,2392 1015,2387 1062,2381"/>
                <TextEquiv>
                    <Unicode>ohns ihn an des angkren waag 30 f lb.</Unicode>
                </TextEquiv>
            </TextLine>
            <TextLine id="r1l36" custom="readingOrder {index:35;}">
                <Coords points="106,2504 251,2496 298,2538 366,2493 481,2529 535,2490 817,2470 861,2503 906,2470 993,2505 1099,2445 1087,2386 945,2425 895,2396 810,2451 728,2411 662,2454 435,2425 343,2466 218,2436 179,2474 105,2467"/>
                <Baseline points="113,2495 164,2491 216,2488 267,2485 319,2483 370,2480 422,2479 473,2477 525,2476 576,2474 628,2473 679,2471 731,2469 782,2466 834,2463 885,2460 937,2456 988,2451 1040,2445 1092,2439"/>
                <TextEquiv>
                    <Unicode>angren genommen, den zu 7 trib angeschlaßen.</Unicode>
                </TextEquiv>
            </TextLine>
            <TextLine id="r1l37" custom="readingOrder {index:36;}">
                <Coords points="107,2581 411,2551 608,2592 894,2533 1077,2556 1093,2439 1016,2496 964,2464 868,2516 788,2477 731,2512 653,2483 490,2528 377,2500 296,2537 250,2496 104,2523"/>
                <Baseline points="112,2561 160,2557 209,2553 258,2551 307,2549 356,2547 405,2546 453,2545 502,2544 551,2543 600,2542 649,2541 698,2539 747,2537 795,2535 844,2532 893,2527 942,2523 991,2517 1040,2510 1089,2502"/>
                <TextEquiv>
                    <Unicode>und ime seinen 4 t theil darnon werden</Unicode>
                </TextEquiv>
            </TextLine>
            <TextLine id="r1l38" custom="readingOrder {index:37;}">
                <Coords points="108,2648 125,2644 152,2666 203,2636 241,2639 273,2621 284,2623 283,2587 256,2586 230,2565 194,2563 170,2567 161,2576 133,2568 107,2582"/>
                <Baseline points="114,2625 141,2626 168,2626 196,2624 223,2623 250,2623 278,2625"/>
                <TextEquiv>
                    <Unicode>laßen.</Unicode>
                </TextEquiv>
            </TextLine>
            <TextLine id="r1l39" custom="readingOrder {index:38;} place {offset:6; length:6;}">
                <Coords points="4,2745 242,2712 389,2736 566,2689 797,2681 847,2712 890,2674 1052,2659 1050,2624 919,2603 845,2654 410,2628 349,2684 127,2651 2,2700"/>
                <Baseline points="10,2726 61,2720 113,2715 165,2711 217,2707 268,2704 320,2701 372,2699 424,2697 475,2694 527,2693 579,2691 631,2689 682,2686 734,2684 786,2680 838,2677 889,2673 941,2669 993,2663 1045,2657"/>
                <TextEquiv>
                    <Unicode>53 zu lyßach mit hilff seiner dirnen und dem</Unicode>
                </TextEquiv>
            </TextLine>
            <TextLine id="r1l40" custom="readingOrder {index:39;} person {offset:15; length:15;}">
                <Coords points="110,2790 470,2766 577,2798 675,2755 734,2791 795,2746 961,2770 1050,2722 1048,2685 992,2675 846,2712 797,2682 686,2695 602,2733 477,2701 419,2745 107,2734"/>
                <Baseline points="116,2781 162,2777 208,2773 255,2769 301,2767 347,2764 394,2762 440,2759 486,2757 533,2755 579,2753 625,2751 672,2749 718,2747 764,2745 811,2741 857,2738 903,2734 950,2731 996,2726 1043,2720"/>
                <TextEquiv>
                    <Unicode>Meitli oben in Hanß Schläfflis spycher</Unicode>
                </TextEquiv>
            </TextLine>
            <TextLine id="r1l41" custom="readingOrder {index:40;}">
                <Coords points="110,2882 170,2853 275,2885 370,2840 421,2882 505,2824 574,2847 989,2799 1058,2783 1055,2736 963,2767 793,2748 745,2790 666,2767 510,2801 466,2765 324,2818 244,2784 105,2810"/>
                <Baseline points="114,2851 160,2845 207,2840 254,2836 301,2832 348,2829 395,2827 441,2824 488,2822 535,2820 582,2818 629,2817 676,2814 723,2811 769,2809 816,2805 863,2800 910,2795 957,2789 1004,2782 1051,2773"/>
                <TextEquiv>
                    <Unicode>Istiget, daruß 42 mäß rotn undt</Unicode>
                </TextEquiv>
            </TextLine>
            <TextLine id="r1l42" custom="readingOrder {index:41;}">
                <Coords points="106,2921 234,2915 314,2959 381,2921 502,2947 577,2894 754,2930 840,2876 1041,2889 1083,2868 1078,2798 882,2795 812,2854 702,2813 635,2861 538,2840 424,2881 346,2843 226,2889 170,2854 104,2899"/>
                <Baseline points="112,2913 160,2909 208,2906 256,2903 304,2900 352,2898 400,2896 448,2895 496,2893 544,2891 593,2890 641,2888 689,2885 737,2882 785,2878 833,2873 881,2868 929,2861 977,2853 1025,2843 1074,2833"/>
                <TextEquiv>
                    <Unicode>etwas schnitzen gstolen, so sy mit einanderen</Unicode>
                </TextEquiv>
            </TextLine>
            <TextLine id="r1l43" custom="readingOrder {index:42;}">
                <Coords points="116,3019 151,3002 165,3009 174,3000 187,3009 202,3005 236,3024 287,2977 319,2963 318,2944 304,2949 275,2927 261,2931 237,2955 218,2958 169,2926 140,2938 113,2928"/>
                <Baseline points="121,2980 148,2976 175,2974 202,2974 230,2974 257,2973 284,2973 312,2971"/>
                <TextEquiv>
                    <Unicode>verbrucht.</Unicode>
                </TextEquiv>
            </TextLine>
            <TextEquiv>
                <Unicode>440
In einem dorff in hochen Geichten, mit
seyner dernen und seinen schlüßlen Rt
ein Käller brochen, daruß ein wenig bu
von genomen, den mit einanderen verbracht
45. nicht wyth hieruon, habe das meitli uß
einem Käller 2 brath gstallen und mit
ime getheilt.
26.
Undera aberist im sol gebieth, seye ar
daß meitli mit den faltschet schlüßlen n
ein Källerbrochen, daruß 7. w. Vnshle
genomen, vnd getheilt.
47. In einem anderen orte Solob: gebieth, mit
gleicher Gsollschafft vnd den falschen Schlaß
len in ein Käller brachen, darum Sy abe
nichts dann etwas broths und ein wenig zu
funden und zinreg getragen,
48 Nicht vern von dannen, in Gsellschafft Syn
Arnen, des Meitlins, vnd seiner mutter s
einem huß einsalben leib bradt entzueht
29 Midthalb Lieracheren seye er mit dem Meitl
in eingaden gangen, daruß etwas sons
genomen
50 zu Burgdorff an einem marit2 sagist
entzuekt uß der einen 7 und uß der
anderen s btz erlöst und verbrucht.
51. Alhie in der Statt an einem Marit, in
Gsellschafft einer alten frauwen, ohne vaste
eines knaben, vnd seines anderen Wybs
person, Namens Zoffing Elß ein kaß ge
stolen, daruon imme den vierte theylworen
Eben deß tagsheigl erstgemelte 3 personden
52
ohns ihn an des angkren waag 30 f lb.
angren genommen, den zu 7 trib angeschlaßen.
und ime seinen 4 t theil darnon werden
laßen.
53 zu lyßach mit hilff seiner dirnen und dem
Meitli oben in Hanß Schläfflis spycher
Istiget, daruß 42 mäß rotn undt
etwas schnitzen gstolen, so sy mit einanderen
verbrucht.</Unicode>
            </TextEquiv>
        </TextRegion>
        <TextRegion orientation="0.0" id="r2" custom="readingOrder {index:1;}">
            <Coords points="1103,2452 1103,2602 1115,2602 1115,2452"/>
            <TextLine id="r2l1" custom="readingOrder {index:0;}">
                <Coords points="1097,2599 1106,2599 1108,2597 1112,2601 1122,2599 1122,2513 1115,2513 1110,2518 1097,2517"/>
                <Baseline points="1103,2552 1115,2552"/>
                <TextEquiv>
                    <Unicode></Unicode>
                </TextEquiv>
            </TextLine>
            <TextEquiv>
                <Unicode></Unicode>
            </TextEquiv>
        </TextRegion>
    </Page>
</PcGts>
