2448 3264
396 69 1255 303 habe ari ufgeboan ofl bibieten kornt e
393 127 1232 339 len und sich deso bester durchbringen mage. Ald
395 165 1224 377 sy nun mit einanderen nach schwartzenburgk
402 224 1219 410 habe sy die frauw vor dem wirtshust daselbst
400 275 1198 444 das allmeisen geforderet, worrüber ira ban
386 314 1228 502 Vorangedüten beiden satlan und Eschantz, welche
373 364 1226 549 Inn der stubtn getruncken und dieshanßen von
388 420 1195 584 disem nemalen gesechen, ein glaß nit wi
392 475 1219 622 angebortenen worden, so sy auch empfangen und
377 509 540 589 gemasten.
665 537 1202 669 und wyl sy eben damalen nit
390 572 1220 717 oluff gsin, habe sy iren man dahin vermögen.
389 639 1218 781 das er auch einhalb maß wyn kaufft, die sy auch
385 687 1220 816 gleicherstalten mit einanderen trincken wellen
386 740 1214 881 E8 seyent aber hieruff die jenigen dahin
389 767 1204 907 kommen, welche die anderen gefangen genommen,
393 839 1228 963 also habe sy auch mit müßen. er man aber de
380 889 1211 1002 sye ust schreckenn und gar nit us einer bösen
398 938 1209 1057 gwysenn entwichene. Bete hiemit umb gnad
390 993 815 1082 vnd barmherzigkeit,
378 1042 1202 1174 Dise ist allein einmal und doch lär ufgezogen
374 1106 1217 1211 worden. ist den 8. augusti 1639 In ihr henmat
389 1154 1207 1271 gewisen undt zur arbeit vermant worden
383 1252 1210 1371 Bartli Fischer von Alten nechstby
390 1342 1196 1431 Dillingenn inn Schwabenn, ist auch
402 1382 1198 1469 gleichenn tags von ermeltenn herren
396 1438 1204 1517 examiiert worden, Der hat angezeigt er
407 1487 1214 1568 seye nun mehr den jar lang inn disem land
399 1544 1221 1617 gwesenen, daran sye aber der nach werende krie
390 1584 1217 1666 die ursach, dann wo er könte zuhaußblyben
374 1637 1201 1723 wolte er sich nit lang alhie ufhalten, wie er
387 1696 1212 1770 dann schon ohne das Im sinn gehabt habe, sich
392 1748 1211 1825 mit seiner frauwen, welche ußt dem guggis
382 1790 1205 1882 berg purtig sye vnd Anna Tedi, heiste, die er
380 1829 1208 1933 ungfert vor fünffthalben mandten geehlichet.
394 1876 1212 1976 hinust inn syn vatterlandt zebtgeben, Daßer
390 1925 1217 2035 aber ouch gfengeklich alher angenomen, vnd alhar
381 1975 1221 2089 gefürt worden, Wüste er daruan kein ursach, dan
382 2029 1214 2142 er habe mit den vorangedeut gesellen, nieman
382 2071 1211 2180 tenn kein gmeinschafft gehabt und mit jnen
360 2132 1208 2246 weder gesten noch truncken, sonders er sy n
369 2164 1214 2320 gfert uff der strast zu Inen gestoßen, also habe
388 2224 1220 2342 er auch mit inen in die gfangenschafft müsen
381 2274 1210 2414 sunsten habe er vor disem dem puren uff de
385 2316 1214 2447 Schurren reuerint) die Schwyn ein Jar¬
387 2378 1179 2511 lang gehätet, hernach änet der seensten zun
378 2402 1201 2557 statt fryburg gepiet, auch ein jor lang, die
383 2455 1204 2610 übrige zeiththabe er mit wercken zugebracht
352 2515 1199 2664 wie Im dann diese zwen, vnd nach vil ander
380 2555 1206 2723 viren der enden, deßen wurden zeügsame geben
386 2593 1193 2767 und obwil er einmal lär ufgezogen worden.
381 2675 1202 2831 hat er doch anders nützit bekenen wellenn
378 2711 1154 2874 also das wolgedachte myne h. die examn¬
377 2797 996 2922 seinethalben, das besor geglaubt,
355 2809 1200 2999 Dißer soll sich mit seiner frauwen uß dißem
361 2926 919 3058 handt in ihr heimat machs
2247 60 2357 120 28
2138 176 2346 235 nach dem
1457 107 2359 354 Hanß Schnyder von Biekingen uß
1481 224 2006 379 n been ane
1476 220 2348 417 derselbe mit hilff zweyer sehner gespanenn
1470 262 2324 481 by Schönegek vngferdt vmb den nnten tag,
1481 303 2345 505 als die panwrsleüth an irer arbeith uff dem
1482 342 2385 556 seldt gewesenn. Inn ein hus gebrochen, sindtsy
1470 403 2325 612 grad darob veriagt, sy gspane entwuhen, e
1467 448 2328 641 aber gfengetlich alhar gebracht wordenn
1481 478 2348 684 haben hieruff myn g s und oberen benut
1468 520 2354 731 das er deßwegenn sölle befragt und mit zimlich
1474 584 2358 769 marter geferbt worden. Daß ist nun uff in
1473 618 2363 826 stag den 6. augustii den 1689. jars besëhende.
1476 687 2322 861 durch myne hochgeedt S Wilhelm Hirtz deß
1472 715 2308 898 kleinen, st samuel Fisiger des großen rachts.
1473 782 2316 947 vnd zu Großweibel von Buren, beschechenen
1451 828 2362 1008 Der hat hieruff bekent und verzächen, wie volget
1457 928 2309 1081 ime syn etwas mehr als vor zweyen javon sein
1483 973 2313 1131 haupt mit schwyninem flaischn betropffet
1461 1024 2308 1177 worden, dahar er dann Creuerint zemelden
1477 1084 2292 1207 den ernbgrind bekommen und deßwegen von
1460 1136 2307 1259 jedermenigklichen verscheücht worden, also das
1468 1182 2303 1305 er auch keinen meister mehr fürden kondene
1465 1246 2283 1346 derwegenn er läbkuchen und branten wyn ge
1480 1290 2316 1392 kauff, sye also darmit jm landt umbher ge
1487 1343 2318 1428 ogenn und sich durch daßelb mitel erhaltenn
1470 1383 2301 1472 Als er nun vor etwas tagen der ahr nach hinuff
1473 1431 2292 1526 wollen, trffe er by Huntzigeken zwen korli
1469 1490 2281 1554 an, d eine sye ein frömbder, sein nam sye im
1494 1535 2291 1616 inbekant, und habe ein wyb bey sich die heiste
1488 1583 2282 1662 Naria, der ander aber sye ein jang gefell
1491 1634 2283 1701 und heiste Hanßli, die mutint im an, das er
1482 1676 2340 1765 mit inen über die ahr faren sölle, dahin er
1488 1727 2319 1793 ach bewilliget, als sy nun hinüber kommern,
1484 1785 2349 1852 syen sy stracke gegen Schönen disem huß da-
1481 1823 2345 1904 eyn sy hernach gebroch zugezögen ohne zwyfel
1455 1870 2343 1960 werdint die anderen die glegenheit deselbenn
1470 1921 2335 2006 chon zuuor erspucht habenn, domalen habe
1476 1975 2365 2063 er sich von inen bfuren laßen, vnd habe fleider
1469 2010 2330 2106 zu dem ynbruch verholffen, also habind sy darnst
1478 2060 2305 2156 genommen ein klein wallelin kynin tuch, ein
1481 2108 2342 2207 iideren mannenhut 1 par strümpff und 20 bz.
1470 2150 2355 2259 welches Inen aber alles widerumb abgeragt,
1468 2190 2355 2314 seüe gscphanen zwar antrunnen, er aber gehafftet,
1481 2237 2347 2368 und gefengeklich alhar gefürt worden. sunstanen
1479 2285 2356 2408 habe er zuuor meinan nichts genomen, wolle
1475 2324 2304 2457 slhiches auch in das künfftige nit mehr thun,
1461 2384 2291 2526 hiemit vmb gnadt vnd Eerzyung gebettenn
1468 2451 2311 2627 Wyl dißer mit dem erbgrid behaftet,
1465 2515 2311 2688 ist er ian die chnr in die znsiche geflegt
1472 2581 2284 2758 undt gefüert worden, hernacher er sich
1468 2640 2231 2799 dißers grempelßmüestigen und
1458 2692 2350 2903 sich anderer ehrlichen begangenschafft beflyßen
1448 2734 1594 2862 le.
