1136 3264
205 186 1075 300 verzeichung, mit dem anerbieten, er welle (wan
201 241 1140 381 sein frauw nit wolle sich darzu begurmen, sich hie
197 287 754 370 In sein baterlandt begeben,
191 353 1099 465 Diser ist einmal lär, das 2 mal mit dem kleinsten
196 408 640 497 stein ufgezogen worden,
198 491 1113 613 Userth disem hat er nach den wreiblen In der gfanr
205 546 1099 659 eigschafft angeben, das er zu Buren Im Zürich
197 592 1094 704 gepiet ist einem stal ein par willhosen, ein
197 660 1100 747 hembdt und ein par schuch genommen habe, diß habe
209 723 1081 818 er angentz angelegt und sy ie bosen kleide an
200 768 644 861 der selben statt gelaßen.
208 841 1105 948 zu Molhusen im Zürich gebiet, habe er usein
206 905 1109 1022 tisch 2 leibbroth und 2 bestli genommen, so er
202 966 383 1047 genosen,
197 1034 1117 1175 und zu Langenthal ein leibbroth und ein hußke
201 1100 551 1172 so er ouch genoßen.
193 1205 1067 1357 Diser ist mit dem eydtvon r  statt
220 1296 1061 1410 vnnd landtverwdsen worden, und so sein
111 1343 1048 1479 frauw betretten wirt, sol ein gleichs an
195 1419 669 1523 Ira erstatet worden.
194 1602 1063 1731 Hanß Feller von Wichtrach
201 1691 1104 1820 Nach dem derselbe bsihinen Jars zum wysen
200 1767 1099 1856 Cruitz alhie, vß anwysung etlicher dirnen welche
194 1814 1093 1910 daselbstenn getruncken, einer giußen mans
198 1859 1086 1953 persohn chomet Peter gemanert, so gantz wol
194 1912 1098 2000 bezecht gewesenn, uß einem ermel 40 b nnt
182 1968 1111 2058 went, vnd daruß angentz. 2 mist wyn bezalt
195 2024 1098 2110 Ist er gleich daruff enteckt, dem ander
193 2077 1097 2167 swar sein gelt widerumb zugestelt, er aber
197 2112 1091 2214 darrüber Inn gfängklich eingezogen, darraber
192 2179 1106 2262 erannniert, und wyl er sonsten nützit bekuneg
176 2227 1097 2322 wollenn wider ledig gelaßenen worden, Stunist
193 2277 1088 2354 er hieruff im letsten frantzösischen zeg mit
190 2326 1091 2439 Hr haubtman kichiner in framreich gezogen
195 2383 1085 2484 und ungferdt (synem fürgeben nach mit synen
188 2448 1096 2542 haubtmans bewilligung, darmmb er syn feste
192 2481 1091 2587 ffwysen könne) vor 3 wuchen widerumb
191 2542 1080 2626 alhar in das landt kommen, da er dann vor 6
182 2597 1077 2699 tagen mit hilff einstig der sich Muri Hanßli
188 2650 1096 2741 oder Hanß Frantz namse zu Wichtrach dem we
192 2706 1101 2810 bel fiest zu Wichtrache nachts in das hüner ha
178 2764 1099 2852 gestigen, vnd 4. henmen darnst genommen, wor
181 2825 1096 2911 rüber erergriffen zwar syn gspan entgangt
172 2872 1083 2971 er aber ergriffen, gfangeblich alhar gefürt und
175 2924 1085 3025 us benelch myner g hr und oberen, durch
183 2984 1078 3071 Hanß Rudolff Steiger deß klemen, sr Hanß
174 3032 1065 3110 Ulrich Bundeli ud H Ammin werber deß
