1216 3021
215 120 703 280 Vegna San:
59 209 942 401 hüntig von Schuckznach hat glacher
62 327 455 470 stalte bekhent.
82 393 1008 551 daß nachdem ihr erster macsee, welcher
63 448 969 594 udolff dazo geheißen, vnd auch zu
53 545 1009 678 schitznach pürtig gsin, gstorbenn habe er
55 588 1017 756 Ihre 4 schindt und ufff diser welt nichts
56 670 976 829 darzu hinderlaßen, also das sy dieselbigen
64 753 1015 876 obglychwol sy tag und nacht gearbeitet
60 826 996 960 mit erhalten mögen, sonderst den bitderen
51 888 978 1021 hunger und die höchste armut, mit ihnen
61 964 1007 1097 stahn und erlyden müeßen, sythero aber
66 1040 1031 1158 ygen ihra g khinder daruon gestorbenn
64 1110 1060 1229 und ihra nit mehr alß ein döchterli überbliben
68 1181 1017 1285 mit welichem sy im somer d anno 1638
56 1247 1050 1370 uffwerthß ergen viel gezogen und khoruuff
55 1324 1038 1427 gelesenn, zu Ihra seye der vilgedachts alte
61 1379 989 1516 man, so sich Hanß werm nambse und zu
46 1447 1012 1580 Maßmünster pürtig syge, khomen, der habe
64 1530 1016 1647 ihro angezeigt es seyge ihme auch wyb und
52 1593 996 1717 khindt gstorbenn, sy deßwegen umb die ehr
57 1670 1015 1795 ungredt, weliche sy ihm auch versprochen, doch
58 1720 1053 1866 vorbehaltenn, das er ein schyn uß seinem hoonat
67 1789 1061 1933 mit sich bringe, waß bilubdenß und namenß
64 1877 992 1997 er sage, das er glychergstalten verheißenn, sye
58 1934 998 2039 also daruff von ihra hinweg gangen unnd
56 1994 987 2119 ells swuchen lang ußblibenn, hernach
58 2067 1031 2199 wider zu ihre khomen und bey ihra verbliben,
43 2119 1004 2251 sghabent zwar wol mit einanderen wollen
55 2200 1034 2330 zrhirchen gahn, man hat sy aber an khemein
60 2265 994 2389 orth ohne ihyn zusamen geben wellenn
51 2326 998 2466 woruff sy ein khindt von ihme erzeüget
46 2385 991 2531 wüße sonst nit, das er iemahl etwaß boses
46 2467 1053 2598 gethan habe, so es beheihen, seye es ihra leidt,
46 2517 1064 2674 Bote deßwegen den lieben gott undinghrn
46 2587 650 2699 umb gnad und verzychung.
37 2643 1054 2808 Dise ist das erte mahl lar und das andermahl
60 2716 1026 2851 mit dem kleinen stein ufgrzagen worden.
45 2785 1032 2892 Hernach hat man sy der gfangenschafft erlaßenn und
47 2828 961 2926 zur arbeit heimb inn ir vatterlandt gewisenn.
970 12 1068 90 70
