<?xml version="1.0" encoding="UTF-8" standalone="yes"?>
<PcGts xmlns="http://schema.primaresearch.org/PAGE/gts/pagecontent/2013-07-15" xmlns:xsi="http://www.w3.org/2001/XMLSchema-instance" xsi:schemaLocation="http://schema.primaresearch.org/PAGE/gts/pagecontent/2013-07-15 http://schema.primaresearch.org/PAGE/gts/pagecontent/2013-07-15/pagecontent.xsd">
    <Metadata>
        <Creator>prov=University of Rostock/Institute of Mathematics/CITlab|PLANET AI GmbH/Gundram Leifert/gundram.leifert@planet-ai.de:name=German_Kurrent_XVI-XVIII_M1(htr_id=19584)::::v=2.6.7
prov=University of Rostock/Institute of Mathematics/CITlab|PLANET AI GmbH/Tobias Gruening/tobias.gruening@planet-ai.de:name=de.uros.citlab.module.baseline2polygon.B2PSeamMultiOriented:v=2.6.7
prov=University of Rostock/Institute of Mathematics/CITlab|PLANET AI GmbH/Tobias Gruening/tobias.gruening@planet-ai.de:name=/net_tf/LA73_249_0mod360.pb:de.uros.citlab.segmentation.CITlab_LA_ML:v=2.6.7
Transkribus</Creator>
        <Created>2020-10-05T21:58:23.378+02:00</Created>
        <LastChange>2022-09-09T15:46:10.816+02:00</LastChange>
        <TranskribusMetadata docId="1334821" pageId="52360326" pageNr="76" tsid="114642086" status="IN_PROGRESS" userId="9570" imgUrl="https://files.transkribus.eu/Get?id=IVAINCJLCFHRUEHFGAFZAMRH&amp;fileType=view" xmlUrl="https://files.transkribus.eu/Get?id=FSXERJQEIJNQHCVXAWLKYBHO" imageId="16091813"/>
    </Metadata>
    <Page imageFilename="IMG_9089.jpg" imageWidth="1206" imageHeight="3067">
        <ReadingOrder>
            <OrderedGroup id="ro_1687513768407" caption="Regions reading order">
                <RegionRefIndexed index="0" regionRef="r1"/>
                <RegionRefIndexed index="1" regionRef="r2"/>
            </OrderedGroup>
        </ReadingOrder>
        <TextRegion orientation="0.0" id="r1" custom="readingOrder {index:0;}">
            <Coords points="22,51 22,3003 1114,3003 1114,51"/>
            <TextLine id="r1l1" custom="readingOrder {index:0;}">
                <Coords points="1021,90 1047,89 1055,95 1070,93 1078,85 1092,83 1092,39 1078,39 1064,44 1058,39 1049,38 1035,52 1021,51"/>
                <Baseline points="1028,74 1057,74 1086,74"/>
                <TextEquiv>
                    <Unicode>49</Unicode>
                </TextEquiv>
            </TextLine>
            <TextLine id="r1l2" custom="readingOrder {index:1;} person {offset:12; length:14;}">
                <Coords points="25,314 258,252 441,263 531,213 601,246 782,182 832,213 1085,167 1015,120 967,157 907,116 656,162 540,139 416,199 116,211 19,268"/>
                <Baseline points="30,298 82,285 134,273 187,261 239,251 292,242 344,233 396,226 449,218 501,212 554,206 606,200 658,195 711,191 763,187 816,183 868,180 920,177 973,173 1025,170 1078,168"/>
                <TextEquiv>
                    <Unicode>von herrenn Abraham Pitzio s dem gewäseen Schuldtheissenn</Unicode>
                </TextEquiv>
            </TextLine>
            <TextLine id="r1l3" custom="readingOrder {index:2;} place {offset:3; length:8;}">
                <Coords points="23,361 655,250 789,287 825,246 948,231 1043,257 1083,235 1077,176 357,269 262,252 18,318"/>
                <Baseline points="28,352 80,337 132,325 185,313 237,303 290,293 342,285 394,277 447,271 499,265 552,260 604,255 656,251 709,247 761,244 814,240 866,237 918,234 971,230 1023,227 1076,223"/>
                <TextEquiv>
                    <Unicode>zu Rurdorff, hat er auch zu yngendem häüwmonat ao 1658</Unicode>
                </TextEquiv>
            </TextLine>
            <TextLine id="r1l4" custom="readingOrder {index:3;}">
                <Coords points="31,409 102,424 151,376 332,341 382,365 560,310 610,337 923,285 980,312 1094,275 1090,235 663,250 274,330 233,304 28,382"/>
                <Baseline points="36,396 88,384 141,372 193,362 246,353 298,345 351,338 403,331 456,325 508,320 561,315 613,311 666,306 718,302 771,297 823,294 876,289 928,284 981,279 1033,274 1086,268"/>
                <TextEquiv>
                    <Unicode>anbefahlung seiner vmbgelter restantz, darüber ersonte</Unicode>
                </TextEquiv>
            </TextLine>
            <TextLine id="r1l5" custom="readingOrder {index:4;}">
                <Coords points="21,486 273,412 400,422 452,381 607,408 719,348 936,363 1072,319 1067,276 646,334 552,311 469,365 416,334 381,366 253,355 15,438"/>
                <Baseline points="24,455 76,442 128,430 180,420 232,411 284,402 336,395 388,387 440,380 492,374 545,369 597,364 649,359 701,354 753,350 805,344 857,340 909,335 961,329 1013,324 1066,318"/>
                <TextEquiv>
                    <Unicode>verschaffte Zinshrieffenn, Sinderlegt vnd mit bb</Unicode>
                </TextEquiv>
            </TextLine>
            <TextLine id="r1l6" custom="readingOrder {index:5;}">
                <Coords points="35,513 378,440 488,459 704,405 786,437 986,377 1052,398 1118,345 802,341 636,398 451,381 403,420 263,404 229,446 30,473"/>
                <Baseline points="40,499 93,487 147,475 201,466 254,457 308,448 362,440 415,433 469,427 523,422 577,417 630,412 684,406 738,402 791,397 845,392 899,388 952,383 1006,378 1060,373 1114,367"/>
                <TextEquiv>
                    <Unicode>salt widrumb zunb gelöst und doch früschbertz nit in seinm</Unicode>
                </TextEquiv>
            </TextLine>
            <TextLine id="r1l7" custom="readingOrder {index:6;}">
                <Coords points="17,566 102,540 175,565 286,510 583,512 713,465 880,467 921,451 916,401 775,438 709,405 665,444 552,422 437,466 334,447 14,535"/>
                <Baseline points="22,548 66,540 111,533 155,526 200,519 245,512 289,506 334,500 378,495 423,489 468,485 512,479 557,474 601,471 646,467 691,463 735,459 780,456 824,453 869,450 914,448"/>
                <TextEquiv>
                    <Unicode>gnnemen gestelt haufe empfang 3000 lb.</Unicode>
                </TextEquiv>
            </TextLine>
            <TextLine id="r1l8" custom="readingOrder {index:7;} person {offset:24; length:14;}">
                <Coords points="42,694 1068,600 1062,533 905,574 511,557 437,609 343,579 295,629 197,648 36,636"/>
                <Baseline points="48,686 98,677 149,670 199,664 250,658 301,652 351,647 402,642 452,638 503,634 554,630 604,626 655,622 705,618 756,614 807,610 857,606 908,602 958,598 1009,593 1060,588"/>
                <TextEquiv>
                    <Unicode>dröglichenn von herrenn abraham amport vogt zu</Unicode>
                </TextEquiv>
            </TextLine>
            <TextLine id="r1l9" custom="readingOrder {index:8;} place {offset:0; length:7;}">
                <Coords points="31,763 150,718 1088,665 1110,585 1069,617 626,626 586,658 515,634 452,670 26,703"/>
                <Baseline points="35,737 88,728 142,721 195,714 249,707 303,701 356,696 410,691 463,687 517,682 571,678 624,675 678,671 731,667 785,664 839,660 892,657 946,653 999,649 1053,645 1107,640"/>
                <TextEquiv>
                    <Unicode>Brandis in glichem jahr uff abschlag seiner ambts restantz</Unicode>
                </TextEquiv>
            </TextLine>
            <TextLine id="r1l10" custom="readingOrder {index:9;}">
                <Coords points="44,806 58,796 79,799 87,791 97,794 112,782 124,787 143,777 161,780 174,774 186,779 197,772 189,714 166,721 153,718 118,741 107,739 93,747 75,744 64,759 55,756 39,765"/>
                <Baseline points="47,777 75,776 103,773 132,769 160,764 189,759"/>
                <TextEquiv>
                    <Unicode>400 l.</Unicode>
                </TextEquiv>
            </TextLine>
            <TextLine id="r1l11" custom="readingOrder {index:10;} person {offset:22; length:12;}">
                <Coords points="18,922 548,865 1074,860 1094,797 882,792 699,837 593,801 518,843 371,813 311,857 191,836 122,878 14,832"/>
                <Baseline points="25,907 78,900 131,893 184,889 237,884 291,879 344,876 397,872 450,869 503,866 557,864 610,862 663,859 716,858 769,856 823,854 876,852 929,850 982,848 1035,845 1089,843"/>
                <TextEquiv>
                    <Unicode>khnermassenn von Hrr. Peter frutig alt spitalmeister</Unicode>
                </TextEquiv>
            </TextLine>
            <TextLine id="r1l12" custom="readingOrder {index:11;} place {offset:4; length:13;}">
                <Coords points="44,960 405,918 587,941 700,904 747,937 1036,919 1113,866 683,859 600,893 554,865 42,915"/>
                <Baseline points="50,953 102,945 155,939 208,933 261,929 314,924 367,920 419,917 472,915 525,913 578,911 631,910 684,909 737,907 789,906 842,905 895,903 948,902 1001,900 1054,897 1107,894"/>
                <TextEquiv>
                    <Unicode>ses obren spitals zu ufbezahlung s schaffner Guts seig</Unicode>
                </TextEquiv>
            </TextLine>
            <TextLine id="r1l13" custom="readingOrder {index:12;}">
                <Coords points="38,1000 121,988 151,1011 212,980 259,1000 306,974 586,977 639,966 638,935 419,921 388,946 267,930 207,957 153,939 37,968"/>
                <Baseline points="44,990 73,987 102,983 132,981 161,979 191,976 220,974 249,972 279,970 308,968 338,967 367,965 396,964 426,963 455,962 485,961 514,960 543,959 573,959 602,958 632,958"/>
                <TextEquiv>
                    <Unicode>mb vorfahren srestantz 400 l.</Unicode>
                </TextEquiv>
            </TextLine>
            <TextLine id="r1l14" custom="readingOrder {index:13;} person {offset:12; length:15;}">
                <Coords points="47,1106 786,1081 1063,1049 1073,1021 43,1027"/>
                <Baseline points="53,1100 103,1095 154,1091 205,1087 255,1084 306,1081 357,1078 407,1075 458,1073 509,1071 560,1069 610,1067 661,1065 712,1063 762,1060 813,1058 864,1055 914,1052 965,1048 1016,1044 1067,1039"/>
                <TextEquiv>
                    <Unicode>Iem von hrn Andreff Gottier dem stetzigenn vogt vonn</Unicode>
                </TextEquiv>
            </TextLine>
            <TextLine id="r1l15" custom="readingOrder {index:14;} place {offset:0; length:6;}">
                <Coords points="49,1182 296,1134 421,1159 495,1121 758,1135 960,1095 1016,1120 1061,1097 1059,1054 45,1117"/>
                <Baseline points="53,1148 103,1143 153,1139 203,1136 253,1132 303,1129 353,1126 403,1122 453,1120 503,1117 553,1115 603,1112 653,1110 703,1109 753,1106 803,1105 853,1103 903,1101 953,1099 1003,1097 1054,1095"/>
                <TextEquiv>
                    <Unicode>Ruchli unndt domahligenn amman des rathuses als vogt</Unicode>
                </TextEquiv>
            </TextLine>
            <TextLine id="r1l16" custom="readingOrder {index:15;} person {offset:3; length:16;}">
                <Coords points="31,1211 256,1171 348,1214 405,1171 454,1197 692,1159 801,1195 914,1145 1093,1158 1090,1092 30,1173"/>
                <Baseline points="37,1188 89,1185 141,1183 194,1181 246,1177 299,1175 351,1172 404,1169 456,1166 509,1163 561,1160 613,1158 666,1155 718,1153 771,1151 823,1149 876,1148 928,1146 981,1146 1033,1145 1086,1146"/>
                <TextEquiv>
                    <Unicode>en Ebraham Steigers serben ein ablösung von300 lb.</Unicode>
                </TextEquiv>
            </TextLine>
            <TextLine id="r1l17" custom="readingOrder {index:16;} place {offset:30; length:7;}">
                <Coords points="27,1244 1093,1222 1090,1156 990,1181 926,1149 804,1192 343,1172 26,1219"/>
                <Baseline points="34,1245 86,1241 139,1236 191,1233 244,1230 296,1227 349,1223 401,1221 454,1218 506,1216 559,1213 612,1211 664,1209 717,1207 769,1206 822,1205 874,1204 927,1203 979,1202 1032,1201 1085,1201"/>
                <TextEquiv>
                    <Unicode>haubtgut, so sy in das coster Dorberg zeuerzichen schuldig</Unicode>
                </TextEquiv>
            </TextLine>
            <TextLine id="r1l18" custom="readingOrder {index:17;}">
                <Coords points="38,1310 269,1313 425,1270 746,1309 950,1259 1027,1292 1083,1274 1080,1206 36,1265"/>
                <Baseline points="44,1294 95,1291 147,1286 198,1283 250,1281 301,1278 353,1275 404,1273 456,1272 507,1270 559,1269 611,1267 662,1266 714,1265 765,1264 817,1263 868,1262 920,1261 971,1260 1023,1259 1075,1258"/>
                <TextEquiv>
                    <Unicode>gewäsenn, Diee er auch niemahlenn an gebürenden orthen</Unicode>
                </TextEquiv>
            </TextLine>
            <TextLine id="r1l19" custom="readingOrder {index:18;}">
                <Coords points="301,1348 326,1342 340,1353 358,1349 368,1357 382,1347 402,1354 460,1353 455,1272 424,1272 412,1285 389,1278 371,1296 359,1298 324,1291 297,1298"/>
                <Baseline points="306,1330 335,1329 364,1327 393,1325 422,1323 451,1320"/>
                <TextEquiv>
                    <Unicode>300 lb.</Unicode>
                </TextEquiv>
            </TextLine>
            <TextLine id="r1l20" custom="readingOrder {index:19;}">
                <Coords points="40,1347 97,1376 178,1340 226,1352 256,1343 281,1357 303,1343 302,1307 200,1314 152,1294 127,1315 104,1306 80,1324 38,1307"/>
                <Baseline points="46,1341 71,1339 96,1338 121,1337 146,1336 171,1335 196,1334 221,1333 246,1332 271,1331 296,1329"/>
                <TextEquiv>
                    <Unicode>verechnet.</Unicode>
                </TextEquiv>
            </TextLine>
            <TextLine id="r1l21" custom="readingOrder {index:20;} person {offset:29; length:13;}">
                <Coords points="38,1464 990,1441 1092,1430 1091,1383 949,1396 888,1354 786,1394 686,1358 591,1391 490,1372 342,1421 36,1400"/>
                <Baseline points="44,1448 96,1446 148,1444 200,1442 252,1440 304,1439 356,1437 408,1435 460,1434 512,1432 564,1431 616,1430 668,1428 720,1427 772,1425 824,1424 876,1423 928,1421 980,1420 1032,1419 1085,1417"/>
                <TextEquiv>
                    <Unicode>desselbenn glichenn vonn Hrn Daniel Schmit, dem alten</Unicode>
                </TextEquiv>
            </TextLine>
            <TextLine id="r1l22" custom="readingOrder {index:21;} person {offset:14; length:12;}">
                <Coords points="49,1521 288,1485 420,1523 637,1488 723,1521 810,1490 972,1517 1090,1500 1090,1445 48,1463"/>
                <Baseline points="55,1492 106,1492 157,1492 209,1491 260,1491 312,1491 363,1491 414,1491 466,1491 517,1490 569,1490 620,1490 671,1489 723,1489 774,1488 826,1488 877,1487 928,1486 980,1485 1031,1483 1083,1482"/>
                <TextEquiv>
                    <Unicode>schaffner des Trienispergr huses, auch ein ablösung umb</Unicode>
                </TextEquiv>
            </TextLine>
            <TextLine id="r1l23" custom="readingOrder {index:22;}">
                <Coords points="74,1555 188,1558 223,1547 279,1573 317,1555 346,1570 376,1547 416,1561 415,1522 368,1499 321,1515 289,1494 269,1513 184,1495 125,1517 74,1516"/>
                <Baseline points="81,1542 106,1543 131,1544 156,1545 181,1545 207,1545 232,1544 257,1544 282,1543 308,1542 333,1542 358,1541 383,1541 409,1541"/>
                <TextEquiv>
                    <Unicode>276 lb 13 ß 4  den.</Unicode>
                </TextEquiv>
            </TextLine>
            <TextLine id="r1l24" custom="readingOrder {index:23;}">
                <Coords points="38,1667 1084,1673 1085,1620 967,1603 740,1634 650,1596 541,1636 368,1628 286,1582 125,1615 40,1575"/>
                <Baseline points="45,1648 96,1651 148,1653 199,1655 251,1657 303,1658 354,1660 406,1661 457,1662 509,1663 561,1664 612,1665 664,1666 715,1666 767,1667 819,1667 870,1668 922,1668 973,1668 1025,1668 1077,1668"/>
                <TextEquiv>
                    <Unicode>So hete er auch in seiner rechnung in das ynnemenn</Unicode>
                </TextEquiv>
            </TextLine>
            <TextLine id="r1l25" custom="readingOrder {index:24;}">
                <Coords points="46,1704 1045,1740 1112,1721 1113,1672 46,1681"/>
                <Baseline points="53,1697 105,1698 158,1698 210,1699 263,1701 316,1702 368,1703 421,1704 474,1706 526,1707 579,1708 632,1710 684,1711 737,1712 790,1712 842,1713 895,1714 948,1714 1000,1714 1053,1714 1106,1714"/>
                <TextEquiv>
                    <Unicode>bringen söllenn, das jenige velt, welches hr Winschend</Unicode>
                </TextEquiv>
            </TextLine>
            <TextLine id="r1l26" custom="readingOrder {index:25;}">
                <Coords points="37,1755 1089,1772 1100,1733 38,1713"/>
                <Baseline points="45,1732 97,1735 149,1737 202,1739 254,1741 306,1743 359,1745 411,1746 463,1748 516,1749 568,1751 620,1752 673,1753 725,1754 777,1755 830,1756 882,1757 934,1757 987,1758 1039,1758 1092,1758"/>
                <TextEquiv>
                    <Unicode>symen u seinem des gewähnen seckelmeisters eignem</Unicode>
                </TextEquiv>
            </TextLine>
            <TextLine id="r1l27" custom="readingOrder {index:26;} person {offset:34; length:15;}">
                <Coords points="36,1785 1090,1819 1091,1784 986,1759 37,1757"/>
                <Baseline points="43,1782 95,1780 147,1780 199,1780 251,1781 303,1782 355,1784 407,1786 459,1789 511,1791 563,1794 615,1796 667,1799 719,1801 771,1803 823,1805 875,1806 927,1807 979,1807 1031,1806 1084,1805"/>
                <TextEquiv>
                    <Unicode>bfuelch, dem alten seckelschryber hr Görscribolet</Unicode>
                </TextEquiv>
            </TextLine>
            <TextLine id="r1l28" custom="readingOrder {index:27;}">
                <Coords points="43,1832 125,1866 177,1838 239,1867 287,1834 595,1843 763,1889 820,1856 1010,1882 1082,1865 1083,1832 44,1789"/>
                <Baseline points="49,1827 100,1827 151,1827 203,1828 254,1830 305,1831 357,1834 408,1836 459,1838 511,1841 562,1843 613,1846 665,1849 716,1851 767,1853 819,1855 870,1856 921,1857 973,1857 1024,1856 1076,1855"/>
                <TextEquiv>
                    <Unicode>zugestelt, inbedenckenn, das ihme daßelbige hingegen</Unicode>
                </TextEquiv>
            </TextLine>
            <TextLine id="r1l29" custom="readingOrder {index:28;}">
                <Coords points="34,1911 1087,1931 1064,1877 979,1903 813,1858 711,1896 496,1849 253,1871 38,1836"/>
                <Baseline points="43,1879 94,1880 146,1881 198,1883 250,1885 302,1887 354,1890 406,1892 458,1896 510,1898 562,1902 613,1904 665,1907 717,1911 769,1913 821,1916 873,1918 925,1920 977,1922 1029,1923 1081,1925"/>
                <TextEquiv>
                    <Unicode>im ufgebenn erschossenn, so er aber auch underlassen thut</Unicode>
                </TextEquiv>
            </TextLine>
            <TextLine id="r1l30" custom="readingOrder {index:29;}">
                <Coords points="39,1959 47,1959 54,1967 67,1963 76,1968 88,1962 119,1966 125,1886 116,1884 106,1888 71,1913 42,1916"/>
                <Baseline points="47,1930 80,1934 114,1935"/>
                <TextEquiv>
                    <Unicode>apfen</Unicode>
                </TextEquiv>
            </TextLine>
            <TextLine id="r1l31" custom="readingOrder {index:30;}">
                <Coords points="356,1960 372,1966 383,1960 394,1967 418,1963 423,1969 437,1960 472,1966 481,1958 491,1958 492,1913 485,1913 468,1896 442,1903 416,1924 386,1902 375,1913 357,1919"/>
                <Baseline points="364,1943 394,1947 424,1946 454,1945 485,1950"/>
                <TextEquiv>
                    <Unicode>600 lb.</Unicode>
                </TextEquiv>
            </TextLine>
            <TextLine id="r1l32" custom="readingOrder {index:31;}">
                <Coords points="40,2069 811,2140 867,2108 1026,2129 1058,2086 841,2036 717,2086 597,2025 510,2068 376,2025 290,2058 132,1999 42,2028"/>
                <Baseline points="47,2062 97,2063 147,2065 197,2067 247,2069 297,2073 347,2076 398,2080 448,2083 498,2087 548,2091 598,2094 648,2098 698,2101 749,2104 799,2107 849,2109 899,2111 949,2112 999,2112 1050,2112"/>
                <TextEquiv>
                    <Unicode>vnndt wylen auch der altenn versessnen Zinsen halbenn</Unicode>
                </TextEquiv>
            </TextLine>
            <TextLine id="r1l33" custom="readingOrder {index:32;} person {offset:46; length:11;}">
                <Coords points="45,2114 1104,2190 1107,2147 1056,2122 849,2146 789,2115 633,2133 413,2082 231,2104 48,2075"/>
                <Baseline points="53,2110 105,2111 157,2113 209,2115 262,2119 314,2122 366,2125 418,2129 471,2133 523,2137 575,2141 627,2145 680,2150 732,2154 784,2158 836,2161 889,2165 941,2168 993,2171 1045,2173 1098,2175"/>
                <TextEquiv>
                    <Unicode>ein groser mangel gespürt worden. Den aber er Erüschhartz</Unicode>
                </TextEquiv>
            </TextLine>
            <TextLine id="r1l34" custom="readingOrder {index:33;}">
                <Coords points="42,2174 211,2201 380,2168 536,2213 754,2195 1002,2230 1072,2195 836,2157 575,2170 456,2131 360,2158 208,2123 170,2150 45,2114"/>
                <Baseline points="49,2156 99,2157 150,2159 201,2161 252,2163 302,2166 353,2169 404,2173 455,2176 505,2179 556,2182 607,2186 658,2190 708,2193 759,2197 810,2200 861,2203 911,2206 962,2209 1013,2211 1064,2214"/>
                <TextEquiv>
                    <Unicode>begangenn gehabenn, vor disem niemahlen bekhandtlich sein</Unicode>
                </TextEquiv>
            </TextLine>
            <TextLine id="r1l35" custom="readingOrder {index:34;}">
                <Coords points="46,2209 1078,2276 1079,2244 955,2208 746,2195 632,2225 295,2169 211,2200 48,2185"/>
                <Baseline points="53,2204 103,2206 154,2209 205,2212 256,2214 307,2218 358,2220 409,2224 460,2228 511,2231 562,2234 612,2237 663,2241 714,2244 765,2247 816,2250 867,2253 918,2256 969,2258 1020,2260 1071,2262"/>
                <TextEquiv>
                    <Unicode>wellenn, sunders sich allwegenn uff die beide herrenn</Unicode>
                </TextEquiv>
            </TextLine>
            <TextLine id="r1l36" custom="readingOrder {index:35;} person {offset:35; length:14;}">
                <Coords points="46,2253 171,2298 497,2279 1073,2328 1085,2273 330,2255 48,2210"/>
                <Baseline points="53,2247 104,2252 155,2257 206,2261 257,2265 308,2268 359,2272 411,2275 462,2277 513,2280 564,2283 615,2285 666,2288 717,2290 769,2292 820,2295 871,2297 922,2300 973,2303 1024,2306 1076,2310"/>
                <TextEquiv>
                    <Unicode>seckelschrybere, als mit nammenn h Johans Bundeli vogt</Unicode>
                </TextEquiv>
            </TextLine>
            <TextLine id="r1l37" custom="readingOrder {index:36;} place {offset:3; length:6;} person {offset:20; length:13;}">
                <Coords points="36,2308 695,2347 764,2384 872,2349 966,2396 1084,2367 1087,2320 930,2301 799,2295 754,2328 485,2278 171,2298 40,2249"/>
                <Baseline points="44,2297 95,2302 147,2306 198,2311 250,2315 302,2319 353,2323 405,2326 457,2330 508,2333 560,2336 612,2339 663,2342 715,2345 767,2347 818,2350 870,2352 922,2355 973,2357 1025,2360 1077,2362"/>
                <TextEquiv>
                    <Unicode>zu arweng unndt hrn Jörg Tribolet landtvogt zu</Unicode>
                </TextEquiv>
            </TextLine>
            <TextLine id="r1l38" custom="readingOrder {index:37;} place {offset:0; length:12;}">
                <Coords points="49,2360 455,2414 583,2388 631,2427 819,2397 1021,2448 1104,2392 965,2396 874,2350 768,2385 625,2341 551,2367 469,2324 234,2349 52,2306"/>
                <Baseline points="57,2343 108,2349 160,2356 212,2361 264,2366 316,2370 368,2374 420,2378 472,2382 524,2385 576,2388 627,2390 679,2394 731,2396 783,2399 835,2402 887,2404 939,2408 991,2411 1043,2414 1095,2418"/>
                <TextEquiv>
                    <Unicode>drifflishurg berüfenn, sindt dieselben auch deswegn alhar</Unicode>
                </TextEquiv>
            </TextLine>
            <TextLine id="r1l39" custom="readingOrder {index:38;}">
                <Coords points="50,2387 353,2461 667,2443 718,2481 768,2455 955,2494 1099,2480 1102,2452 923,2411 867,2436 816,2400 665,2433 538,2389 481,2421 53,2349"/>
                <Baseline points="57,2386 108,2393 160,2401 212,2407 264,2413 316,2419 367,2424 419,2428 471,2433 523,2436 575,2440 626,2443 678,2447 730,2450 782,2453 834,2456 885,2460 937,2463 989,2466 1041,2470 1093,2473"/>
                <TextEquiv>
                    <Unicode>umb ihre verhandlungenn gebürende rechenschafft ze geben.</Unicode>
                </TextEquiv>
            </TextLine>
            <TextLine id="r1l40" custom="readingOrder {index:39;}">
                <Coords points="47,2432 100,2477 463,2486 493,2520 543,2492 1079,2534 1082,2499 1021,2470 722,2485 579,2442 532,2476 374,2467 50,2387"/>
                <Baseline points="53,2434 104,2443 155,2451 206,2458 257,2465 308,2471 359,2475 410,2481 461,2484 512,2487 563,2490 614,2493 665,2496 716,2499 767,2501 818,2504 869,2507 920,2509 971,2513 1022,2516 1073,2520"/>
                <TextEquiv>
                    <Unicode>beschriben wordenn, welche auch erschinnen und nach dem</Unicode>
                </TextEquiv>
            </TextLine>
            <TextLine id="r1l41" custom="readingOrder {index:40;}">
                <Coords points="52,2514 990,2585 1044,2536 543,2492 491,2517 464,2486 102,2475 57,2440"/>
                <Baseline points="61,2489 109,2494 158,2500 207,2505 255,2510 304,2515 353,2519 401,2523 450,2527 499,2531 548,2533 596,2537 645,2540 694,2543 742,2546 791,2548 840,2551 888,2553 937,2556 986,2558 1035,2561"/>
                <TextEquiv>
                    <Unicode>snun deßßhalben in by sein vor und wolermelter</Unicode>
                </TextEquiv>
            </TextLine>
            <TextLine id="r1l42" custom="readingOrder {index:41;}">
                <Coords points="38,2530 450,2578 485,2611 700,2586 855,2634 1080,2587 1034,2558 978,2591 556,2537 383,2558 41,2492"/>
                <Baseline points="45,2533 96,2539 147,2545 198,2551 250,2556 301,2561 352,2565 404,2570 455,2574 506,2578 558,2581 609,2585 660,2587 711,2590 763,2593 814,2595 865,2598 917,2600 968,2602 1019,2605 1071,2607"/>
                <TextEquiv>
                    <Unicode>drn examinatoren vor ihmme früschbertzen gebürende</Unicode>
                </TextEquiv>
            </TextLine>
            <TextLine id="r1l43" custom="readingOrder {index:42;}">
                <Coords points="50,2590 169,2629 690,2642 748,2680 810,2651 1065,2667 1067,2639 971,2605 839,2633 699,2586 619,2613 543,2588 453,2616 248,2563 51,2561"/>
                <Baseline points="57,2586 107,2592 157,2598 207,2604 257,2608 307,2613 357,2618 407,2622 457,2626 507,2629 558,2632 608,2635 658,2638 708,2640 758,2642 808,2645 858,2647 908,2649 958,2651 1008,2654 1059,2656"/>
                <TextEquiv>
                    <Unicode>rechenschafft gegebenn, dat sich endtlichenn erfundenn</Unicode>
                </TextEquiv>
            </TextLine>
            <TextLine id="r1l44" custom="readingOrder {index:43;}">
                <Coords points="46,2642 299,2688 827,2698 890,2731 1059,2713 1061,2679 876,2654 752,2674 504,2630 298,2639 246,2608 191,2636 49,2591"/>
                <Baseline points="53,2637 103,2643 153,2648 203,2653 253,2658 303,2663 353,2666 403,2670 453,2673 503,2677 553,2679 603,2682 653,2685 703,2687 753,2689 803,2692 853,2694 903,2696 953,2698 1003,2701 1053,2703"/>
                <TextEquiv>
                    <Unicode>das so wol durch sy die beide hrn alte seckelschrybere</Unicode>
                </TextEquiv>
            </TextLine>
            <TextLine id="r1l45" custom="readingOrder {index:44;}">
                <Coords points="66,2692 253,2739 331,2712 371,2743 507,2734 549,2764 1047,2767 1049,2739 969,2713 882,2732 775,2695 689,2725 549,2682 154,2686 69,2651"/>
                <Baseline points="73,2689 121,2694 169,2699 218,2703 266,2708 315,2712 363,2716 411,2720 460,2723 508,2727 557,2730 605,2733 653,2736 702,2739 750,2741 799,2744 847,2746 895,2748 944,2749 992,2750 1041,2752"/>
                <TextEquiv>
                    <Unicode>darumb sy aber ihmme früschbertzenn jederwzlenn</Unicode>
                </TextEquiv>
            </TextLine>
            <TextLine id="r1l46" custom="readingOrder {index:45;}">
                <Coords points="55,2750 691,2776 865,2822 955,2792 1111,2809 1047,2749 538,2756 58,2690"/>
                <Baseline points="63,2729 115,2735 167,2741 219,2746 271,2751 323,2755 375,2759 427,2762 479,2766 531,2768 583,2771 635,2774 687,2776 739,2779 791,2782 843,2784 895,2787 947,2790 999,2793 1051,2796 1104,2800"/>
                <TextEquiv>
                    <Unicode>gute rechnung gehalten und usserth etwas so hr landt</Unicode>
                </TextEquiv>
            </TextLine>
            <TextLine id="r1l47" custom="readingOrder {index:46;} person {offset:5; length:8;}">
                <Coords points="50,2778 1085,2880 1089,2813 1051,2798 783,2817 690,2776 529,2803 482,2767 339,2792 52,2746"/>
                <Baseline points="57,2775 108,2782 159,2788 210,2794 261,2799 312,2803 363,2807 415,2811 466,2814 517,2817 568,2820 619,2822 670,2825 721,2827 773,2830 824,2832 875,2835 926,2838 977,2842 1028,2845 1080,2849"/>
                <TextEquiv>
                    <Unicode>vogt Tribolet in diser seiner letsten rechnung schuldig</Unicode>
                </TextEquiv>
            </TextLine>
            <TextLine id="r1l48" custom="readingOrder {index:47;}">
                <Coords points="52,2838 1081,2917 1116,2914 1119,2865 54,2803"/>
                <Baseline points="59,2828 111,2833 164,2837 216,2842 269,2846 321,2849 374,2852 426,2855 479,2858 531,2860 584,2863 637,2865 689,2868 742,2871 794,2873 847,2877 899,2880 952,2884 1004,2888 1057,2893 1110,2899"/>
                <TextEquiv>
                    <Unicode>verblybenn bezahlt) als inne den gewäsnen seckelmeist</Unicode>
                </TextEquiv>
            </TextLine>
            <TextLine id="r1l49" custom="readingOrder {index:48;}">
                <Coords points="65,2879 830,2947 997,2927 1064,2954 1110,2946 1112,2911 66,2858"/>
                <Baseline points="72,2873 123,2878 175,2883 226,2887 278,2890 329,2893 381,2896 432,2899 484,2901 535,2903 587,2905 639,2908 690,2909 742,2912 793,2915 845,2917 896,2921 948,2924 999,2928 1051,2933 1103,2938"/>
                <TextEquiv>
                    <Unicode>selbstein überal empfang vndt niemahlenn verrechnet worden</Unicode>
                </TextEquiv>
            </TextLine>
            <TextLine id="r1l50" custom="readingOrder {index:49;}">
                <Coords points="58,2930 608,2959 737,3004 927,2979 1088,3018 1113,2944 60,2899"/>
                <Baseline points="65,2917 116,2922 168,2927 220,2932 272,2935 324,2938 376,2942 428,2945 480,2948 532,2950 584,2953 635,2955 687,2958 739,2961 791,2964 843,2967 895,2971 947,2976 999,2980 1051,2986 1103,2992"/>
                <TextEquiv>
                    <Unicode>wie aber billich hate sein sölleen aupfe 14231 lb 5 ß </Unicode>
                </TextEquiv>
            </TextLine>
            <TextEquiv>
                <Unicode>49
von herrenn Abraham Pitzio s dem gewäseen Schuldtheissenn
zu Rurdorff, hat er auch zu yngendem häüwmonat ao 1658
anbefahlung seiner vmbgelter restantz, darüber ersonte
verschaffte Zinshrieffenn, Sinderlegt vnd mit bb
salt widrumb zunb gelöst und doch früschbertz nit in seinm
gnnemen gestelt haufe empfang 3000 lb.
dröglichenn von herrenn abraham amport vogt zu
Brandis in glichem jahr uff abschlag seiner ambts restantz
400 l.
khnermassenn von Hrr. Peter frutig alt spitalmeister
ses obren spitals zu ufbezahlung s schaffner Guts seig
mb vorfahren srestantz 400 l.
Iem von hrn Andreff Gottier dem stetzigenn vogt vonn
Ruchli unndt domahligenn amman des rathuses als vogt
en Ebraham Steigers serben ein ablösung von300 lb.
haubtgut, so sy in das coster Dorberg zeuerzichen schuldig
gewäsenn, Diee er auch niemahlenn an gebürenden orthen
300 lb.
verechnet.
desselbenn glichenn vonn Hrn Daniel Schmit, dem alten
schaffner des Trienispergr huses, auch ein ablösung umb
276 lb 13 ß 4  den.
So hete er auch in seiner rechnung in das ynnemenn
bringen söllenn, das jenige velt, welches hr Winschend
symen u seinem des gewähnen seckelmeisters eignem
bfuelch, dem alten seckelschryber hr Görscribolet
zugestelt, inbedenckenn, das ihme daßelbige hingegen
im ufgebenn erschossenn, so er aber auch underlassen thut
apfen
600 lb.
vnndt wylen auch der altenn versessnen Zinsen halbenn
ein groser mangel gespürt worden. Den aber er Erüschhartz
begangenn gehabenn, vor disem niemahlen bekhandtlich sein
wellenn, sunders sich allwegenn uff die beide herrenn
seckelschrybere, als mit nammenn h Johans Bundeli vogt
zu arweng unndt hrn Jörg Tribolet landtvogt zu
drifflishurg berüfenn, sindt dieselben auch deswegn alhar
umb ihre verhandlungenn gebürende rechenschafft ze geben.
beschriben wordenn, welche auch erschinnen und nach dem
snun deßßhalben in by sein vor und wolermelter
drn examinatoren vor ihmme früschbertzen gebürende
rechenschafft gegebenn, dat sich endtlichenn erfundenn
das so wol durch sy die beide hrn alte seckelschrybere
darumb sy aber ihmme früschbertzenn jederwzlenn
gute rechnung gehalten und usserth etwas so hr landt
vogt Tribolet in diser seiner letsten rechnung schuldig
verblybenn bezahlt) als inne den gewäsnen seckelmeist
selbstein überal empfang vndt niemahlenn verrechnet worden
wie aber billich hate sein sölleen aupfe 14231 lb 5 ß </Unicode>
            </TextEquiv>
        </TextRegion>
        <TextRegion orientation="0.0" id="r2" custom="readingOrder {index:1;}">
            <Coords points="1092,2205 1092,2357 1102,2357 1102,2205"/>
            <TextLine id="r2l1" custom="readingOrder {index:0;}">
                <Coords points="1086,2312 1097,2309 1102,2311 1103,2309 1110,2308 1101,2266 1093,2267 1089,2273 1078,2276"/>
                <Baseline points="1092,2307 1102,2305"/>
                <TextEquiv>
                    <Unicode></Unicode>
                </TextEquiv>
            </TextLine>
            <TextEquiv>
                <Unicode></Unicode>
            </TextEquiv>
        </TextRegion>
    </Page>
</PcGts>
