1240 3189
1016 117 1106 201 71.
46 124 952 288 alss nun uff dem abendt gesagter
38 185 1078 355 mr. Heinerich Synner, widerumb anheimsch
47 250 975 404 worden, habe er das pacquet geöffet
34 283 1112 461 und anstatt der silbersorten anders nützit
32 389 1132 522 dann ruonde stein, schyben von schrufen
39 437 1093 572 und andere dergleichen nichts werthe sachen
39 501 1072 671 funden, welche er morndrigen tags jra
43 558 1093 721 der gefangnen wider gebracht, darob
791 628 825 674 und
42 627 1111 796 sy sich hochlich verwunderet, dann sy hoch be¬
38 709 1040 836 düret das sy von disem betrug damahlen
42 770 1101 909 nichts gewüst habe, und wyl sy dise 12 bz.
45 839 1105 966 noch nit hinweg gegeben hate, hab sy die¬
54 901 1116 1043 selbigen vilgedachtem mr. Heinerich Sinner
54 961 1116 1079 wideruomb zuogestelt, by welchem es auch
48 1042 682 1155 damahlen verbliben seye.
23 1109 1032 1283 Nun seye zwar nit weniger dann
39 1203 1010 1340 dass sy sich hieran hete stossen und jra
42 1266 1056 1372 disser betrug zuor wahrnung dienen
38 1332 984 1434 lassen söllen, so seye es doch von jra
41 1389 1088 1495 nit anderst betrachtet worden, dann das
40 1452 1025 1575 sy jn etwz zeits darnach eben von
42 1516 1103 1631 der hieob angedeüten frauwen (leyder)
49 1577 1055 1694 noch schwärer und mehrer verführen
44 1638 910 1758 lassen, das seye nun also zuogangen.
24 1705 1092 1804 Namlichen dissere frauow komme aber¬
51 1779 1051 1881 mahlen zu jra jn jr zinssstübli, jnn
47 1839 1101 1956 welchem sya an der wand ein klein
43 1900 1105 2000 weiss gesotten ysin gürtelin (so jra nit
43 1956 1050 2068 recht gewesen ) gehangen, die frage sy
37 2012 1099 2114 darüber, ob sy ira dasselbig verkauffen
41 2078 1084 2187 welte, die antwortet darüber ja
32 2131 1075 2244 und machint also den märit mit¬
43 2190 1063 2302 einanderen umb 7 bz. gleich darbey
48 2241 979 2357 seye auoch ein klein gemalet schindlen
51 2319 1048 2422 truggen gestanden, dass nemme sy herab,
48 2364 1019 2481 mache das gürtelin und noch andere
46 2428 1100 2526 unnütze kleine sachen jn pappir, darzu
40 2484 1103 2581 yn, lege diss in das trüggli, sage daruoff
36 2551 1085 2663 es sölle doch sy die gefangne jra verhelffen,
42 2617 1097 2722 das sy das trüggli wol und süberlich könne
44 2674 1059 2783 verpütschieren und hernach under dem
34 2738 1098 2847 schein alss wann etliche goldtstuckh dar¬
34 2799 1111 2914 inen weren, welche man nit gern verthäte
44 2844 1123 2992 etwz gälts daruff zuo entlehnen finden möchte.
