1086 2887
91 41 1084 158 Anneli heiterstags ein feürwe angenacht ein ysener
89 123 1079 221 pfänlin, so etwan einer fust groß, darüber gesetzt, nach
97 163 1085 262 mogten uß seinen unckesack oder rantzen zingenommen,
94 196 1056 304 daßelbig in dem pfemlin geschmeltzt, nach werts in
97 250 1086 362 ein ründes ding von holtz gemacht, gossen unde etwas
97 301 1068 421 ihe faltsche crutz dicken damahlen gemacht sibsch
93 328 1066 470 Anneli habe sie müllern anfängllih nit zusëhen
87 380 1050 514 lassen wellen, jedoch setlich sie zu sëhen lassen, sie
106 439 1051 574 Müllern habe nir mahlen gesagt, das sie dergleichen
95 488 1084 648 haltsches gelt machen komme, sonder sie welte, das sie es machen
87 574 1070 682 könte habe mit Rubi nirmahlen by dem wänigden
90 622 1046 752 maß veruntreüwet oder gestohlen, wann er schon mit dis
89 666 1044 782 waßbracht, habe er doch nit gesagt wannen ers habe.
74 733 1086 901 Donstag den 8. mertzen hatt sie mere Müllern
88 824 1070 948 erners mit undt ohne manter ußgesagt nachdem sie
83 878 1070 997 gegen vorstehenden Hanßli Caspar Rubi consron.
86 911 1046 1029 tiert worden, das sie Anna Maria mit hilff vorges
86 960 1077 1084 schribeen hibsch Annclins in dreyen vnderschidenlich
86 991 1009 1120 in sonten alß zwischen erlachs vndt liß, denne
87 1061 1082 1185 zweischen wangen und kapfflen vndt das lt lestere
93 1110 1006 1236 mahl als den 23. febr kuntz verwichl by dem
94 1167 1060 1298 neßen galter hiehauwents fraurbrunen etliche falt-
101 1216 998 1336 sicho silber fronen zwschen gedachten vangen undt
105 1268 1070 1387 Cappelen aber auh ettliche faltsche crentzdicken gemacht,
103 1318 1028 1435 Rubi seye zmar darbei gesin habe aber kein handt
96 1372 1045 1486 angelegt, die instrunrenten vndt materi so sie
86 1411 1047 1535 gebraucht, seyen nur zwey höltzleint, welche vorge
101 1456 1021 1572 etzes sibsch Anneli mit einer schnin erstlichen zu
82 1496 1045 1615 samen gebunden, nachwerts eieyer vndt gschen
92 1562 1017 1654 und er einander vermischt, darin darein gethan
86 1597 1067 1706 undt alß dann ein waten gebrachte silber cronen,
88 1657 1067 1756 rentzdicken oder andere dergleichen groben sorten
82 1719 1006 1805 nach ihren willen undt wochen gefallen daryn
77 1757 1024 1853 getrückt vndt widerumb heraußes genommen nach
87 1813 1038 1909 werts, daß syn geschmeltzte zu in den model hinyn
88 1855 970 1956 gossen vndt uff solche weiß faltsch gemnntzet
88 1914 991 2019 das sie von undt mehr gesagte Müllern falt ihe
83 1970 1045 2079 silber cronen, sonden nur 2 faltsche crentzickhen
76 2023 1038 2132 deren einen sie in der statt Bern und den anderen
79 2074 961 2187 zu Bosel angeben, welche ihren vorgemelter
79 2113 1000 2229 sibsch Anneli geschenckt, will hie gantz nit onred
69 2176 1013 2281 undt gestendig sein, disers sibsch Anneli habe ihro
76 2241 983 2330 mithin ein batzen drey geben oder ein maß mein zalt
57 2280 1094 2395 Sie Anna Maria möge nit wüssen, mo daß sub sch annel
58 2327 1093 2457 mit den faltschen silber cronen, dey es 10 stuck gemachtn,
59 2361 612 2460 hinkommen oder außgeben habe.
44 2407 1062 2543 Vil undt dick auch eregten subsch Anneli, habe nnemahlen
62 2482 975 2584 gossen aber die höltzlin oder mödelin in wärenden
51 2529 1003 2633 giessen in den händen gehabt, wie auch nachments daß
56 2585 198 2645 Gelt
277 2640 1014 2766 grichtschriber der statt solothurn,
