1196 2827
228 93 1142 315 rasturenei des vorgedachten
385 195 979 318 Myhel Wältiß ehereib.
215 270 1148 499 iß im spittall, da sy ofenkelich endthalten.
164 345 1203 558 und ires mans läbwäsens halben examinicre
1134 422 1203 511 re
187 427 1179 636 wordenn, hatt aber nützit bekennen wellen,
191 482 1173 694 dan das sy irem man zu sichtrach bekenen
206 575 1164 745 gewartet, vnnd mit gwüst daß
190 619 1161 820 er ein solch boß fürnemmen vor fune gehabt
181 714 1159 902 habe uund ob sy wol grad mit einandren
194 779 1184 976 gfennklich alhargebracht worden, habe sy de
183 866 1207 1061 In dergleichen fählenn kein gemein, noch wüs
151 937 459 1048 senschafft.
168 1047 1163 1151 Dise sol auch mit dem vorgedachten mühel wältigu
177 1096 1174 1212 das schallenwerck befürderet werden. Actum. 8. Job.
178 1147 313 1203 1640.
363 1506 997 1653 Margiedt Kyburk Vonre
455 1610 1091 1732 Endtpelsen deß vorgedachten
480 1685 1009 1780 Kislans Müllers tryb.
312 1726 1022 1882 und Maria Mallerseire
577 1824 861 1945 Schwoster.
130 1956 1155 2091 habendt zu beiden theillen nützit andersbe
143 2052 1096 2148 kennen wollenn, dan das die einte mit
125 2115 1116 2235 Irem eheman, vnnd einem vffsatzn vonn
140 2177 1149 2303 zpetzeren, die ander aber mit irer mutter
130 2251 1114 2390 Im landtumbhergezogen, das sy aber etwas
139 2343 1157 2464 bäß begangen habindt, werde sich nit erfinden,
117 2450 1159 2571 Dise zwo gschweyene söllen gleicherwys, wie die
145 2526 1153 2631 gedachte Eir Kürsaner, Inn dem schallenwerck zu
150 2586 811 2704 arbeit gehalten werden, kotzn obstath
