1146 3117
985 11 1081 67 103
57 58 1111 251 snderbahr gehenne khundthafft gehabt, vnndt
53 161 1089 307 er zwyffel sich ihres betrags veilhaßtig
46 239 1090 382 benacht habenn, ist er darüber j3 benelch metrs
47 312 1126 447 vndt Oberen pfenckhlich angenomen, und folgents
40 393 1106 514 den 13 Novembris 16190 durch meine hochge¬
39 470 1073 577 ehrten herren Jacob Gruser des klemen
37 525 1108 659 berren Hans Jacob Zucher des ggozen Rahts¬
41 598 1097 707 vnndt Herren Sammel Lerber Gpzweybel
40 663 1087 797 hierüber ernstwortlich examiniert und befpagt
35 738 1073 834 worden, der hat ich nun hierüber nachvolgend
26 800 484 927 gstilten versprochen.
29 906 1094 1048 erstlichenn was den ersten artienen belanget, see
35 986 1018 1093 war nit weniger, dan das er sich ja leider
671 1050 1074 1166 In der Huren doch
23 1058 661 1173 enst bemelter Maria Mühler
29 1117 1089 1235 nit mehr als ein mahl vertiesft und vergeßen haben
26 1182 1075 1287 das er aber ihre beiden hingerichteten bruderen,
25 1238 1092 1352 Ihre gestolnen sachen nit nur abgenommen, sonders
39 1299 1059 1399 ich noch darzu zu werneren diebstählen ange
14 1364 1045 1466 wisen habt, das erde sich nit erfinden, anders
18 1418 1081 1522 dan nach dem er am donstag nich f Wienachten
22 1475 1026 1580 sochiie Jarb zum Rühel Balderwäg, dem
14 1533 1046 1639 eren und dem kein by der paper Müllen
13 1586 1080 1698 geseßen, khomen, der meinung zur vier muff
18 1649 1056 1734 sinsekel, die er im schuldig waz, abzeforen
27 1694 1067 1795 deren, habe er daselbsten allerley Cumpen gesint
24 1752 1045 1856 welches der bemelte fur immerzu huspenßwis
19 1801 1061 1911 gezuchen, vnd vnder anderen eig die vorge¬
17 1863 1065 1964 dachte Maria Müller sampt Lucia gsholter
321 1919 354 1968 .
15 1931 960 2031 ihrer muter zweyen ihren bruderen
14 1947 1013 2074 Item auch sonderbahr ein gwüze wohlbekleite
23 2037 1066 2145 manßpersohn sampt einer by sich habender frauwen
15 2078 1038 2190 welche mit dem puren Baldsweg gefreeckhenn
15 2140 991 2246 angetroffen, worauff galdawag Ihme angentz
7 2192 1036 2320 einen trunckh angepolten, vnd vermeldet, diße zwey
3 2254 1029 2380 Mentschen (namlich des eben anzogne man, vndt
2 2321 1076 2443 frauw) wellindt ihme ein jung sohnli, welches
-4 2372 1078 2494 zugegen und gar Hupsch waß verdingen, er habe
9 2438 1053 2567 aber die gelegenheit nit solches anzenemen, Vnd
13 2521 1057 2638 vnd wyl es Lyser keine Kinder habe, rahte er
-1 2582 1072 2712 Ihme, er solle selbiges annemen, Vff welches habe
15 2652 1067 2779 er sich zu ihnen nndergelaßen, mit innen
3 2718 1066 2847 getrunckhen vnd endtlich der gstalten vberkommen,
7 2796 1063 2914 daß er dises knäbli drey monatlang (wreiters
21 2884 1045 2995 zus imme nit haben verdingen wollen. Imonatlich
