1192 2835
995 0 1078 90 76
14 43 1031 315 s ober Gotingen habe er, vnd ein kleiner
18 97 1099 378 juger bub, welchen man sonst den Heüßli.
15 156 1091 444 Rülleli namße, uß einem Käller ein
9 239 1070 507 hubenbrodt, esdlepstüekhi 2 bradt und
8 398 627 580 eet getagen
10 408 1045 642 ds sy von Bottingen zinweg gegangen, seye
10 517 972 709 Mannen ein dritter dieb, den man den
5 564 1032 772 Aoßwyler Caspar Ramse, zu gestoßen
13 593 1091 844 mit welche ßin hilff habindt sy mit dem bysich
13 685 1060 897 segenden schrotysten zu Kilchlindach, nachts
15 749 1091 964 in kälherloch samen vergrößeret, das er aul
20 828 1105 1018 Er dardurch hiab In den Käller stign könen
30 915 1080 1102 B welchem nun habendt sy genommen 18.
23 989 871 1136 luben bradt, vnd ein Augken ballen
11 1053 1084 1233 Münchenbuchßi habent sy tags In eines
31 1134 1042 1293 buhren huß uß einem schafft, ein stuckh
26 1198 1083 1375 Peckh sein halben Kaß, vnd ein leib brodt
7 1341 198 1439 sommen.
8 1373 1088 1533 von dannen seyen sy gan vzistorff komen, da
29 1443 1077 1588 selbsten habent sy In des nacht ein Mallet
33 1511 1078 1654 schloß so anseiner Kallerthüren gewesen, her
24 1598 1092 1721 k�yt hiemit den Kaller geöffnet, s leiben
23 1653 1085 1771 brodt und 1 kubel voll Angken, daruß
28 1720 1078 1844 genommen, sy und irs Wyber miteinanderen
19 1806 213 1917 genoßen,
2 1872 1082 2017 zuo heimahusen, alß sy daselbsten ubernacht
23 1950 1084 2057 glegen, ver am morgen frue, seines gspannen
23 2009 1087 2129 Caspars fr dem Buhren In dzs gaden gangen
17 2057 1011 2179 S. Leibenbradt, vnd ein stuekh gebochets
32 2146 1028 2260 fleisch daruß genomen, so er auch neßen
19 2222 185 2324 helffen
15 2284 1027 2408 mornderige tags, seye der vorgedachte
32 2374 1085 2480 ain Lueerner, dyß genampt, auch wider
29 2431 1083 2542 umb zu innen gestohen, mit welcheßin hilff
32 2492 1083 2601 habent sy in die nacht einen bycher ge
37 2552 1045 2649 öffnet, daruß 20 pfundt ryten15
23 2612 1093 2719 Pfundt garn 3 lylachen und 3 anlegende wyben
19 2675 377 2780 blider genammen.
