1101 3031
80 68 1054 309 zu Heimen huser mit hulff obstath und son
90 141 1032 333 einem man uß einem spycher habind ire
103 215 1045 409 ghulffen ein verschlossnen trag vßhin vff
42 289 1059 491 Einmallen getragten, den gröffnet, darinnen
84 364 1043 543 Vil Eymraidt funden selbigen theilt danon
68 430 1054 622 fra worden Hembder so sy tragen 6 lein
87 514 1013 670 lachen, darnan sy 2 bhalten die andren
80 572 733 755 aber umb 32h verkaufft.
92 707 1043 914 ehr Lang nach disem eyend Vnfehr von Lang¬
92 830 1052 988 nauw, dahin ey reih unnd einem gerüsßen
80 895 1057 1084 kramen gelt vorderen wellen, zwey meitli
72 971 1018 1136 zu Fra unnd irem sohn (so zu Marten
81 1066 1012 1207 hingerichtet) kommen unnd anzeigt, wie sy
90 1125 1028 1258 an einem orth vilgelt wüssind, dauff
98 1194 1063 1344 mit einandren (ohne sy die nit mit wellen
82 1264 1007 1390 Vff einen Hoffgangen, der Jra Vnbekandt,
87 1333 1049 1470 unnd uß einem trögli by 20 l gestolen,
74 1409 1029 1560 Hernach synnd widrumb kommen undt spa
76 1488 1052 1606 by einem Brüggli nit weith von Langnau
83 1556 1051 1681 mit andren mürth lüthen by einem fünr
72 1631 1048 1770 sitzend antroffenn, gleich nebend sich ganden,
73 1694 1040 1848 das gelt getheilt wra sye aber nüt worden.
81 1801 992 1924 habe es auch nit begerth da heige der
61 1872 1033 1990 meitlenen eins gra von seinem theil gut
82 1948 1023 2065 willig ein kronen, auch den übrigen theil
58 2033 994 2149 heüerwahren geben, gleich darnach syendt
66 2096 1039 2229 y di verlüestigen personen den naubend
70 2182 1029 2288 nachgeylt, sya antroffen, Hernach das eint
50 2260 1017 2379 geitli erwütst, welches sambt Jra
57 2320 1029 2448 nach Trachselwaldt gefurth, examiniert
36 2409 1025 2535 Vnd vbergethane bekandtwas wie vorstatt,
51 2474 1006 2595 mit ruken gehauwen gezeichnet und mit dem
26 2553 996 2664 bydt von statt unnd landtsrisworden
39 2619 1009 2744 w��e aber gantzz und jahr mit von iren
39 2687 1040 2811 diebstälen heige sith obig handlung nüt böß
47 2765 262 2857 beiangl.
16 2784 1048 2915 Dise sob uff gnad hin. In das schallenwerck gesczeit gu
51 2881 916 2981 hart und eng gehalten werden Aoti 8 feb 1640
