1143 3197
66 62 1144 297 16zno Boich habe sy auch ein par wyber
172 176 1114 338 ein par kinder schne genomten, so fra aber
166 236 865 376 widerumb abgelagt worden.
47 329 1127 503 17. Mit hilff gesagter seiner dirnen, habe er In
159 429 1120 564 Solothufuer gepiet, tags V einem Kallen
160 512 1100 646 Vngefehrd 4. maaß gsotntn Ancken neme
146 588 365 697 heflffen.
59 702 151 770 18.
164 661 1127 792 Denne habe er mit hilff eines gwüßen meyln
145 739 1119 878 zu groß aAffholteren, ein halbe Augken balle
164 825 422 944 antragen.
179 899 1092 1032 Item mithilff Maritz schnyders der
60 943 148 1019 19.
160 975 1100 1105 mansonst Mitz namste, habe er zu Nofflen
160 1062 1105 1185 ehn Kaß genomen, vnd denselben mit Imme
153 1129 383 1256 genoßen.
141 1218 1097 1360 Item vff dem Sade uß einem Kuchin gaden
44 1264 146 1334 20
166 1309 1103 1431 ein Keßen, vnd ein haffen, welches sy an
156 1386 1092 1514 fahr zu Gertzenses zubehalten geben, von
155 1468 1090 1573 dannen es ui dem Lauwren zugestelt
146 1554 412 1625 worden.
33 1616 1057 1743 21. An gleichem orth uß einem Käller zwo
146 1701 586 1796 Angrenballen.
41 1767 1078 1919 22. u dem langenberg zwen leiben brodt
33 1887 1081 2010 23. Vnd Vnuehs von dannen vß einer Kuchin, ein
127 1963 1075 2080 Kleinhäfftlin, welches manitz Schnydes
116 2036 942 2162 verhaufft und das gäldt behalten haben.
36 2126 1086 2279 24. uf welches ist er auch befragt worden
139 2242 1075 2326 wyl zu Lieterßwyl, da sein dirnen
121 2277 1082 2406 Letstlich Kindtsgelegen, einem bauren daselb
120 2347 1087 2477 7o l uß einem trag gestohlen worden
131 2398 1073 2549 ob er nit dieselben genomen habe, hat
122 2499 1071 2634 er deßen gar nit gestendig sein wollen,
106 2570 1075 2699 sonders angezeigt, es ahns ein andere
98 2629 1058 2762 den man den durch Caspar namst
115 2696 1058 2846 welcher ein jungerstarckher kärli und
105 2754 1088 2906 blauch kleydt seye, solches ( wil er
114 2861 922 2984 nomen habe) uff jnnehin gefan¬
