1188 3030
959 -7 1086 72 108
216 58 580 170 Malhis Lärtscher
31 99 1047 319 dise der vorgedachten Freyen brüederen gethane
13 174 1054 364 bekhandtnus hin ist Matthys Lörtcher, der wirt
22 236 1087 448 zm chellgut, auch beschickht, gegen denselbigen consion-
24 315 1103 495 tuert undt befragt, weile er aber nühit, das er
28 377 1103 561 ew gneindtschafft mit derglychen dieberey habe,
30 470 1059 616 widerumb heimb geschickt worden, actum den 19.
18 595 359 705 jjanuarii 1641.
4 650 1050 849 Barbara Hardmeyer von jahrwangen
18 733 1087 913 Rulaus Kriegen von Bantingen, dißmalen uff dem
102 800 876 923 Geristein geseßen, eheliche hußfrauw
35 890 1088 1015 sachdem dieselbe hin und wider an under¬
38 965 1063 1076 scheidenlichenn ortenn, inn der statt wurch und
40 1011 1041 1147 flachs zespinen begehrt, unndt angenommen, hernach
45 1097 1064 1205 aber eintwäders das werch selbstei oder aber das
43 1175 1102 1281 gespunnen garen verkhauffen, unndt also die jenigenn
44 1246 1096 1347 so ihre etwas anvertrauwt, schandtlich betrogen unndt
39 1309 1048 1403 gestohlen, als habent mahn unndt oberen sy gfenglich
48 1376 1049 1473 yeziechen unndt volgents den 21. januarii 1691.
39 1430 1060 1524 durch den wohlidlen, gestrangen, ehrendestene
59 1503 1078 1611 eeren gabriel von Watherwyl, des kleinen h.
57 1560 1032 1673 Hans Jacob Cyman teütchen wynschenckh des
57 1635 1082 1734 großen rahts, hierüber examinieren, lendtbeg
52 1702 1053 1807 fragen laßen, die hat nun bekhendt und veriächene
58 1753 328 1844 wie volget.
63 1837 1090 1960 Es seye ungenahr 4 jahr, das sy sich mit dem obge-
59 1924 1086 2018 chribnen ihrem ehemann verehelichet, und wyl sy
63 1976 1121 2068 lieben gors, wenig zeithliche mithel zusammen gebrach
75 2025 1095 2127 und darby auch kheider uberkhommen. Ir man aber
60 2080 1089 2200 gar herb undtpitter gegen ire gewesenn, habe sy
79 2149 1107 2275 ölches hin und wider, sonderlichen aber, des letst hinge
64 2229 1107 2319 richteten clappar Caspers frauwen geclagt, welche
56 2260 1102 2369 fra dann sölchen bösen rcht gegeben, sy sölle hin unndt
73 2352 1125 2462 ider ze spinnen annemmen, hernach eintwäders das wörch
67 2386 1126 2516 oder aber das gespunne garn, verkhouffen unndt zurgelt
70 2450 1041 2580 machenn. Dem bösen rahtschlag habe sy gevolget,
71 2511 936 2623 unndt also nachvolgemen diebstählen begangen.
67 2595 1138 2736 erstlichen habe ey von e Hans Grörg im Bosss freuw
81 2664 1059 2785 wen empfangen 8 lb knöpff, die habe sy  lb.
102 2721 509 2803 umb 1 bz verkhoufft.
83 2793 1103 2924 von hrre Fischers des rachts hußfrauwen, rösten
80 2882 1123 3006 25 lb so aber seitharo durch ihrem eheman bezahlt worden.
