2448 3264
178 2534 252 2596 4.
240 819 304 898 10
241 1085 288 1146 11.
232 1238 330 1309 12.
225 1622 316 1690 13.
128 1718 270 1795 kangnet.
138 1773 245 1840 eicket
264 175 1246 474 ee eu heen
385 312 1209 532 einer truncknen bauwren gelt uß den h
384 372 1238 612 genommen, daruon fune 26 lz  wor
259 519 319 595 9.
348 498 1166 709 Mit hilff Murchausen habe er im oberen
362 582 1193 781 sibenthal uß einen huß hi barwullig
355 654 1218 871 hofen mit Lunschtne strümpfen o Muri haß
377 736 1085 886 angelagt, hinwegg nemmen helffen.
367 814 1152 1001 In Schangnomw habind sy beidei zu
369 913 1175 1079 genomen, welches sy zu Kschlinßmalt In
367 955 1204 1143 Endtlibuch umb 1 maß wyn verkaufft
370 1075 1147 1216 etem zu Langnamw vor deß Meybels
357 1146 684 1248 hußer hembd
361 1234 1178 1384 ist habe zwar er, wie zugleich Muri Hanß
389 1309 1132 1419 Und Fridli Kischer zu Kilchberg in ein
350 1377 1147 1482 Käller brechen wolle, sy seyendt aber
339 1431 1183 1561 wob veriagt worden und hiemit nütit
355 1500 645 1612 shaffen mögen.
341 1589 1133 1721 von Canne, Spindt y nach wyler Ih die
341 1673 1092 1790 vogtey landtschut gangen, daselbsten
342 1743 1180 1858 habe inen der wirt angemutet, dimme
332 1805 1132 1916 Ein ehrennd haffen breigend, So welle er
329 1874 1138 1980 Inen darumb zeesßen unnd getrunken
327 1926 1130 2050 gebenn, das habind sy imne versprochen,
328 2012 1124 2119 Also syind sy nit wrgterß, dan biß nach
313 2079 1124 2190 AlchisPorff gange, unnd habind naches
309 2145 1127 2273 Vß Einem Burenhuß in ehrenen hofen ge¬
316 2210 1128 2327 stalen, dem Vorangedeuten Wirth zu
326 2280 1115 2404 gebracht, der habe inen darfür 3 f
316 2349 1116 2482 versprochen, so sy auch by imme verherdt.
312 2479 1139 2596 under dise dingen sye er mit seinen gpant
310 2558 1134 2649 uneinst worden, sye also von inen geschlagen
303 2619 1149 2730 unnd habe sich zu einen der sich haußJagen
290 2668 1149 2808 oder nüt schönersnamset gesellet, derselbe
274 2752 1121 2871 sye durch ein tach in ein spycher gestigen,
278 2803 1114 2932 darub ein müt korn genommen, welchen sy
286 2869 1140 2986 lierwitf umb 2 l verkaufft und das
313 2953 647 3069 gelt getheilt.
1259 2477 1322 2534 21
1368 1924 1416 2032 E
1320 286 2270 507 1u lyßß habindt yein far hof 1 bar thu,
1411 418 1932 554 und  hembet genomen.
1433 475 2274 622 zu Kappellen enet arberg uß einer hinder
1453 531 2273 687 stuben, habind y by den 30. ellen lynn
1322 586 1382 650 16.
1451 605 2293 769 buchendtzunkt unnd zu Erlach dieell
1451 676 2059 825 umb f 9 trützer verkauffen.
1434 785 2293 925 domahlen zu Erlach habendt sy einem becken
1328 847 1376 943 19
1441 877 2026 974 umb 4 hz grott gestolen,
1431 942 2216 1080 zu Inßhabindty mit einem zumstecken
1311 1008 1381 1103 18.
1446 1024 2240 1124 an einer keller thür ein maletschloß
1433 1079 2253 1186 umbtragt geöffnet und uß dem Keller
1454 1151 2226 1260 2 Leibbroth gelten vollen seyn
1418 1226 2307 1328 endtrage und noch darzu gnug getrunken.
1319 1345 1380 1408 19
1422 1310 2248 1436 zusesertst haben sy der wirt dort
1216 1389 1393 1479 disen antecke
1434 1397 2181 1496 angewih, das sy dem müller in die
1208 1455 1365 1547 engurt e
1422 1461 2165 1577 Muli Gargind, etwas malß dorin.
1440 1505 2202 1631 emiind, vnnd Ime zubeingendt, er
1410 1589 2229 1707 habe dergleichen uung mehr gebrucht
1428 1650 2202 1780 welcheß sy auch erstaltet, vnd habendt
1418 1708 2174 1858 ime sonl zugebracht, das er innen
1428 1789 2210 1934 5 lb. darumb gegeben, die s her¬
1417 1853 2004 1996 nach mit bey ime verzert.
1278 1967 1342 2035 20.
1430 1918 2150 2101 zu Furbrushindt sy nachtß dem
1418 2042 2093 2159 aman daselbsten, In den Keller
1416 2092 2148 2241 gebrochen, daruß habind y ime ein
1402 2155 2190 2336 kubel volancken A hußkäsen und
1418 2223 2156 2408 2. leib broth genomen, welche saß
1399 2281 2132 2455 auch dem vorgerachten wirth nach
1380 2336 2183 2533 Krrtzergetragen der inen darinn
1403 2406 2073 2590 ungferdt bynder 45 begeben,
1424 2508 2194 2723 un Muntschweier syindt sy nachtso durch
1413 2558 2070 2757 deh en et ele
1412 2620 2134 2829 gestigen, daruß habind sy ein tuchenen
1390 2677 2147 2917 a de en engerß
1407 2745 2289 3002 ndtzuket, darfür habe inen der ein fra
1388 2869 1525 2969 geben.
1406 2799 2098 3024 aingen
2254 187 2339 264 25
