1239 2914
150 764 209 837 1.
252 66 1184 277 getragen, vnd daselbsten verkhaufft habe,
250 139 1202 355 Ist er deßwegen glenckhlich yngezogn
285 225 1226 432 und hernach den diß mnonats Ang
244 282 1214 458 durch Herren dauid Mfüller, des Kleine
242 361 1233 546 rahts und Herren Großweybel Herl
255 438 1214 605 in der gfangenschafft alhee, erstwortlich
240 488 1236 700 Vnd mit bewanwung der Marter Caan
250 583 1222 731 mert und befragt worden, der hat gu
258 655 993 800 bckhendt vnd piach wie Volget.
233 727 1210 876 erstlichen habe er sehmen winters mit
254 825 1205 979 einem frombdenstung gesellen, welcher
244 892 1218 1035 Domfhlen by Innekher Christoffel von Lita
252 975 1201 1101 nant dem herren zu Eschefftlan in dienst
242 1049 1218 1179 gewesen, getruncken, der habe Ime do
249 1129 1183 1242 mahlen angezeigt, er wüste an einem
243 1196 1197 1328 orth vill hubsches garn, so im einer holf
231 1268 1192 1400 welts er daßelbigs wohln zum weg bringen
239 1341 1191 1472 können, in dißer wynfüechts nun, habe
242 1425 1190 1536 er sich von demselbigen bereden laßen, sey
237 1489 1177 1614 also uff den Abent mit ime in vers
217 1571 1191 1692 ird stallgangen, daßelbsten habe er i
238 1633 1183 1750 ein lange darzu gerüste stängen einen
237 1696 1144 1823 ordenlichen gaag ingestrubet nit
239 1771 1177 1890 welcheren sy (alß ssy bedunekte zeith zu
240 1836 1189 1945 sein) durch das gaßlin gegen der greicht
229 1904 1183 2032 rei gangen, vnd also vorgesagtem Herren
228 1979 1174 2076 Muller, oben vor seinem gmach die stand
228 2037 1167 2167 an welches by den 80. strang garn gehangen
222 2124 1169 2246 ledig gemacht, das garn hinweg genomen
207 2160 1168 2307 Vnd hernach mit einanderen Iugleich ge¬
212 2270 389 2348 theilt.
115 2318 1167 2478 2. In eines anderen nacht, habent sy beid
204 2410 1136 2532 mit gleichem Instrument, vor Herren
193 2449 1172 2602 Eigannel Zeilders huß vff dem Vychmard
201 2525 1157 2672 auch dergleichenstang ledig gemacht,
196 2603 1146 2740 H Kein fläcin Kroslin-garn undt
216 2669 1145 2808 20 pfnd Rystin hinweg genommen und
199 2727 1160 2915 gleicher gstalten mit einanderen getheilt
1192 2026 1227 2099 s
1205 1587 1236 1645 1
