1176 3073
-12 2217 63 2342 1.
965 1 1052 71 107
227 67 1007 239 Verli Mabila, der ander bruder,
260 142 969 323 seines Handtwerckhs ein scheyder,
46 267 1098 452 sagte auß, er seye ao 1635 mit herren haubtmann
26 302 1121 497 uge von Solothurn in franckreich gezogen, mit welcheren
27 391 1046 572 wralch hernach widerumb heimbkhomen und dorten
29 475 1106 598 in keithlang gearbeitet, folgendts habe er sich unge
27 532 1116 676 nehrt vor 32 monathen mit dem hienachgelten seinem
24 595 1080 716 bruder, under hr Oberstein zweyers regiment
25 641 1075 783 dnd bri underhalten laßen, und wye darmit
17 710 1079 845 n stalien gezogen, allwo sy bys zur endt und abgang
23 766 1081 903 deßelben regmierts wie sölches ire vaßporten
36 854 1078 960 so den ledsten novembr verchinen 1640 jahrs uß
32 909 1089 1042 dem hertvogthumb keylandt, dat nert undt uß-
31 971 1117 1092 wysint, ehrlich und reslich, wie es soldaten gebürt
30 1033 1041 1148 gedienet, als ey nunn widerumb herauß in dise
21 1081 1066 1207 landt khommen, welches ungenert vor 4 oder 5
21 1144 1103 1269 wuchen bechechen, habeit sy ihrem schwager, dem
46 1209 1106 1327 vilangedeüten Corentz freyen, den sy wohl in füns
45 1274 1093 1393 der 6 jahren eie gesechen hattent. Nachgefragt und
43 1359 1075 1447 vernommen, das er gar mit einem hübchen eram versechen
57 1402 1076 1510 seye, hab nit in also inen ergeuw angetroffen und nit
47 1474 1059 1580 anderst gwüst, dan seine sachen seyen eben gar richtig
51 1532 1113 1626 und we Innen wenigzu sie khomen, das er inzwüchen
49 1589 1020 1691 zum anderen mohl alhie in banden gelegen, nndt
51 1644 1067 1747 letstlichen mit dem sydt verwisen worden seye, nun
61 1706 1108 1802 habe der hienachgeschribne Meynrath Mabila by den
67 1752 1093 1860 so 2 baren gelts(welches er an seiner besoldung
74 1813 1051 1921 vorgeschlagen) sy imme gehabt, das habe diser sein
57 1869 1106 1973 schwager vernommen, inne hiemit beredt, das er im
54 1932 1090 2048 20 t darvon entleüt, mit vermelden er wolle hie-
59 1992 1082 2108 rumb seinen kram ergentzen, und solle er der ge-
56 2057 1083 2139 fanger, imme denselbigen disen wiiter im landt
74 2116 1081 2208 umbher tragen und verkhauffen helffen, so welle
58 2171 1075 2272 er im znzwüchen gut aßen und trincklen und
62 2234 1094 2339 Dan uff den früeling sein gelt widerumb geben
57 2300 1081 2402 Deßen wye derselb gar wohl zefriden gewesene
87 2358 1099 2467 und vermeint er habe sein sach gar wohl getroffen,
89 2414 1063 2527 eyen also darüber miteinanderen hinushwerts
72 2478 1096 2567 gezogen, und als ey in das thalgut komen, habe er
75 2527 1097 2618 der weirth daßelbsten under innen denen beiden
84 2588 1128 2714 Soldaten und brüederen, den schnyder angesprochen
78 2643 1084 2745 er sölle ein tag oder etliche by ihnen verblyben, er
70 2697 1063 2814 welle ihm zuarbeiten gnug geben inzwüchen
86 2755 1088 2857 khönnint die anderen ihrem handel und den
79 2810 1133 2911 märiten nachziechen und er ihnen dorten warten
78 2869 1123 2964 das seye auch beschechen, nun eye zwar nit weniger
91 2920 587 3016 das ie diser zeits eu
872 2937 1022 2996 die
