1150 3047
928 18 1098 89 119 l
13 68 1110 316 Enstfur das letsten hat sy bekent, as sy mit underschidli
25 121 1119 362 ersuhen, so denstknrchtes gsin gar vyll und offn in churen
27 189 1110 412 fleischtlicher vermüschung sich vertiefft und vergeßen
22 268 1123 493 It wellche ihr der gedachten einermannen begangne dieb
34 338 1096 545 sil hoche und schwere mißlandlungen habens hochgupt
29 407 1094 591 nch undoberen h chu khät und burger diser Ergel
17 458 1104 663 loslihen stalt bern uff ihren eyd zuo recht erkennt und
27 515 1134 708 gesprochen, das eer ferbenmaßig dem nachrichter beueln
22 586 1140 779 versyrben us uff nicht statt führen ihre alle
12 654 1116 826 e habt absch und alts mit den schwert den leben
16 717 1089 883 emenach kilselchem bachtten heniechter s. Die
9 765 1094 912 Wöl ob es diß tranckh uff bemelt end hin und zur verderbung
7 832 1100 971 ihrer getragnen lybsfrucht genoßen uß grund, es wankelmütig
13 867 1065 1004 bald bekent ballt haugnet und es wie berichtet wirt nit
22 899 1136 1066 zum lesten syner seinen mechtig, sonder himblich thoreh gantz
16 957 1101 1122 hwrifelhafftig, sollt sy widerumb in gfangenschafft gesetzt in
22 1023 1087 1172 prüschen Hans Willeneggeren sambt jenen, so zum bemelten
8 1066 1121 1211 trauhth geholffen nachgestelt, sy gegen ein anderen consrontiert
5 1189 115 1249 werden.
12 1150 1058 1301 sauh ob diß trankh oder schreken an der frucht tos schuld
56 1319 896 1463 Maritz Schnyder von Vttendorff
19 1467 1122 1568 Nach dem Maritz Schnyder vürtig von Öttendorff, sunst
17 1555 1117 1622 der mitz genambt wegenn seines von jugend an gaubten
30 1591 1111 1676 müßig gangs und dahau uff inne das er sich mit diebstälen
29 1657 1095 1725 erhaltenn thyeye gefaßtenn argwohnt, hiemr dn 1639.
30 1701 1102 1775 jar gfengeklich alhar inn myner g h und oberen
41 1768 1098 1841 banden gebracht, ernst-wortlich examiniert, hat er doch
40 1800 1108 1872 nützit dergleichenn begangenn zehabenn, weder das er
45 1868 1129 1960 an der glütsch mit hilff eines seines gspanen, so sich Jagli
45 1919 1081 1991 namse 15 ellen rystin tuch und am gwatt einhalbe
40 1973 1098 2041 anckenn ballenn, entfrömbset, Veßwegen und wyl
39 2025 1080 2100 er deßenn so der hingerichtete vatter Echantz sunst
22 2089 1114 2174 Mari Vetterli genampt, dam anklagt, ungeacht der an
25 2137 1105 2225 Inn gewente marter, inn einichenn weg nit gestendig
38 2206 1103 2289 sein wollenn, der banden ledig, vnd znn Oberen Speitall
28 2246 1107 2311 inne daselbsten seines arebgrindtshalbenn, damit er
39 2316 1111 2379 behafftet gsin, zum anderen mal Curicren gelaßenn
39 2361 1103 2442 berschickt, vnd er nach demselbenn, so wol alhie, als ouch
33 2409 1110 2483 zu thun, allwo er umbgleichenn argwohns und etwas
33 2452 1102 2515 bekanter untate willen ußgestrichenn, die ihren geschlitzt
51 2494 1087 2592 und mit dem eydt von hochgenambt zr g statt und
44 2554 1087 2635 landtschafft verwisenen, zu beserung seines lebens, und
51 2594 1070 2683 redlicher arbeit ernstlich vermant worden, Hat doch
56 2647 1115 2731 sölliches alles an imme sonit nit gefruchtet, weder das er im-
48 2700 1103 2785 erzu gun synem alten bösene läbenn fürgefahren, deßwegen
47 2742 1081 2810 er zu dießbach widerumb gefangeklich yngezogen unnd
57 2787 1128 2881 seiner unteten halbenn uff ein eins examiniert worden,
41 2840 1121 2925 WWeil er nun über seine domal bekarte diebstil keinesan-
53 2895 1079 2961 derenn als deß tots gewertig gewesen hat er sich selbiger
53 2939 1061 3012 pfangenschafft zwar zum anderen mah entlediget
