1175 3044
949 30 1091 106 109.
46 62 980 266 Michel Schauber von Oberkauschbenn
237 168 674 265 auß dem sentgauw.
14 175 1106 373 Nachdem vor etwas tagen durch den freyweibel von Than
31 251 1085 423 zwei jenge bätlerbubenn gfangeklich alher geschickt
35 314 1077 470 hit sy volgents, us nngh und Oberen beuelch den 2. tag
37 352 1091 512 wert diß lauffenden 1647 jars durch h Damel Gerwer
29 398 1090 564 ds keinen rachts und h Grosweibel Werber, ires läb
22 455 1109 620 grosenthalbenn, ernst wortlich examiniert und befragt
18 512 915 681 wenden die habenn nun bekent, wie folget,
9 604 1104 762 Erstlich michel Schauber, Er habe grschinen sammers, mit nach
32 668 1093 800 H andren jungen betlerbubenn. Drusten im Ementhal ist
30 737 1101 858 einem hust ein leib broth und ein ancken ballen nemen helffen.
28 793 654 926 die sy ouch mit einanderen genosenn,
32 865 1097 999 Hernach seyen sy wyters gezogen, und als sy aller nechst by
28 933 1084 1071 Enggenstein zu einem kleinen hüßli kommen und gespürt, das
40 1003 1111 1087 niemants drinnen seye, seyenn sy durch die uenster hinyn zun
27 1041 1094 1149 die stubenn gestigen, allwo sy einen trag offen gefunden, us wel-
35 1095 1117 1187 lichem habint sy drü goldt stuck und sonil ander gelt genomn
43 1149 1104 1242 ein, das es überal by den 15. b warts gewesen, darmit seyen
32 1210 1107 1301 sy gegen signauw gangen und als sy underwegs das gelt mit
44 1258 1094 1344 einanderen geteilt, seyen sy darob ergriffen, nach signauw ge-
33 1314 1109 1409 fürt und volgents alhar inn das shallenwerck geschickt worden.
41 1366 1061 1464 ustwellichem er zwar entlauffenn wollen, und habe sich im
44 1417 1094 1491 altenberg alhie iun ein stuck räbenn versteckt, er sye aber an-
42 1476 1081 1559 gantz von dem frouwsen widrumb funden und an syn alte stellen
27 1523 1073 1599 widrumb gefürt worden, Hernach seye er noch uff ein ander
601 1572 650 1612 e
49 1575 1063 1646 mal ußgristam, weil er aber das ysein und schallen nach am
40 1631 1099 1716 halst hate, hab nit inn die puwren zu Niderhenmngen wider-
44 1676 1127 1760 umb alhar gefürt, darrüborhin seye er gebliben. bis man
35 1735 1107 1808 imn und den anderen allen vrlaub geben, vnd durch die pro¬
57 1778 1109 1861 nohme an die grantzen gegen solothurn gefürt, sithero
54 1828 1128 1905 seye er im lant umbher dem bätel nachgezogen, habe aber
49 1869 578 1953 niemants kein leid zugefügt,
749 1889 1080 1962 Verschine wuchem
59 1937 1095 2016 seye er zu Thun uber die brugg gegangen, der meinung seinen
54 1978 1109 2061 strich gegen dem Lengenberg genemen, wie er nun gan Schön-
56 2049 1105 2120 egg kommen, seyenn iren drey (darrunder der hienachgemelte
51 2083 1066 2167 einer seye Inn einer keller gewesenn, denon haben die
43 2140 1082 2225 vanwren nachgesetzt und nit mehr dann einen von inen
59 2188 237 2260 erhaltenn.
325 2187 1072 2271 unnd wyl sy grad inne (der doch von den
54 2227 1062 2323 anderen unhit gewüßt) ouch angetroffenn, habent sy inn
53 2295 991 2382 ebenmeßig gfengklich angenommen und alhar geschickt
219 2381 938 2489 FestNost von Holtzen, auch
254 2464 916 2547 ust dem guntgouw hat bekenndt,
50 2524 1093 2626 daster mit hilff zweyer anderen bettelbuben, iunn
55 2572 1085 2689 Trubenthal gegen nacht uß eineren keller so offen gestanden.
64 2626 1085 2717 und der vollen käst und anderen speisenn gewesen, einem
61 2663 1099 2759 zimlichenn großen käst, nammen helffen, den sy hernach einem
62 2726 1112 2810 anderen puren verkauffen wellenn. Der hab sy aber anstatt
46 2763 1102 2863 deselbenn nach Trachselwald gefürt, von dannen habe sy der
48 2825 1082 2918 sr landtvogt, alhar zun das schallenwerck geschickt, allwo
64 2877 1100 2977 er by den 22. wuchen lang gewesenn, bis er entlichen selbs6.
