1202 2975
157 70 997 235 Lubewäsens halben, nochmahlen examiniert.
152 154 1172 361 befragt worden, Der hat aber anders nüzit bekheren
1037 208 1178 293 Vnndt
166 250 1158 416 wellen als, das nach dem erzuemt des letst vschinen
147 281 1163 461 Weynmonats, der gefangenschafft alhie erlaßen worden.
159 355 1161 547 habe er sich mit seiner frauwen, gegen dem Buchiberg
161 422 1160 580 begeben, alwo er bis ungefehrt vor 3oder 4 wuchen
162 491 1163 634 getrochen, sein frauw aber habe in dem dorff gnisen
158 532 1162 710 zespinen funden, da sy auch dan noch dise stundt auff
178 608 1154 746 unndt weile ersehem arbeith mehr gewüst, sye er
159 680 1159 833 widerumb dem allmußen nachgezogen, der meinnngsich
167 733 1144 874 hiermit in disen landen bis khünfhtigen früling en
161 790 1154 933 gehalten und dan mit seinem wreyb widerumb sein
155 861 1143 962 worts in sein vvatterlandt ge züchen, als er ein
171 923 1152 1032 vor etwas tags zu Mistelberg ubernacht gelegen, yer
154 977 1159 1089 der hienachgemelte Hans Cunrath von Beuran
173 1038 1148 1154 unndt Hans ih eorg pelltuch zuo imo khommen und
149 1101 1150 1218 auch die nachtferberig imselben hauß genommen, diser
146 1160 1144 1282 Letsten (als der ein blßaßer eye) habe er sein
160 1229 1144 1345 vorhaber und das er hünshtig früling widerum
141 1293 1132 1409 In sein heimat ziechen wolle, entderkth, der habe
149 1367 1139 1482 eben seiner persohn halben eingliches grosfenbaret, vn
152 1437 1115 1555 hiemit versprochen, so bald ich die zeith entschließ
149 1503 1139 1608 were mit zeweysen, seyen sy frey also mit einan
142 1559 1136 1676 deren von dannen weiters gezogen, uweichner
135 1622 1139 1738 Jagen wen in zud Dißinstoin zu eines bauren
139 1693 1137 1785 lus ksommen, (welcher eben gemetget) das Alle
145 1735 1137 1846 bnuoßden und nachthërbrig begehrt, alwo habe der
146 1806 1135 1903 hienachgelte sein gspan Hans Cunrath von Bür
141 1857 1130 1962 uned bratwurß ab der häli genommen, welches der
133 1919 1138 2021 paur gesechen, ime die warst uß den hendengerißt
137 1976 1133 2078 gantz übel gechlagen, und sy noch darzue demfreß
133 2039 1131 2143 weybel gar Münßingen uberschikke, welcher in volt
134 2101 1124 2227 gents gfencklich alhar füeren laßen. Das schrit
124 2156 1128 2272 ysen und Räpper dan, sagte er, daßelbige eye thu
135 2226 1134 2335 von einem bättterbuben gehenckt worden, mit vmt
122 2287 1128 2390 den wyl sy domahlen thein brodt by ihnen ghand
133 2329 1124 2478 ey solches dargegen vertachen könnendt, so nst habent
136 2407 1122 2515 ig nüt bößes darmit verbracht und obglichet
124 2453 1121 2602 Diser das erste mahlen lähr, das ander mit einem steine
141 2524 1133 2669 uffgezogen vergerimlich lang als enthalten worden
127 2599 1030 2741 So hat er doch nützit bekhenner sellen.
157 2685 1119 2847 Diser ist mit dem eydt verwisen worden. Den
125 2806 727 2914 16. januarii ao 1647
1168 994 1207 1043 i
1163 1288 1192 1328 e
