1233 2930
1010 -6 1086 58 118
11 27 1097 273 sy solche des gerdachten Meritz schnyters vilfaltin be
30 107 1089 302 ihar diebstäl zocht und schwere mißhendlengen habend
14 191 1087 384 grs nsch und eberen h ohs rhät und beber hiser
15 212 1096 441 m lobl statt Born uff ihren eyt zuo recht ergent und
8 282 1116 481 gesproch. Das man jnne dem nachrichter bonelch der an
11 336 1116 528 haußff gwonliche richtstatl thuren ine dohelbst
13 378 1113 586 zu hanbt abschlechelt ollso mit dem schwert von
0 465 804 637 nach zeyserlichem rechten zurichten solle
14 531 1087 713 Den 10. junye 1641 rthrikan im enstattet worden.
10 582 1096 768 itman dise untheil an im erstatten wellen, der ist aber abgfallen.
27 648 950 796 und deßwegen wider in die gfangenschafft gefürt worden.
24 705 1109 864 ly demnach verschumer tagen, Anna Zimerman Heinrich
17 755 1108 885 uinermens eines tagwners pürtig von kilchhindach ehe
689 823 724 852 32
-5 800 1094 946 licht tochter vor etwas abgewichner loll umb eines be
12 842 1094 992 gangnen diebstals willen, gfenklich allhar gebracht, ist sy
-2 903 1113 1054 volgends darauf u ingh zenwoberen keinelch ihres läbweses
10 954 1100 1081 halb examuniert und befragt worden, kyat sy uf montag
13 1002 1101 1144 den 26 und letßen verscheinen brachmonats diß 1641
12 1059 1091 1191 ers in bywesen und gegen würtigkeit der ehronuesten
16 1106 1118 1255 tatten wollgeachten fürsichtigen und wysen herren obrag
15 1162 1133 1305 hein von Werdts des kleben Hans Jacob Kymans Hans Rudolf
15 1228 1134 1349 kenners deß großen ehats und samel Lerbars Großweibel
14 1286 1089 1399 sambt anderer ingh und oberen zieneren der weiblel
20 1330 1091 1450 mehr bekent und an der marter erhalten, wie vollget
6 1411 1105 1537 Erstlich habind zwar ire elteren sy anfenklich zu einer
21 1478 1112 1590 näderen geschiktt und sy der gstalten nätzen lehrnen laßen
27 1539 1114 1619 sy hernach mit anderen meitlenen, so sy zur wra genomlte
26 1582 1065 1695 selbston uff die stören gezogen und sich ehrlich darmit
21 1632 1136 1738 fürbringen können, nachdem hab sy sich an antheni ehrmann
32 1686 1090 1797 gnnest einen kuger, welcher danal by j sigmandt von
21 1741 1107 1833 retenwol im dienst gewesen gehenbht, der habe wra die
28 1801 1089 1893 ehr vorstwachen und sy darüber geschwengeret, welches
19 1845 1115 1945 ihrem vnter sehr ubel gefallen, DDer hab sy von diser ursach
19 1903 1096 2003 fregen und dad sy sich geütz sich dem umbschweiften und müßig
43 1965 1087 2051 gang ergeben den im gestoßen, alls sye sy nach mührli
31 2016 1090 2112 verflosnen 1639 jarz umb die zyt, alls inen dah voch
45 2054 1114 2164 entstelt zuo ermaltem khuyer der hr landvogt Morge
40 2099 1102 2218 lot g urch abempfangen hats gangen und habe sy imme geen
29 2155 1090 2259 kont biß, das er widrumb zuo alp gfahren, innnert, welche
43 2188 1085 2302 hytt, seye sy auch von imme schwanger worden und wyl sy
34 2234 1107 2362 inzwüschen einen 10 lbi käß den tra ermelter Khuger
36 2300 1096 2390 gegebet, einer krowen h Rudresen s reyn änet der
54 2344 1120 2471 iren gewohnt, das s umb 3 bz verkaupft und doch niemalen
45 2379 1108 2508 kem gelt ungeacht sy wra  aelbige offtmalen gefordet
59 2436 1115 2545 von zra bringen mögen, sye sr endlich zinaß gangen in die
67 2494 1093 2601 stuben gestigen 5 bb in geltt und 2 furtucher darußgeen
50 2551 1100 2659 emanen und sich daruon gmacht, Es sye aber ermelte fraw
40 2588 1106 2705 fra angentz nachgeylt, sya ertwüricht und so vill zweegen
56 2637 1104 2752 gebracht, das sy alhie pfenklich ynthoren fra der frawen
41 2680 1093 2782 dre obgenammne sechen widerumb zugstelt und sy allso
33 2723 1083 2860 trüberhin der gfangenschafft auch eerleßen worden
