1205 2945
169 69 876 238 gans unrad von Beuren ein
323 152 633 268 Junger knab.
-5 220 1069 446 seytem sein varter habe bendicht von Beüren
10 301 1059 492 gcheißen, Vnd eye zuo dlas by Erlach, dasemenge¬
0 368 1105 557 lßen, der habe in by Madlena Goßmn, von Hinnen per-
93 432 1076 600 unehelich erzüget, volgents habe sein mutter
10 480 1113 665 sich mit vd Rudolff wagner einem fischer von Krund
3 527 75 608 tu
5 567 1097 728 vaselichat, by welchem erzwart by den prithalb jahren
11 651 1073 799 geweßen. Und aber dermaßen so unwerth gehalten,
10 704 1079 854 das er auch entlichen gar von hauß geschlagen worden.
14 800 1104 927 Deßwegen er wohl dem h. alltoßen enchziechen müß.
6 855 1110 1009 habe doch glichwohl im Henwet unndt Summer, den Baure
11 923 1094 1045 jederwylen helffen arbeithen, etliche mahl habe er hel¬
14 980 1053 1127 fen schlyßsteinen tragen und also arbeithellig gung
6 1077 1074 1177 In diser welt umbher ziechen müeßen, sonst habe er
6 1128 1045 1234 ußert den obgemelten zwreyen würsten(darzuo in
16 1191 1077 1300 doch der kither hungen getriben.) theinem ment ihen
16 1254 1077 1367 niemahlen nichts gestollen und seye glichwohl von
11 1315 1108 1425 Dem bauren daßelbsten eben gnng hart darumb gestrafft
8 1377 1090 1483 worden, Disen hat man allemn lähr aufgezogen sundt
15 1439 1098 1548 ernach zu seinem stieffvatther gan frauw verchiekt,
15 1500 488 1615 Den 16. januarii 1641.
194 1621 1088 1745 Hanns Eeörg Heldtnos von Pfaffen¬
275 1711 920 1815 henm, by olmahr auß dem Elsaß.
35 1836 1056 1929 Sagte, sein vather seye ein berkh unndt zimlichwohl
27 1895 1034 2000 bemithlet geweßen, Vnndt aber von den Soldatenn
23 1959 1095 2055 vor zweyen jahren erschoßen worden, woruß habe er
37 2010 1073 2101 sich mit seiner muder welche ganz kranckh und übel
32 2068 1064 2164 mögent gewesen) alhar In die Statt begeben, allwo
32 2122 1038 2217 sein mutter in die inselben uffgenommen worden, und
40 2182 1038 2279 dorten gestorben, hernach ob habe er in dem nideren
45 2241 1061 2335 Ried bey Bluspeyen einem meister gedienet und seye
36 2292 1063 2377 jetzender willens gewesen, sich widerumb in sein heir
32 2338 1026 2450 math ze begeben, wyl aber das böße weiter wätter
42 2406 1113 2511 hierusch ingefallen, habe er sich mit dem obgedachten michel
59 2466 1080 2577 bheyder entschloßen, noch sollung in disen landenzeuer,
52 2525 1087 2650 arren bis das der früeling gebrechen werde, worüber
34 2584 1076 2693 ye ervolget, was durch die anderen zwer angezeigt
52 2656 978 2758 worden, sy welchem ers auch verblyben laßen.
57 2710 1099 2817 Diser ist mit demeydt verwisen worden, den 16. januarii
63 2812 198 2891 1641.
