1118 2881
60 35 1072 160 sölliches glaubt, sonders jnen nach darzuo 60 kronen jn barem
51 84 1049 215 gelt mit etwz kleideren angehenckt, als aber dise
54 143 1045 248 landtstreicher sich darrüber hinwegg gemacht, unnd
35 174 1045 313 sy die angeregte Fronegck Müller, sych hierinnen
46 234 1022 363 übell betrogen befunden, hat sy ihnen nachgeylt
42 309 1040 438 und dieselbigen verschinen mitwochenss den 12. diss
51 377 1079 484 allhie uff dem platz vor dem Zytzglocken thurm
43 445 1026 564 angetroffen, woruff dann syn dess gemelten
36 507 1052 625 landtstrychers ehewyb, khindt unnd magt sampt
50 572 1042 705 noch zweyen anderen mansspersohnen und ihrenn
41 661 1004 789 wyberen gfencklich angenommen worden, der
38 729 1057 863 rechte redlifhüerer aber entloffen, wesswegen dann
45 806 997 924 mghrn. unnd oberen, jr gn. beiden dienerenn
38 870 1014 988 hrn. grossweibell Leerber und grichtschreiber
41 944 1064 1059 Esser befohlen, gesagte frouw von Thun, hierüber
46 1018 1011 1119 zeuerhören, das ist volgents auch beschechenn,
27 1070 1008 1190 die hat nun bekhendt das volgender gstaltenn
40 1144 360 1255 zuogangen seye.
41 1242 1010 1354 Namlichen verschinen sambstags den 8. diss
39 1301 1079 1412 monatss Augusti seyen drey mansspersohnen
25 1364 1007 1480 sampt jhren wyberen, einer magd und einem
23 1438 1028 1547 jungen töchterli für jr huss, allwo sy die ge¬
36 1502 1049 1604 zügin wyn bey der pindten verschencke, khommen,
37 1566 1016 1679 habenn daselbsten einen trunck gethan unnd
26 1631 1013 1743 darüber hinweg gangen, morndrigen tagss am
32 1696 1023 1823 sontag nach mittag seyen bemelte per¬
45 1768 1009 1879 sohnen widrumb zuo jhra in keller khommen
28 1837 1025 1944 und habindt abermahlen daselbsten ein mas
21 1906 1018 2017 rottenwyn getruncken, wyl aber noch vil
30 1970 1054 2081 leüth neben jhnen jm keller gewesenn, habint
23 2034 1023 2146 sy einen stul genommen, seyen darmit uss dem
28 2106 1020 2215 keller für das huss gegangen und noch mehr
23 2152 1009 2287 getruncken, jhra der gezeügin auch so wol
23 2223 1014 2346 domahlen alss am tag zuouor zetrincken
27 2299 972 2416 angepotten, so sy jhnen auch abgenommen
22 2342 996 2480 und wan sy das glass nit volkhommen ussge¬
21 2417 972 2540 truncken, habint sy jhra den rest in das
15 2491 978 2611 angesicht geschütet, gleich nach genossnem
16 2566 1008 2676 trunck seye sy gezeügin ein sölche fantasey
15 2623 1018 2746 ankhommen, das sy von disen leüthen nit lassenn
868 2706 1037 2796 khönnen,
1057 15 1120 75 80.
