1199 3086
61 665 86 732 d
466 161 862 253 Ihre hefr vol opfel
114 184 1110 340 ganherblingen Nich ere ntukht
115 245 1184 411 zno sürblingen Ullrich Mooseren ein par schno entragen
123 304 1197 508 zur Rysenstein 2 hamen und die im buchti mit der frag
118 370 378 465 verbrucht.
134 432 925 574 uud trmmbstein ein stakhen voll würst.
136 493 1206 656 und zillringen 1 kübl voll mehl und etwas ankhen gnammen
137 554 733 690 An der sensen i leibbrocht.
127 647 1209 810 Im krauchthal mit hilf shner osfanen Bentz und Jagg geg
158 715 941 809 16 ellen unsponmigs turh entfrombdet.
69 778 132 849 d
140 766 1205 917 no luybrunnen uß einem kaller  runff vol zi vnd b
50 838 1206 974 de benmeßig zuo kleinen höchsteten (i sämbler vol ggen
104 890 499 987 und g leibbrocht.
86 943 1200 1092 Daselbst wyhter  fükli voll anken und im spycher mah
135 1015 692 1124 Habermal und i mas herß.
136 1069 720 1188 io Bürzelen  leybbrecht.
119 1123 1084 1267 uo veracheren i leib brocht unnd i nachscheyt.
127 1199 1203 1340 zuo Biberstein 2 gippen und i leg bbrocht, auch in blath
126 1272 347 1363 Vollfleisch.
136 1315 1185 1436 Alls nun gedachter schnyder uber sollche syne vilfaltige
29 1361 130 1451 bkent
142 1394 1195 1482 Diebstal Peins anderen alls des stads alldort zu dieslig
128 1437 1167 1528 veerwarten gehebt hat er sich selbiger gfangenschafft
136 1485 1189 1588 zwar entlidiget ist doch der flyßigs und sonderliches
143 1534 1151 1635 nach itzen vorgenampts junkheren von Dießbachs zuo
104 1580 1204 1691 dnbtorff widerumb ergriffen alhan gefurt worden hat
136 1641 1201 1732 zr in bysyn und gegen würtigkeit der ehrenuesten wag
142 1691 1184 1790 fürnemmen fürsichtig wollgeachten wysen herren samur
126 1746 1184 1831 Hansen Buerlerken und dhs kleinen schand Cnrad wyl
141 1796 1183 1888 bachs des großen khats auch Geranging von Graffeneieds
126 1844 1184 1919 Ammand im khathuß und etliche weiblen sit g dienen
128 1908 1124 1987 uffmonstag den 5. und frytag den 9. harmonats gegen
91 1969 1177 2046 Wartin jars nachvolgende mehrere diebstel mit der
138 2009 730 2089 mantter bekent vnd erhalten
104 2035 1181 2144 Das er namblich mit obgenembter hilffen zu wylereltig
79 2122 1189 2222 uß einer gppen so in einer stuben ghanget e und genomm
107 2182 657 2271 dornon ime 10 g worden.
121 2206 1103 2335 mit ebenmesiger hilff uß einem huß 3 stukh fleischn
1127 2282 1177 2337 4
126 2299 461 2396 angentz geeßen.
123 2337 874 2451 zur Müri  leibbracht, den sy genoßen.
120 2391 1106 2514 lffen kürtzenberg ußeim schafft 4nd ankenballen.
135 2474 953 2571 by der sensenbrug 4 ellen eysein zu.
102 2548 224 2608 B
123 2514 1197 2665 n umpfitzn in einer stuben in strog ubrih daruf ehet
92 2587 1201 2718 par wulltosen gan und glych anethalb umb 5 lb vere
112 2664 684 2776 fanff und ausgelt getheilt.
122 2673 1115 2821 ino wyleroltgen uß einem trag 2 enzukht.
86 2774 936 2908 zu Dießboch ab einer häli 2 würst.
51 2814 1182 2965 Aas Staffißburg uß einem keller 2 kasen, so y mit esn
61 2915 456 3022 landeren gnoßen.
