1276 1511
1024 5 1116 52 168
36 37 1116 194 Stuneneag getragenn, daselbstenn seyent, s inn deß schmits
52 73 1099 238 is übernacht glegen, und habe der alt man die pr h umb
51 100 1085 276 wyn geben, den ser auch mit einanderen getruncken, das flächstin
54 145 1077 305 und köstin tuch, hab et sy der schmidi verkaufft, umb daß
42 187 1083 363 flchstin habe sy inen für die ell 2 lz nd umb das Rystin
50 232 1074 390 kent, deßgleichen vmb ein ancken ballenn. 9. hz. vnd
43 289 1091 443 umb 2 käst 5 h geben, das gelt hab nit sy mit einandern
47 325 925 487 getheilt und syn im für synen theil 30 bz worden.
46 419 1093 571 und obwol der obeangezogee Chunrath zbinden, denn sy jnn
48 469 1097 603 sein hus gebrochenn, sich erklagt, daß er auch by den 6. oder
37 531 1080 638 N2. doblonen, inn disem ynbauch verlohren habe, so hat doch
29 573 1107 688 diser Bartli Fischer ungeacht nothwendiger marter so an
25 635 1083 745 zeme gewent worden, hieruonen nützit wollen wrüstenen
26 726 182 793 wellenn.
37 782 1079 890 uff sölliche syne deß gesagten Bartli Fischers begangne
43 847 1097 944 vilmaltige diebstäl übertretne eydenn, hoche und schware
38 904 1100 983 enshandlungenn habenn hochgedacht myn gh und oberen
36 958 1100 1026 hr schultheißt räth und Burger diser freyenn und hoplichen
40 1007 1096 1079 statt Barnn uff iren eydt zu recht erkent und gesprochen
31 1047 1073 1114 das man inne dem archrichter beüelchenn inn das schallen
29 1113 1057 1179 werck schmiden, so lang darrinen arbeiten laßenn sölle, bis das in
20 1140 1096 1222 z kamptman Müßtli, dem dergleichenn gsellen jun das wieman
24 1203 1077 1295 gefüren bewilliget worden, hinwegg nemme, alsdann sölle er nach
20 1244 1043 1317 mahen mit dem eydt von ir h statt und landttwisen
20 1289 558 1372 werden. Actur o 11. ap 1640.
