1087 3033
1014 57 1090 119 31
7 101 1071 210 hrimbgebracht undt getheilt, also sye iren man einund
21 168 1049 266 schwentzig undein halb pfundt reüws halb endtfast
20 220 1070 335 gebleiktet garn zu seinem theil worden, so sy beide
26 278 1069 385 nach frybueg getragen und verkaufft, am obrige
36 329 1052 447 wüsse sy gantz nicht das ermelter ir eheman zuvor
26 384 1036 497 etwas dergleichenn gelhan vilweniger verdächtigen
30 446 1048 575 sachen sennlen in das huß gebracht habe, were auch
23 507 1043 623 dissmahlen nit geschechenn, wan nit ir Hussman der
30 566 1083 680 gedachte Peter tryelandt fur so yfrig darzu ermand
23 617 1064 744 unnd die sach so liecht fürgebeng gete, Pete hiemit
24 688 699 819 auch umb gnadkundt verzychung.
12 903 1046 1014 Hans Wienwachte Vorgemelt, Bekendt
35 977 1073 1071 also er habe umb fählnachten verschinnen, dem hienor
31 1032 1049 1125 gedachten Peter wyelandt, derhalben theil seines
20 1090 1015 1183 husses aberkaufft unnd albereit bezalt, sye alß
29 1167 1065 1253 sithero mit seinen weib und kinden darinen zehnß
29 1197 1085 1312 gew�sen, var wenigzeit rede inne gemebter wrielandt
38 1261 1032 1362 an vndtspreche zu Ihm, er wüsse in einer mattenn
31 1323 1056 1436 nechst by der Statt so treffenlich vilen garen, vndt
31 1387 1064 1496 wann er ihm wolte gel�den, so köndten sy ohne nolh
24 1457 1063 1553 einen gutem theil darna iiwegg nemmen undt
29 1517 1072 1625 zugelt machenn, woruf aber er tyrewächter imme
21 1589 1091 1698 geandtwortet nei, er wolle darzu nit verhelffen.
23 1656 1017 1754 und habe hiemit allß zugleichere beide wyber
20 1708 1088 1836 Inne wielandt ein soldes fürgzenemen abgemandt
30 1753 1071 1889 mit vermelden wan es von inen solte offen,
22 1827 1014 1939 bar werdenn, was schandt, schmach undt schadenn
11 1875 1015 2004 inen desswegen begegnen wurde by welichem es
18 1943 1029 2074 domalenverbliben, in etwas tagen hernach aber
19 2004 1017 2140 spreche gesagter wielandt inne widrum an, er
27 2050 1031 2206 sölle ime doch hierin behulfflich sein, das er sye
24 2113 1008 2269 schuldig unnd müsse nothwendig gelt habenn,
20 2172 1028 2338 sonst werde es ihm gar zu übel usschlagen, also
26 2249 1044 2393 habe er sich leid, von Ihm bereden lassenn, vnndt
12 2303 999 2474 sye als mit ihm zu zweyen unnderschidenlichen
18 2357 1059 2532 nechten dahin gezogen und wie sy zu dem orth kommen,
12 2412 1013 2589 sys er lygew�chter (alls nun mehr ein alter
27 2492 1007 2654 und etwas mehr dan halb blinder man) in
21 2543 1037 2730 der gaßenderblibenn, der Peter wielandt aber sye
17 2620 1022 2789 gigen gestigen und habe ihme das garn hernser gegebte
22 2681 1033 2840 erwielamt sye zwar auch willens gwäsen ein ganz
11 2727 1038 2894 stnck thuch hinwegg genemmen, doch habe er ihm söliches
25 2795 1051 2968 reth und gesagt, sy wellen es nit zu grobmach
