1181 3137
167 166 1162 358 also ihmme hinderrucks undt unwüßent einen falchen
176 236 1151 421 brieffs uffrichten, und ihne zu einem gleübig
167 306 996 470 darinnen vernamser und setz wurde etc.
156 440 1145 629 vor ermelter Joserhz Jousi zeigt an, Es seye
153 560 1133 696 zwar nit weniger, dann alß er uff ein zeiten
127 630 1157 767 vor hr daniel Schmidts des schreibers behu
176 690 1140 812 uug ob dem kauffhauß zu Christen wyler
160 750 1139 890 khommen, habe imme derselbig vstande cheists
168 825 1144 935 wyler) angezeigt, wie das er Hannße Von
158 874 1133 1009 ruffenacht 45 cronen gethun und schuldig seye
163 953 1119 1073 worumb er ohn underlaß, sowol mit betronung
164 1016 1155 1142 des rechten oder sonsten angelangt und getriben
158 1077 1185 1198 werde spreche inne also ahn (wyl ime nit as
158 1138 1174 1255 müglich sölche zu erlegte) er sölle für zhune gultzet
155 1213 1162 1309 und bürg werden er welle hierumb ein gnugsamß
143 1252 1124 1355 frey ledig eigen underpfandt einsetzen, worim
1136 1295 1181 1350 r
163 1313 1139 1414 habe er sich verwilligtt, gange also mit demselben
1143 1336 1181 1425 ich
147 1384 1128 1476 zu obgemeltem hr. schryber Schmid, erkhennte sich
1141 1422 1174 1475 1
149 1432 1176 1528 zer für ihüe eingegangnen buttgchafft als nun der
144 1493 1124 1575 Brieff durch ermelten schreyber veruerttiget und
1142 1544 1188 1609 d
157 1541 1121 1641 uffgerichtet und vorgelußen worden. habt so wohl
1127 1593 1185 1657 dr
151 1608 1094 1705 er, alß auch die darum vrnamseten gezeügte
147 1661 1117 1761 dezwegen, dem Hrrn Sigler an das Sigel glop
141 1722 1108 1816 Daß aber er von sölchem seinen begangner betrug
148 1770 1084 1876 und hinderlist gewüst oder darzu geholffen.
148 1836 975 1942 werde es sich nimmermehr erfinden etc.
134 1939 1119 2064 Diser ist ehr und wehrloß erkehrnt zwostent an das salb
137 2031 1120 2117 ysengestelt und hernach mit abtrag costes, ledig gelaßen
144 2072 728 2152 worden den 6. novembr 1640
474 2152 1121 2310 Withelm Lyter von Be richt
583 2252 1153 2363 der schwartzen zu poff
1124 2322 1164 2375 M.
127 2322 1120 2444 Nach dem derselbe von Hertdroben sy er gehart
138 2380 1113 2516 glchafft enthaltnen Maria Müller der über
139 2452 1104 2582 ußnerchreiten Lucia Assholtes dochter
1135 2499 1185 2559 abe
133 2497 1110 2640 angeben worden, als sölte er ey nit nur ihre
119 2533 1125 2694 zunffrauwhafft beraubet, sonders noch ihr
116 2625 1116 2750 zweyen der eintzu Muschen, der ander
130 2676 1081 2823 alhie hingerichteten bruderen und anderen
116 2744 1112 2865 geben mehr, Ihre gestohlnen sachen abgenon
122 2785 1113 2908 und zu verneren diebstählen angewißene
109 2844 1114 2998 Item auch zu einer gwoßen felchen mantzer
122 2908 1107 3055 welche zud ihnn uß der gefangenschafft geberen
