2448 3264
189 145 1230 413 Barbara Bauw von Oberwyl uß dan
233 213 1207 451 Anirt ahrburg ist von begangnen deiten fälers
238 275 1211 497 wegenn inn Hurey und ehebruch von Ir g statt
227 374 396 460 1639.
240 324 1224 561 und landt verwisenn wordenn, Den 26. maii
316 573 1203 806 alome faquemo, Hanß Schwandeiß von
196 633 1185 838 Schupffen, der sich dißemalen zu OberLindach
219 717 873 861 uffhaltet erliche hußfrauw
147 878 1194 1037 Nach dem dieselbe vor etwas tagen alhie zum storch
203 938 1227 1097 uß einer kameren fwey Lynlachen, ein költsche
199 1004 1204 1158 dackbetlziechen, vnd ein mäsßige kantn, deß
203 1052 1195 1221 gleichen ab einem wehr ein mit silber beschlagen
190 1143 1189 1295 Mäßßerli genomen unnd daruon einer gwüßsen
196 1200 1205 1362 alten witfrauwen an der Goldenmand gassen
187 1271 1174 1427 gleich by mr Lienhart kammen schmiten gesesen,
191 1357 1210 1508 deren namen doch unbekandt sye, 2 lynlachter
204 1413 1208 1543 umb- 10 und die konten umb 9 batzt veren
193 1486 1166 1622 kaufft, hat die wirti zum storchen sölichen
202 1556 1181 1680 n erfahrung gebracht, die sachen widrumb an
173 1637 1199 1764 sich gelöst unnd die fr gfenklich ynseyen laßßen,
182 1701 1207 1827 Unnd wyl sy schon vor 3 jaren umb das palhie
176 1774 1195 1886 zum zumerleüthen 3 oder4 leilach zum narrn
167 1836 1165 1948 zwey Leinlach einem Pfister einen zwen bayen
176 1911 1137 2029 werttign leibbrott, vnnd einer gwüßenn
171 1990 1183 2114 grembleren alhie etlichellen lynng thuch gete
166 2064 1175 2180 nomen, welche sache doch fra alwegen widrumb
178 2140 1177 2259 abgenagt unnd y darüber in das schallenwerk
163 2210 1193 2345 geschmidtet worden, Haben mein gen hr unndt
166 2298 1183 2421 obren ußforcht, das sy noch vil andre unnd bösere
140 2380 1186 2475 sacht werde begangen haben, benolcht, das sy hierin
166 2434 1152 2551 mit zimlicher martter solle befragt und
132 2508 1173 2617 fxaminiert werden, Das ist nun uff donstag
148 2570 1127 2695 Den30. maii durch den ehrenueßen etc. hr
158 2646 1148 2766 Abraham von Werth deß kleinen, danel
153 2705 1138 2837 Kaller deß Großen naths unnd hr Großse
160 2780 1086 2899 weybel von Buren beschechtn. Die hat aber
159 2824 1156 2971 usßerth disen abgeschribnen artielen gantz müt
153 2921 1111 3039 wyters bekennen wellen. Gott vnd ein gl¬
153 2943 1172 3084 oberkeit umbverzychung gebäten, auch versprichen
156 3062 816 3170 sich mne künfftig zu besßeren.
2317 123 2387 185 15
1309 190 2382 451 Magdalena Giänck von Hern ist von
1318 234 2398 514 begangnen driten fälers wegen. Inn hurey und ehebrach
1579 285 2394 482 zu vnd Oberen, Statt vnd Landt ver¬
1313 407 1970 606 gge
1321 440 1559 545 vn ne
1296 472 2170 698 Christen Gnagi von Lienterswyll
1313 536 2361 767 Nachdem derselbe aun verdacht kommen, als solte er mit
1303 595 2355 839 silff seines geleichenn. die jenigen 3 pferdt, welche unn
1304 625 2386 873 lang zu Alblingen by Schwartzenburg verbahren worden.
1309 664 2362 923 gestolen, nach zurzach gefürt und daselbsten verkaufft, auch
1320 720 2365 945 nist noch vil andere diebstäl mehr begangen haben. Haben
1302 765 2382 986 myn gnedig s und oberen nach imme trachtenn laßenug
1303 823 2388 1028 der ist nun hieruff gfengeklich abhar gebracht und volgents
1297 868 2378 1066 Ist in sbeuelch durch hr vierent Stüeler deß kleinenn.
1305 910 2328 1115 hr Hanß Yten jüngeren und herren grosweibell
1303 940 2339 1142 von Büren deß großen rahts, alhie im Thurn zu Marzil
1304 1001 2354 1189 deßwegenn befragt und examiniert worden, der hat sich
1295 1094 1977 1229 darrüber volgender maßenn versprochenn
1287 1140 2353 1302 Als er vor etwas tagenn nach liemerswyl gewolt, habe
1299 1193 2342 1342 er obenthalb bramgarten inn deßelben sswalt, zwen
1286 1241 2311 1387 imme unbekante mannen mit 7 pferden angetroffen, für
1266 1283 2338 1414 welche er gegangenn, als er sich aber by hr. oberstann
1302 1329 2347 1456 von ehelachs gut im grabenn ufgehaltenn, syent dise für
1283 1402 2341 1506 inn gritten, danen er auch nachgeuolget, wie sy nun ein
1276 1459 2315 1552 wenig fürbast zu demselbenn klynen seeli, da sich dero
1294 1494 2364 1603 fräg scheidet kommen, haltint sy still, wart nit im und fra
1304 1556 2322 1638 nit inn welches der rechte weg uff Burgdorff sün, den
1708 1606 2341 1693 Weil sy aber denselben ze treffen
1292 1614 1629 1684 seige er zuen zwau¬
1286 1668 2320 1738 Inen nit ynbilden könt, mutint sy im an er sölle mit
1287 1700 2296 1772 inen bis zu der nachtherberg kommen, Da wollint sy für
1287 1750 2293 1838 von zalen und nach darzu ein krützdickn für syn mueg
1283 1804 2319 1883 gebannn, daryn er dann bewilliget, Ey disem sye es nit
1285 1847 2330 1940 eblibenn, sonders sy sonochint znn nach wyters an er sölle
1292 1898 2324 2007 mit inen hinab bis nach zurzach, sy wollnit im alle tag
1287 1944 2318 2053 2 u zelohn gebenn, welches er abermalen angenommen,
1290 2003 2367 2110 gleich verthell Wyningen treffent sy nach 9 stuck tychen
1286 2056 2327 2166 welches auch ir gewesenen, daß alles hab er inen holffe
1280 2076 2335 2204 nach zurzach füren, daselbstenn habent sy das ein und ander
1281 2119 2342 2262 erkaufft, imme sye aber von dem erlästten gelt nit nur nichts
1297 2168 2331 2304 sanders auch synen versprochnen lohn nit worden, maßen das er
1283 2228 2357 2376 auch widerumb alhero ze kommen, uff der strast von etlichen
1281 2254 2322 2414 Burgeren diser statt gelt entlenen müßenen, er habe
1277 2308 2353 2465 auch nit gwüst, wüste es auch diser stundt nit, das so dise
1287 2337 1798 2467 stuck söltint gestolen haben.
1282 2414 2357 2621 zu disem hat man imme auch fürgehalten, er habe vor 2
1264 2488 2332 2676 Jarrn ein schwartz pferdtlin verkaufft, welches aber dem
1264 2528 2348 2731 gung h yten gstolen worden, wie es mit demselbens
1279 2566 2356 2761 zugangen syn möchte, hat er geantwortet, es sie nit wenig
1433 2648 1471 2684 1
1278 2609 2349 2812 dann das er ja daselb pfertli verkauff habe, er habe aber
1280 2642 2371 2866 sölliches zuuor vor der brug zu Nydame in bysyn Hanß
1276 2697 2338 2917 Boüwers und bendicht einent, daselbstenn von einem
1269 2723 1950 2897 von Büdrich umb ein stuten ertuschet,
1252 2779 2349 3030 daß er aber einem gwüsten krämer meit einem stein in der
1275 2841 2338 3070 sandt nachgangen, sie zwar dem also. Derselb aber habe im
1271 2895 2358 3112 alst er umb etwas trunckenn uff der stras glegen und gsizler
1264 2926 2370 3161 Ist seinen hosen 10 bz genommen, darob er erwachet und
1259 2971 2353 3210 wegenn imselben kümel ufgestanden, einen stein erwütcht
