1221 3027
190 71 1166 246 Den gantzen verlauff angezeigt, vndt
189 139 1203 327 souil by imme erhalten, das er ihm das
175 217 1188 388 Unabli widerumb zustellen, welches er
153 301 1215 478 eyser auch heimfuhren Laßen, gleich daruff
180 408 1184 535 seys auch die mutter ledig gelaßßen
170 482 1186 619 worden. Am letsten Herpst Marit
168 550 1174 722 zu Thin, habe er sy zu Thun gesechen, Vnd
165 650 1188 806 gleich darauff von dem Weybel daßelbste
174 741 1176 875 vernomen, daß er Sy vmb das Sy zwo
191 824 1189 965 falsch Silber Cronen Vßgeben, Ins gefeng
194 905 1178 1017 nus gelegt habe, worüber er von danne
193 979 1198 1127 hinweg heimwerth gegangen, Vnd alßer
164 1060 1187 1199 In acht tagen darnach alhas in die Stat
178 1137 1223 1283 khommen, habe er sy im mr Hanß Kaller
118 1230 1158 1348 des trayers underen stübli am stalden
1152 1263 1217 1330 n
177 1309 1222 1433 alhis (dahin es ein groß stuckh derolter
1182 1409 1225 1473 ü
180 1390 1143 1509 Holtz einen wacher darauß träyenzu
176 1455 1156 1582 lasßen, getragen) angetroffen, darab er
1176 1466 1223 1562 ir
163 1529 1155 1668 sich hefftig verwunderet, Vnd wyl er geseche
1183 1609 1216 1705 i
152 1622 1147 1746 daß er villeichtes Irenthalben in Vngluckh
1172 1697 1219 1772 n
178 1700 1157 1819 khomen mochts, habs er Ires Kindt ab¬
1186 1783 1223 1818 t
199 1771 1149 1890 solen lassen, vnd selbiges Ira widerumb
1179 1831 1224 1870 gan
1179 1868 1219 1924 selben
164 1832 1157 1959 zugestelt, wormit sy auch darvon
1175 1935 1222 1979 sgeb
169 1910 1157 2028 gezogen, also das er seithero nichts mehr
1173 1968 1222 2019 ner
155 1976 1154 2111 von tra vernomen, Villweniger etwas
1176 2009 1223 2091 Ob
1185 2084 1227 2133 w
165 2054 1145 2193 von irem falschen gäldt empfangen
163 2149 1168 2270 oder ußgeben habe, zwar seye nit wenige
127 2223 1164 2340 dann das Ihm Vnderschidenliche mahl an¬
165 2294 1142 2420 gedeütet worden, by gange mit falscher
146 2374 1157 2493 muntz umb, es seye aber souen nit umb
157 2453 1137 2581 sy gewesen, daß es habs solches im
152 2513 882 2664 erfahrung bringen eoimen etc.
136 2614 1120 2736 letstlichen hat man imme die hiroben anzaget
149 2677 1111 2784 Maria Müller, sein anklegeren Vnder die
153 2731 1147 2862 augengestelt, die hat ihn zwar under mundts
145 2799 1153 2925 erhalten, das es sich fleischlich mit fra bergangen
151 2864 1164 3006 Vnd das er Iren bruederen die heoben Ange¬
