1622 3264
3 123 1057 279 darob er aber verdagt und volgents von den syne
12 144 1062 308 gschickt wordenn. Der habe sich nun die zeith ger
6 211 1050 379 hero zu Remfelden by derselbenn besatzung ufgen
19 248 1073 415 halten und aber us trib seiner gewüsten dorten nit
12 289 1055 468 vblyben könden, sonders seye widerumb heimbwerts
8 336 1028 524 gezogen, daselbsten er nun ergriffen und gfrngcklich
22 447 440 555 alhar geschickt worden.
7 454 1079 666 Uff söllich syn deß gedachten bendicht Martins ab-
16 547 1056 721 sheuürliche, vnd verheistenliche mishandlung, habenn
16 590 1038 767 hochgedacht myn g h und oberen h shult heiß
13 651 1057 809 Räch und berger diser speyenn und lplichen statt
15 709 1054 855 Bern uff immen eidt zu recht erkent undgesprochen,
2 763 1068 922 das man inne dem nachrichter kenelchen, der in oben
21 801 1055 952 uß uffgwonliche richtstat füren, mit dem schwert
28 873 1015 1018 das haupt abschlachen, hernach den Cörper in Ehin
23 926 1089 1050 krönnent feüwr werffen, zu Staub und äschen ver
23 979 1049 1108 krönnen, vnd also hiermit nach dem Kersenlichen
22 1041 871 1179 rechten vom laben zum todt hinrichtn solle,
24 1096 1082 1227 den 10. decembris anno 1639. Ist dise vrtheil an
24 1185 470 1287 imn erstattet wordenn
61 1241 1098 1363 Maritz Schnyder von Liersacherenn
26 1365 1091 1459 Nachdem derselbe, mit den hienachgemelten zweyen
28 1431 1088 1510 jungen gesellen im Lochenberg oberhalb münsing
34 1475 1075 1560 übernacht gelegen, sindt sy als verdechtige personenn
35 1520 1070 1610 daselbstenn ergriffenn und gfangeklichen alher ge-
36 1580 1093 1661 bracht wordenn. Und wyl diser Maritz Schnyder
35 1645 1080 1707 than hienur auch alhie zug der gfangenschafft gewesenn
40 1699 1093 1764 und aber domalenn ist ursachen, das man nützit von im
37 1763 1072 1830 bringen mögene leiggetastene widerumb ledig ge
48 1812 1047 1888 laßenn und daby dem m des oberen spittals
37 1847 1068 1933 alhie benolchenn worde Inne seines berbgrints halbe
37 1919 1086 1994 mitdem er noch dißmalenn behafftet ist, Currieren
31 1953 1091 2044 zelaßenn, da er doch demselbenn nit erwarte wollenn
33 2003 1081 2091 sonders ußgeristen. Habenn myn et s und oberem
43 2066 1082 2132 benolchenn, das er eswegenn it zmebiiter marter
39 2105 1063 2199 sölle examiniert und befragt werden, das ist nun durch
42 2147 1086 2233 Hsr Margnart zechender deß kläneg, hr Saumel ler
40 2201 1072 2301 ber hr Emanneh Steiger deß großen rachts und s
43 2250 1074 2345 Grostweibel von Buren, samstags den 28. dis uid
40 2304 1043 2413 nats, beschechen, der hat aber anders nützit bekennen,
40 2348 1078 2463 wellen, dann das er sich im oberen speitat alhie nit habe
27 2403 1066 2512 Currieren laßen, sonders hinwegg gangen, seie allein
24 2447 1068 2582 diß die ursach gewesen, das man im gesagt es gange so
33 2501 1060 2618 thentlich zu, welchem er nit habe erwarte wollen,
34 2577 1108 2699 Hansten habe er niemalen nützit dann allein an der glütsch
38 2618 1057 2736 mit hilff eines gesellen, der sich Jagli Namse 15 allen
26 2667 1104 2829 Röstin thuch und am gwat 2 anck ballen nemmen helffen.
33 2719 1060 2848 Und ob er wol von dem hienor hingerichtet vettern
28 2768 1092 2897 bschantzen, sünsten der eiri Peterli genampt by den 24.
36 2820 1073 2948 erticklen edie er zm habe nemmen helffen) anklagt,
1048 90 1099 136 33
