1709 3251
1041 80 1132 146 16
297 125 763 239 Marih Wagider
101 119 1147 369 achtem gegenwirtiger Maritz Schnyder würtig von
58 197 1185 413 bhendorff wegen synes von jugend an grubten mußiggangen
69 248 1182 465 un deher uff jnne, das er sich mit diesstalen erhalten, denne
68 302 1195 536 gefaßeten argwohns hiernah im 1639. var gfenklich allhar
59 363 1175 570 geiner ghrn und peberen band gebracht ernstworthih Hpa
71 424 1155 610 einert hat er doch nitit derglychen begaug gehahen
67 453 1190 680 bfentlichsenwollen weder tad er an der ghütschwengn sn
51 529 1188 724 oseng, so sich Jagli nambsa, sy ellen wysein und am getadt
60 591 1192 765 sankenballen entfrombdet weßwegen und wol er deßen
72 648 1185 836 s der legerchtete verter schant sonst Magi Peteri gns
62 706 1178 880 Im anklagt ungeacht er dem als für erste lar fürsand
68 770 1182 915 mit dem kleinen und das drite möhl mit 2 steian ufzogen
54 823 1163 973 worden einich weg nit gestendig syn wolten der kandel
62 877 1153 1041 lg und hrren oberen seit alme ihne synes erbgrins halb
60 936 1175 1081 dene er behafftet gsin curieren zelaßen zugschikht.
61 989 1184 1122 under nach demselben, so wol alhie als auch zu thun alldet
76 1047 1170 1173 ervon glychen angwohnts und etwas bekanter unthatlin
59 1102 1184 1238 wegen nüt schlitzung der ohren ußgestrichen und mit dem es
48 1155 1185 1295 on hochgupft zr ger statt und land verwisen und an
73 1218 1114 1344 sem ein und anderen orht zuo beßerung synes labwesens
59 1262 1161 1387 undredlich arbeit ernstlichest vermant worden hat sellches
78 1348 1165 1451 olles an imme so vill nit gefruchtet, weder das er shmer zu im
81 1374 1167 1486 inem alten und bösen leben fürgfahren deßwegen zuo dieß
67 1433 1170 1539 sach gebenklich ynzogen und hernach den 7. maii 1641 jn so93
98 1490 1155 1588 es lollen und vesten fr Crustoffel von Dießbachs herren bu
57 1533 1178 1639 dießbach eynlich examiniert worden und nach vollgende erb-
53 1600 701 1710 ystäl mit und ohne marzer bekent
72 1637 1172 1781 Erstlich habe er in einem dorf tuch zuo ein par hosen gestolen
94 1725 1150 1838 Bendicht stukhin zu Brent kofen, mit lilf synes gsellen
113 1791 942 1882 bachen fleisch und zwen ehri hefen gestoleen.
93 1829 1177 1953 offem lengenberg einem landman 4 lynlachen und i hembe
95 1924 484 2003 uß der stuben gestolen.
90 1950 1182 2066 Urner Cristen Brebsen zu Khisen mit hilff einsi ihner gsellen
92 2018 1105 2120 gnoß Stäftißburger 2 ehren heiken entuket und die den
65 2074 845 2172 Bath imm halgut umb 4z verkaufft
84 2129 1165 2237 zu herblingen mit synem gspanen leyter gupft ihre hosen seken
72 2193 424 2279 Von öpfel genomen
94 2219 1173 2347 zud trmibsten uß einem schafft j käß und  virtel brocht
80 2303 233 2370 untrag.
69 2343 1181 2437 Item undt hilff Peter tschantzen des angrichteten anethalt sung
103 2410 1187 2500 ner tags uß einer stuben e leib brot und uß ein parhosen 8 b
100 2454 268 2543 entzueht
78 2486 1184 2617 Mit jetz gedachter hilff zur Biel 2 breit hürt gestolen, welches
78 2574 305 2662 s getragen.
100 2604 1195 2738 zu Nydow seinem krämer 7 zsamen glegte mehr entfënden
83 2683 1149 2803 zuo Khisen  ankenballen und etwas küchel ankes entrag een
77 2760 988 2867 ino oberhofen underschidliche asige spyß genomen.
99 2825 1178 2942 uffem lengenberg i wyß par hosen und e schwartz wambsten
