1177 3043
1117 2770 1152 2811 n
1105 2809 1148 2886 u
126 18 1161 235 amb 4 lb neben einen guten leinergaldt darfür
110 117 1162 303 er angentz ein duraten empfangen, anzenem
96 186 1145 365 versprochen, habe also hieruff daß Kindt hegen
115 256 1152 424 in sein haußhaltung tragen laßen, unndt wyl ebe
118 353 1100 489 domahlen die vorgedachte Meia offholter
108 429 1100 561 sampt theilß Iren Kinderen( darunder dise
91 492 1146 630 Maria Müller die einte war) a ddarb
101 570 1117 707 gewesen damahlen auch Im Hauß gewese
105 640 1130 756 habe es sy also (zwas zu seinem unglüeben)
104 722 1126 839 erstmahls gesechen, gleich darauff seyendt Sy
87 791 1123 907 die mutter sampt iren kinderen in etwas
96 863 1120 980 zeits darnach zu ihmme zu seiner wohnung bane
100 923 1129 1049 Vnd habe die Mutter gepro Imme gesagt
99 993 1113 1127 Sie habe vernomen, er Luser habe einen Vffsatz
108 1085 1121 1197 feyl (welches auch wahr waß ob er denselben
102 1150 1115 1276 nit verkhausfen wölte, worauff gebe er ihro
88 1231 1124 1338 zur antwort, er wüße nit, ob er denselbigen
1135 1271 1171 1350 18
100 1298 1094 1414 verkhaussen, odes villeichter noch selbs brauchen
101 1368 1115 1481 wolle, oder nit, dise Curia gebe Imme hier
1122 1445 1174 1528 ebe
95 1436 1100 1545 über disen bescheid, sy khomme eben strackhs von
1134 1531 1178 1586 a
78 1496 1090 1623 Zürich und habe schöne wahren by jra, sy
94 1581 1080 1683 welle mit ihm tuschen, also habe er sich mit
1120 1611 1173 1661 r
98 1645 1102 1761 vra eingelasßen, vnnd anstatt den Vffsatzes
1122 1688 1156 1758 ga
73 1711 1114 1832 32 ehn gatit von Ira genommen, hernach sey
97 1784 1108 1898 auch derselben Sohn zu Ihm khommen, die habint
1124 1835 1179 1882 wil
97 1849 1111 1967 ihm zwen kein halen umb 5 lb und dam
1114 1901 1175 1987 gen
98 1917 1098 2021 etwas fleisches uumb ein cromen verhauffen
91 1974 1181 2103 mit vermelden, sy häbent solches umb wahrenud
1118 2040 1176 2123 do
85 2059 1108 2180 ertauffet und ihme gar nit gesagt, das es
1085 2130 1181 2217 1200
84 2137 1089 2258 gestollen gutt seye, Vill weniger habe er Sy
1118 2195 1164 2267 n
72 2229 619 2330 zu stalen angewisen etc.
1114 2260 1185 2371 sih
1122 2345 1163 2424 i
56 2325 1101 2469 Waß dann die falsche Muntzerin belange, See
78 2432 1073 2527 es eben damahlen daß ersts mahl gewesen, alß
74 2487 1091 2599 sy imme zr junges sohnl (wie oben ange
670 2548 794 2606 das er sy
65 2556 1065 2665 edeütet worden verdinget, gesechen oder
73 2607 1055 2749 gekhendt habe, in eewaszeits hernach seye
70 2674 1072 2808 er nach solothurn khommen, und habe dorten
69 2746 1073 2882 vernomen, das dise frauw alda gefangen lige
62 2808 1093 2969 habe sich also zu dem v schultheissen, daßelbt
64 2909 1077 3039 befnegt und des en rahts gepflegt
