1229 3050
54 31 1120 285 dass trüggli verpütschieren und jra dise 72
49 123 1065 339 ein handtg'schrifft schreiben, dass hab sy nun
49 165 1087 392 auch gethan und habe jre magdt, welche
55 215 1120 448 eines gürtlers gesellen von Müllhusen
37 281 1132 506 von dem sy geschwengeret worden, pütschier
40 356 1099 599 hinder jra hate, dasselbige darzue
36 431 1041 650 gegeben, allein jedoch haben weder
45 491 1025 714 sy die gürtlerin noch jre magdt
41 574 1114 779 dass trüggli niemahlen uffgethann
586 671 720 726 ganz
37 646 982 834 und also disen betruog nit gesechen
52 724 1120 900 sonders einfaltig jren worten glauobt
47 779 1124 961 mit welchem allem habe sy die gefangne
45 869 1023 1022 die wittfrauow Susana Lauberin
44 936 1030 1098 gleicher g'stalten betörlet und also
42 1006 887 1145 zu drey underschidenlichen mahlen
43 1067 1044 1202 15 kronen von jra bekommen, die habe sy
44 1153 954 1279 jn jrer zeith der vilgemelten jrer
31 1215 1111 1335 gespylin jren kässgremppel desto besser
24 1286 1039 1420 fortzesezen zuogestelt, jntzwüschen habe
43 1360 984 1482 dieselbe zuo underschidenlichen mahlen
33 1416 1008 1541 jra der gefangnen etwz kleiner sachen
29 1480 1079 1604 von äsigen speissen, item rysten, haaber¬
35 1545 1084 1664 mähl und dergleichen zuo geschickt, dass habe
41 1621 1100 1714 dan sy der vorgedachten Susana Lauber
37 1685 1107 1774 under dem schein alss wan es jra an¬
28 1740 989 1842 statt des zinsses von der vermeinten
25 1796 1071 1904 juongen frauowen uf welche die handt¬
20 1861 1062 1970 g'schrifft geluthet überschickt wuorde,
24 1925 1042 2046 zuogebracht, der hoffnung sy duorch diss
30 2002 994 2076 mitel ufzehalten, untzit die andere
19 2062 1084 2174 das gäldt widerumb hete zusammen bringen
19 2125 1010 2227 und also die schuoldt bezahlen können,
24 2186 1080 2291 sy habe aber disse jre mit betriegere
27 2245 1016 2350 lang nit mehr gesechen, wüsse auoch nit
13 2307 970 2425 wo sy sich dissmahlen ufhalte, allein
18 2354 1007 2476 bätte sy die armme gefangne umb
12 2437 964 2547 Gottes willen, mghrn und oberen
13 2499 1031 2600 wellen sy recht jn gnaden anschauowen
25 2544 1028 2672 sy nit jrem verdienen nach straffen
20 2619 1028 2737 sonders dissere jre begangne fähler
13 2668 1078 2808 welche jra von hertzen leyd seigen, gnedigst
13 2724 204 2821 verzeichen.
17 2790 1060 2948 Dise ist jnn das Schallenwerck erkent worden und sol nit uss¬
20 2863 879 2959 glassen werden, biss das sy die frauen wirt bezalt haben.
