1137 3049
954 18 1078 69 101.
36 65 1047 267 wolte sy gern verkhaussen, spreche Ihn also an
35 133 1030 331 er solle tra denselben verkauffen, sy welle
27 209 1066 415 Imm 4 bb daruon zelohn geben, sölle aber nit
42 281 1044 459 sagen, das sy sonderen ein baur von
19 331 1098 535 Borißried, namens Hanß Riß, Ime den Vber¬
26 420 1066 623 geben habe, welchen er auch genomen, Verena
24 480 1091 690 kemoffen zeuerkausfen vbergeben, deßen aber
27 588 814 767 sithäro niemahlen ansichtig worden.
19 692 1047 857 Wann aber er Jagolt (vermög ingenommen
29 751 1079 925 bericht) auch schon hier anzeigt, voranzognes
15 850 1049 995 zur von Borißried, habe Ime den ange¬
17 903 1078 1059 deuten Brieff zeverkauffen vbergeben, Ist so wol
27 976 1095 1123 derselb alß auch landtschryber Boüwe, (welche
22 1068 1077 1193 disen Brieff sölte veruertiget vnd Vnder¬
24 1146 978 1294 schriben haben) sampt dem fläschenmacher
13 1192 1083 1329 welchen das meitli beschuldiget haten) hierumb
32 1266 1002 1421 verhört worden, da dann 1 landtschryber
42 1345 1059 1484 by seinen guten truwenzeüget, es wüße von
24 1412 1082 1548 Sisembrieff mit er seye weder durch ihne noch
28 1480 1029 1586 einichen seinen substituten, nit veruerttiget
50 1539 1061 1674 noth underschriben worden, wüße auch nit
31 1624 993 1731 durch wein solches geschechen seye, finde also
12 1679 1029 1796 denselben gantz argwönig und faltsch.
36 1749 1065 1875 Hannß Bißzeigt an, wie er vor etwas tags
37 1815 996 1943 alhie zum schützen einen trunekh gethan, komme
33 1885 1084 1995 Under deßen michre Jage in die stuben hinein un-
46 1950 1025 2073 wüßent, das er riße sich deinen enthalte)
32 2022 1027 2110 der hab under anderem vermeldt, ein baur von
46 2093 1080 2204 Sorißried, so sich Hanß Rißen nams, habe ihmme
30 2158 1029 2276 Den 400 sigt gultbrieff zevr aauffen uber
44 2229 1096 2344 geben, Woruff spreche er Hanß Riß, er jagolt
45 2295 1064 2418 wrde nit mit rechten, sonderen mit fuhlensachen
37 2369 1028 2470 Vmbgahn, dann er wuße von dem Brieff
50 2431 1094 2550 nüit, heiße auch sonst keines wie er zu Borißri
27 2500 1054 2636 Hannß Studer der fläschenmacher will eben meßig
41 2574 1050 2691 mitnit von dem argwönig brieff wüßen, das
46 2635 1078 2761 er solchen dem obangedeüten meitli sölte über
39 2712 1018 2813 geben haben, sonderen es habs zum schützen auch
50 2787 1027 2894 wol gehört, das er gredt Hanß Riß von
41 2824 1035 2959 Dorisied habe Imme denselben ime abgenommen
52 2901 785 3016 brieff zekauffen vbergeben etc.
