1169 2648
43 126 92 186 3.
38 297 94 396 4.
38 449 96 521 3
45 607 101 682 6.
47 783 97 856 7
63 942 118 1011 8.
48 1067 101 1132 9
47 1144 113 1223 10.
55 1279 111 1346 11.
53 1468 118 1551 12.
98 112 1055 282 Von frauw appolomam Thorman Rysten 8 lb s
144 175 674 284 1b umb 3 bz verkhausft
1048 182 1151 299 so d
155 290 1120 437 von der houffrauw zum Schützen 2 lb rysten,
154 368 581 474 unndt 5 lb uegesßn.
154 446 1151 572 von Ir Teremias von Gomoens Husfrauwer
146 506 441 607 rystenn  5 lb.
148 607 1149 763 von h. Abenham Tilliers frauwen 1 lb flachs, sol
149 680 805 791 noch in ihrer hushaltung by handen.
146 766 1132 885 vonn andres Bonbergers frauwen 94 lb 65s
149 841 271 935 nys
151 936 1120 1050 von jr Jacob von Eigers frauwen 12 lb knypff
143 1016 1165 1161 von zr Geörg Steigers frauwen 2 lb flechs 3 l 1
148 1150 1139 1270 von der stifftschaffnere 12 lb rysten 3 lb flache
160 1264 1139 1361 Kielens waltharts des weybels frauwen 12 lb
159 1324 481 1425 bös brächwerch.
167 1445 1155 1553 von h Josun Thilliers frauwen, habe sy auch 40 lb
172 1519 1173 1627 eystin garn abgenomen, und dieselbe zeglauben gmacht
164 1585 1156 1696 Ir man seye ein wäber, er werd ira sölches wëben
161 1664 1093 1762 also habe er das garn einer andren frauwen
182 1719 1146 1812 irmgh wellen, habe aber selbiges nit weiter
173 1779 1162 1894 als in h bendicht Rohrers maten (worine
184 1831 1156 1952 ein schwöster ware) getragen, worußf men
169 1906 1143 2025 ira nachgeschickt und das garn widrumb abge
176 1955 1149 2089 nommen, das alles aber seye ihre von Hertzleid
170 2033 1153 2153 bethe deßwegen den lieben Gott, Im kuuel,
165 2080 1174 2229 unndt mihr und oberen umb gend und vereiche
1048 2154 1174 2212 e
160 2193 1171 2327 Dye ist von mitag anbis umb 3 uhren an das Halß
167 2272 1159 2374 ysenn gestelt, hernach mit abtrag eostens unndt
183 2318 1173 2438 ersatzung des diebstals ledig gelaßen worden
182 2405 621 2506 Den 23. januarii 1641.
