1135 3012
69 6 1097 252 aber anders nät gwüten dan ey gebindt ihren
348 141 551 207 gässicht
82 90 1089 317 ihm fürvaltepwehe, an ebentwendt
59 169 1060 368 sin wderemb semptlichen ghan Steffispurg in
56 259 1054 465 Iter nachtherbrig gangen am montag darnach
59 301 1051 496 habe der schwayer und seig frauw ihne und
477 410 673 463 adeort
53 384 1081 549 die übrigs heißen warten und went
43 423 1140 645 sy mit eineneren wierumb nach tlun gereißet
51 531 1100 702 dn y aber dortert gehandlet habendt in ihmme
340 598 1056 729 allein hahe er Christin Eülin
44 644 322 747 heit angezeigt,
294 696 355 750 an
48 678 1050 809 im zrstagmorg widerumb mit dem vil
57 743 1081 895 abdetten Schrefer binein nach thun mußen
44 812 1116 950 der habe im anfezeigt er habe der vilgedachte
46 879 1123 993 wyachenckhin eines silbrmen hurtel volchaufft
59 934 1104 1056 dte eye ime noch etwas gäldts schuldig ebliben
40 991 1106 1121 wlle er bohlen, alß eye er mit im gangen
47 1061 1077 1189 habe aber von irem betrag vn und felch
47 1150 1105 1259 nützit gewüst, vilwenige, das er darnon etwas
49 1200 1037 1318 anders dan aßen vnd tricken darnach
53 1262 1052 1368 empfangen, das habe er aber alles seiner des
49 1324 1091 1448 Schreyers liberalitet zugeschriben und nützit
50 1397 1074 1506 bößet gethun gedacht, bette derwegh den
51 1459 1027 1571 lieben gott und zugsen und oberen umb
41 1526 1056 1640 gnad umb verzeichuub. Ist ledig glaßen worden.
27 1674 987 1814 Hanß Gfeller von Reider Mich¬
112 1779 315 1871 trach.
7 1860 1082 2006 Masch dem Hannß Gfeller von Nider Wichtrach
10 1958 1081 2066 Vnd Magdarense Willi von Efflingen, sein Tirnen,
36 2020 1047 2124 alß umbschweiffende argwöhnige und dem
18 2077 1025 2191 Landevflckh vberlegne Personen, Vor etwas
29 2143 1078 2247 tagen zu Münigenbuchßi ergriffen, viller
25 2206 1024 2318 by falsche Schlüßzel Dletherich, und andere
10 2266 1018 2386 diebische hnptfrument, by Innen gefunden,
881 2338 918 2381 en
12 2337 1009 2455 Volgendts gfencklich alhas geschickt, Ist, der
27 2401 965 2513 bemelte Hannß Gfeller urch neinen
29 2461 998 2572 hochgelerten herren r Vinrene Stürler,
34 2520 1003 2605 des kleinen herr anthoin Wurstenberger
7 2605 1001 2694 des Grosen Rahts, Vnd Herren Samuel
29 2651 1001 2758 Leerber Großweybel den 25. gegen
34 2704 943 2811 würtigen monats augusti, darüber
16 2761 1047 2857 exammiert und befragt worden, der at nun
31 2819 1023 2931 mit und ohnen marter bekhendt und kirchen
578 2874 926 2977 Wie Volget
