1132 3097
985 137 1084 194 5
44 165 1129 298 großen rahts uff donstag den 19. destembris 1689
44 237 1111 332 alhie zu Marzili Caminiert, vnd befragt worden.
30 268 1091 407 Der hat aber keine anderen diebstäl gantz nit bete
43 334 1091 451 kennen wellen, sonders angezeigt er begere sich mit
43 385 1072 504 syner handtarbeit ze erhalten und niemand nichts
38 419 1101 557 zeentfrömbden hiemit den lieben gott und dey gnädige
43 482 923 602 oberkeit umbgnadt und bythung gebetten.
43 571 1072 718 Diser istoffen gute senser hinwidrumb uff freyen fuß
54 650 979 764 gestelt worden den 21 erigeltmonatß 1639
35 761 942 907 Pettor Eggenberg von Auggischberg
36 872 1060 969 Ist von begangnen drittenn fäherswegen, In hurey
60 918 1050 1022 und ehebruch von ir g statt und landt gwisen
56 983 663 1092 worden, den 2t octob 1639.
75 1060 1102 1204 Bendicht Lyniger von Frauwen Cappelen
89 1164 1096 1262 ist wegenn begangnen drittenn fälers inn Hurey und
96 1228 1071 1306 ehebruch von ir 8 statt und landt vewisenn wordenn,
100 1277 542 1359 den 30. octobris 1639.
97 1311 1098 1426 Maria Rychart von Lwandt Est gleicherge-
102 1385 1073 1487 staltenn von deß drittann huren fälers wegen mit dem
101 1440 1065 1522 eydt von ir g statt und landt vwisenen worden, Actum
104 1503 289 1565 8 supra
110 1560 1016 1666 Maria Meyer uß dem suntgauw,
96 1638 1022 1709 Ist wegen das sy uff dem gschinen Martin uarekt
106 1681 1052 1775 einem trämer, etliche könine bundel, spitz, vnddgleich
111 1733 1082 1806 sachenn gestolen, darob sy zwar ertapt, dem krämer
105 1806 1064 1870 syne sachen widerumb zugestelt, sy darrüber im
102 1863 1052 1923 gfangenschafft gelegt, examiniert, und wyl sy nüt
90 1901 1087 1979 wyters bekennen wolten, uff ein cinger hin wi-
91 1952 1030 2047 derumb ledig gelaßenn worden Den 10. no 1639.
84 2060 1091 2176 Riclaus Amman der schnyder, so sich inn
98 2143 1077 2241 einem synem hus zu hölligen ufgehalten. Ist wegen
94 2202 1102 2288 synes bösen ynzügs und das er synen nachparen uber-
97 2264 1075 2331 legen gwesen, mit dem eydt dahin gewisen worden.
95 2317 1075 2390 das er syn hußheblichen sitz an einem anderen arth
96 2356 1095 2452 tserth der statt gricht anstelle den 29. no
97 2399 231 2480 1629.
90 2480 1091 2575 Nachdem mynen gnedigen herren und obe¬
98 2551 1068 2627 ren clagswyß fürkommen, daß vetter wielandt unnd
100 2584 1076 2690 Hans Eyrenwechter, welche byeinanderen in einem huß
88 2632 1069 2736 zu Binrlitz wohnen, nechtlicher wyl alhie vor der statt
80 2673 1098 2772 Iun ein mattenn, so hr garb zu seinem lynwath gwerb
98 2733 1049 2818 bestandt, gstigen seyenn und vil garn darus genommene
99 2777 1099 2876 habenn söllint, Habenn jr g hierrüber die veordnung
95 2845 1083 2923 gethan, das sy beide sampt iren wyberen gfangeklich alhar
95 2867 1079 2968 gefürt und deßwegenn nothwendig wyß eraminert woren
89 2906 1072 3033 dent.Nun ist zwar gedachter vatter wirkant entloffen,
