1175 3107
131 121 1180 238 ledig gelaßenn, vnd durch die prouosem vff die grer
137 184 1170 298 gefürt worden. seithero habe er einem pauwren
129 229 1151 334 zu Willendingen eec) Die schwyn gehütet, bis zn
128 268 1148 391 entlichenn der damer geurlaubet, habe also (leider
129 319 1048 409 widrumb dem bättel nachziechen müßen.
1045 356 1126 421 Vor
109 368 1138 474 wenig tagen seye er im ementhal zu zwey zangen
126 434 1145 519 gesellenn gestoßenn, die hab nit im angehalten er
137 477 1146 574 sölle mit inen über die ihren in das fryburger
120 534 1153 623 gebiet ziechenn, daselbstenn seyenn gar gute puren
114 589 1144 676 die theilnit das allmisam gar rychlich ust, sy syent
125 629 1131 707 auch dorten sicherer als harwerts, darzu habe er
126 674 1129 767 bewilliget und seye mit zum fortgezogen, wie
132 743 1140 812 sy nun gan Schönegg kommen, habe der einte under zne
130 776 1150 863 mit einem stecken darrinen ein allesen gewesene
110 847 1180 925 die thüren an einem keller ufgemacht und in heisten
115 879 1180 985 hingen gahn, etwas spysenn darus zenemen, dem habe
128 929 1179 1033 ergenolget und ein leib broth sampt einem huß kast
102 982 1118 1079 darus genommen, als sy nun den keller widerumb
105 1047 1147 1150 zugeschloßenn, habe die frauw im huß sölliches ghän
98 1124 1166 1204 die habe als balden verschaffet, das man inen nachgesetzen
113 1152 1133 1252 seine gspanen seyann entloffenn, er aber gfengeklich
114 1210 1097 1307 angenommen worden, vnderwegs seyen sy vff den
123 1261 1142 1374 vorgemelt Mihel Schauber gestoßen, der habe deßen
111 1304 1097 1424 auch entgalten und grad mit inen alhür müßen
101 1377 860 1456 sonsten sye ni nit by inen gewesenn.
82 1465 1098 1546 Dise beide vorstehende gesellenn, als namlichen michel
109 1545 1086 1610 Schauber, ist durch die bätelvogt gesprichen und mit
98 1570 1020 1666 dem eydt von ir g statt und landt Gwisen
97 1625 1071 1715 worden, Jost Mast aber soll sich auch ust disem landt
92 1679 978 1768 hinweggmach. Actur 16. martii 1641.
87 1811 1073 1921 Vierre Nouarras von Gonaw Ey Villette
123 1889 1061 1970 ust der landtvogtey Cosanna, ist wegen syner
107 1939 1087 2026 horgrichtlichen proeeder, die er mit syner frauwen
98 1995 1079 2074 und knecht angefangen, uff ein glübt hin, das er die ge
93 2034 1096 2141 fangenschafft an meinants rech wolle, der ggangen,
90 2098 810 2194 schafft erlaßen worden, dito abstath.
87 2178 1097 2302 Melcher Fermegger auß der Kilcheri Hünitz,
102 2258 1069 2350 und Hans Kämler auß der kilchören Güggischberg
455 2333 588 2395 würtig.
88 2338 1125 2452 dise beidt sindt von bendicht handt, ouch uß dem Guggischen
94 2443 1127 2498 berg, schandtlich beredt worden, das sy zu zweyenn under
101 2473 1120 2538 schidenlichen malen mit imme zu Abraham Schaffnamw
79 2523 1118 2587 dem schryber gangenn, alwo er einen gültbrieff uffrichten
82 2584 1117 2640 lasenn umb 100 l hauptgut, die er Hanßen Knöri (dar
94 2613 1094 2698 für sich fermeyger außgaben müßen) wegen aberkauffung
84 2670 1081 2746 eines stücklin erdtrichs schuldig seye, darumb der ander als
88 2717 1077 2779 ein gezag eingeschribenn worden, daran doch ntt gewesen
95 2752 1097 2841 an im selbs nützit, sonders silles ful und falsch gewesenn
80 2820 1074 2879 wellichen brieff handt hernach hr Burherren Hasem
79 2851 1108 2923 erkaufft und inn also schantlich darmit betragen, westwegen
90 2900 1096 2956 sy beide uff gnad necht und oberen, inn das hallenwerckge
87 2951 760 3016 feslet worden, Den 17. martii a 1641.
1138 2471 1177 2514 a
1135 2517 1160 2566 s
