2448 3264
352 166 1114 472 Vone Aas
387 364 1057 533 sonst Müri Petterli sgenandt
260 558 1126 748 lacd dem gegenwurtig et Retten
239 644 1145 833 Eschans puertig von Gießnrach, sonst der
271 719 1140 897 Müri Pëtters genandt etwas mehr des
269 780 1133 929 vor zweyh jahren, umb das er bey dem
269 859 1133 997 letst alhier hingerichten Hanß Hoffer
281 922 1124 1048 welcher zu Burgdorff einer gewißen
287 978 1141 1119 mans persohn einen seckell mit gelt
278 1056 1141 1175 entfromldet, so ihme aber widrumb ab
284 1123 1132 1255 genommen worden sich auffenthalten
224 1190 1142 1301 Dem müßiggang und bättell hiemit
281 1253 1129 1380 gentzlichen ergaben gsenkliche alhar
285 1329 1120 1445 gebracht in deß Öchallenwerkgs
297 1397 1120 1528 geidet undt eingutte zeit lang
254 1487 1131 1598 darin enthalten worden der meynug
266 1555 1074 1666 er wurde, erwurte ihme dißeren
275 1618 1104 1735 vatterliche züchtigung dergestalten
257 1688 1123 1797 fur beßerung dienen laßen, daß der alß
272 1744 1089 1878 noch ein gar junger keabe lab
267 1825 1080 1923 waßen enderen und einent ehrlichen
278 1869 1077 1997 Mfyster dienen wurde. So hat es
258 1936 1134 2047 dah an ihme mit dergestalten getruchtet
266 1988 1044 2129 dan das er in seinem angefangnen
268 2064 1069 2192 bostenb laben immer zu
274 2131 1113 2256 fort gefahren, ehrlich lüthen das
241 2185 1056 2343 ihrig nemmen und alsso nit anders
279 2256 1132 2393 alß alles loses stifften helffen: Deroweh
275 2319 1127 2446 er dan an dem letst abgewichnen meye
271 2374 1114 2511 Marckt zu Then gekäncklich unget
263 2452 1141 2581 Jogt bey den acht tage lang also enthalten
265 2500 1140 2634 und entlichen wegen seiner ingendt undt
248 2573 1122 2707 daß er srevernter) mit dem erb grund
264 2642 1132 2786 behafftet, vff ein auffe Consur vndt
255 2707 1135 2838 darüber verhoffende beßderung hin
268 2789 1032 2898 widrumb ledig gelaßen worden.
2209 119 2298 207 18.
1281 239 2290 481 Welches aber an ihne eben so wenig alß
1289 323 2178 529 die vorgehende zuchtigung verfangen
1310 400 2123 582 dan so bald er darüber alhar in die
1305 422 2273 644 statt khommen, hatt er an einem zinstag
1308 497 2166 695 an der anken wag einer gewüßen
1297 577 2140 791 jungen manspersohn einen seckell
1322 648 2195 815 nit gent uß den honden genommen.
1314 706 2231 875 darob er aber ergriffen: vndt mynen
1311 771 2272 956 gs ihren und oberen gefencklichen zugebracht
1303 831 2175 991 worden, welche dan berelchen
1301 892 2190 1045 das er hierüber mit zimmlicher undt
1275 943 2200 1113 doch nothwendiger marter solle befragt
1319 1025 2190 1163 und examiniert werden, daß ist in
1305 1102 2229 1241 freyffagß den 24. Aprilis beschecht
1324 1163 2268 1325 undt hett daruff beshendt, wie volget
1287 1307 2216 1440 erstlichen habe er mit hilff einßin, so sich
1313 1384 2228 1502 widl namse undt dan des hiobangezogt
1320 1445 2311 1566 nen vndt letst hingerichten Hanß Hoffers
1289 1504 2304 1622 den mansonsten schlapp gebeyssen undt
1255 1572 2231 1693 Der ihne zu dißem läben angewißen
1312 1656 2269 1767 habe wir und ehe er in daß gehallen
1294 1721 2132 1836 werck khommen seye zu Rychingen
1301 1777 2109 1895 uß einem Käller 1o leiben brott
1322 1854 2265 1977 einballen frasech und ein halben kübell
1310 1927 2181 2048 voll gesoten aucken genommen, das
1318 2008 2197 2108 habent sy gen mose getragen undt umb
1319 2076 2140 2209 2l verkaufft, darvon ihme
1306 2150 1846 2245 ein halbe kronen worden.
1279 2249 2228 2427 Damethin so seye er darbey geweßen
1319 2347 2202 2487 alßgesagter Hoffer einer gewüßen
1312 2416 2089 2568 mans persohn zu Burgdorff den
1312 2467 2155 2619 seckell genommen, darüber sy aber beid
1307 2549 2173 2722 erwütscht und er daruff hin alhar
1297 2609 2191 2787 daß gehallenwerck gefüert worden.
1970 2958 2248 3078 ngefordt
