1188 2976
986 42 1080 129 53
212 146 960 356 Schnyder von Vttendorff.
43 248 1107 493 Diser ist jetz zum vierten mahl gfencklich alhar
36 287 207 432 Nt
45 316 1114 549 gebracht, daß erste mahl allein luhr, uffgezogen und
46 415 1048 606 wil er gar nützit bekhennen wollen, widerumb
46 486 1056 662 edig gelaßßen worden, daß andere mahl hat
50 534 1060 721 van ihn zwar mit gimnlicher marter gefeckt
47 608 1058 772 daruff er auch etliche geringe diebstäl (welche
44 703 1039 831 tso Vrsachen, das er (reuerenter) mit dem Eeb
48 757 986 890 eindt behafftet seye, vnd deßwegen keinen
40 818 1030 950 meister finden könne, mangel und armuth halben
43 873 1054 1027 begangen, bekhendt, dahar er inghen und dberen zu
50 985 1015 1071 mitleyden bewegt, das sy inne in den dberren
42 1024 1076 1142 ppital geschickt undt daselbsten seinen bösen köpff
56 1102 1053 1202 scheylen benohlen, er hat aber demselbigen nit er
55 1165 1036 1282 warten wellen, sonders ist daruon gezogen, weyl
45 1235 1049 1338 eehieruff von dem letst hingerichten peter Lchantz,
43 1297 1033 1378 sonst der Muhri peterli genampt 25 artigken
48 1360 1074 1473 halb angeclagt, darüber gfencklich eingezogte und
41 1429 1078 1546 nit allem ernst examiniert undt befwlagt worden.
43 1503 1074 1610 also das man ihme auch alle 9 steinen angehrnckt
55 1558 1089 1676 at er doch gleichwohl anders nützit bekhennen wöllen
50 1642 1064 1725 dero wegen mnghr abermahlen benohlen, das man
40 1686 1016 1785 ime nachmahlen im oberen spital seinen bösen
37 1735 1082 1851 offheilen und dann zur arbeith wisen und halten
52 1815 1069 1909 ölle, er ist aber anderst nit geheilet worden, dann das
45 1882 1099 1995 er jetz eben so wüest uff sicht alß zuuor niemahlen
36 1906 1085 2057 daharo er sich denn abermahlen erklagt, daß eben diß
40 1984 1037 2122 die ursach seye, das er jetz so wenig alß zuuor
49 2057 1042 2193 niemahlen einen meister der ihn anstelle, finder
42 2098 1036 2244 könne und also nothhalben sein nahrung hin und har
49 2155 995 2292 suchen müße, Daß er aber dißmahlen auch im
40 2213 1077 2346 hallgutt by Gertzensee, gfencklich angenommen und
39 2272 1076 2423 alhar geführt worden, wüße er nit, waß deßen die
36 2319 1070 2471 Ursach seye, danner keinen mentschen nüt übels
37 2377 1083 2535 zugefüegt habe, sonders habe uber die fahren und
35 2457 1058 2595 in rotachen zu dem müller tumermut, da erseit
47 2499 1023 2643 einer erledigung gearbeitet und getröchen weisen
41 2561 1054 2689 wellen. Und obwol er hieruf uff die Brächen
37 2634 1107 2783 gelegt, etwas wenig angezogte und also hiemit wann
43 2687 1059 2809 e nit bekhennen wolle, dise scheützliche Marter
40 2754 1100 2915 wol fürgebildet worden, so hat er doch an ders nützit
31 2788 272 2889 bekhendt etc.
