1173 3095
197 133 1149 335 angenomen, alhor geführt, Vnd vß bonelih
192 212 1142 403 meiner gl. h. vnd Oberen, durch Herren
158 266 1157 464 Aman von Grafenried, Vnd Gricht
182 353 1160 523 schreiben Ettzr, Ir g. dienere, drab
178 457 1146 615 in der gefangenschafft ernstwortlich hieuß
181 539 1150 696 über exammiert und befragt worden
143 620 1156 780 Die hat sich nun nachvolgenden gstalten vn
177 705 390 820 sprochen.
171 812 1139 936 seamlichen, alß sy veschinen mitden Haum-
184 881 1125 1003 monats nach hinrichtung ires manß see
165 955 1024 1094 des gfangenschafft alhie erlaßen, vnd
181 1049 1130 1169 von zu g statt, und landtschafft ver¬
167 1117 1109 1253 wisen worden, seye sy von hieruß stracks
165 1190 1109 1325 gegen Rengkoffen gangen, des mein uug
171 1284 1110 1406 ihr mitter (welche ein Krämerin seye)
138 1369 1111 1487 daselbsten anzeträsfen, als sy aber dahin
166 1437 1120 1571 khomen, seye Ir mutter nit anhennsch, sondr
152 1520 1137 1648 zu Erlach vff dem Marckt gewesen, zu der
160 1592 1176 1730 Si sich auch begeben, vnd seye also bißharo mit
167 1664 1152 1801 fra den Marckten nachgezogen, mitwucht
158 1744 1089 1879 Den 16. letst urschinen herpst monats aber
150 1787 1130 1960 habe Ire mutter, sy die gefangne widerumb
145 1889 1126 2027 zu ruckh heimwerths nach Reighoffen geschicken
144 1959 1116 2100 und beuohlen dorten etliche schuldin gezogen
125 2022 1131 2192 Zuchen, vndhernach gan ihnn (vff welchen Nac
141 2102 1117 2286 sy die Mutterzuchen welle. zu Jra gekommen
124 2201 1091 2359 Dem hab sy nun theils stalt gethan, alß sy
140 2284 1081 2426 aber darüber nach thun khommen, habe sy ire
143 2341 1087 2477 mutter donten nit angetroffen, sonders
143 2427 1111 2586 von obgemeltem irem stieff schwager Rnomen
138 2483 1114 2645 das ire mmbder am marit zu Schwarzen
127 2573 1111 2736 burg seye, deßwegen ir schwager Ira ange¬
127 2632 1099 2828 mutet, sy solle by ihme blyben, sy wellen
138 2685 1111 2878 mit einanderen das landthinab nach solote
109 2773 1103 3001 uff denselben manitzichen, daselbsten werd
118 2892 1050 3072 zu mulder wohln zu Ira kommen, daryn
