1154 3065
22 157 61 224 1
1075 35 1155 104 98
92 86 1078 278 Eide Knaben aber, habent (reuerenter
78 170 1094 382 dn schwynen gehaltet, alß aber die ernd
89 238 1160 463 begangen, habint Sy vmb Munsten, vndt
73 349 1123 525 Sampach, hernach im Entlibuch geschulden
78 423 1086 602 Vndseyen erst vor tagen dorden
77 518 1160 681 henrig gangen, alwo ihnen auch an iren Schnit-
70 604 1041 755 verlohn 3 oder 4 lb rysten worden
86 682 1113 855 welche sy ires mulder alß die sich mit
75 757 1106 931 Somen erhalten muße Zubringen wollen
69 842 1118 989 bestensere man ihnen noch im Entlibuch sein
59 922 1070 1098 zudin schuldig vrbliben, den Sy hernach auch
64 1000 1059 1143 hetigt abholen wollen, alß sy nun verschiner
60 1088 1055 1247 tagen uomehr von Affholteren übernacht
61 1169 1082 1330 gelegen und mornderigen tags weiters züch
60 1231 1112 1401 wollen, seye des hienachgemelte Marth wbek
7 1350 1057 1478 fregesstraß vngeführd zu Ihnen geftoßen
32 1426 1052 1577 welchem sy sich nur ein wenig Vffgehalten
45 1508 1099 1644 Vnd seyen daruber gleich wie die anderen
39 1584 1090 1722 Vnweßent warumb gfencklich angenomen
51 1678 280 1771 worden c.
40 1745 980 1888 Dise beid sind vff ein gute Censuesin, In
51 1839 1002 1978 zu Heymath und zur Arbeith gewisen
60 1905 910 2033 worden. Den 1. octob a5 16
11 2203 1055 2322 Mohtlis Weckh von Ahratzingen, auch
15 2311 1043 2431 uß dem Bryßgauw, hat bekhendt, er seye
26 2382 1074 2499 schon ungefehrd vor deyn jahren mit seines
43 2456 1064 2575 mutter alharo in dise landt khommen und las
30 2528 1035 2655 bent sich mehrer theilß mit arbeiten ernehrt
38 2605 1017 2732 Vor Dreyen wuchen aber seyen, Sy widrumb
40 2673 1048 2815 mit einanderen hinab in zr Heymath gezogen,
22 2751 1070 2871 der meinung Iren herpst In zemachen, vnd
35 2816 964 2947 nacher Baßenzeflachnen, wyl aber
