1259 3191
991 41 1087 111 78
33 99 1088 374 ge nabendt stuben, sinderlaßen, welches
84 200 219 280 t
35 195 1105 437 ue gar wrohl vondts genomen werden,
18 239 1085 501 Vnd so sy deßelbige Vnderstehen, vnd Ime
33 324 1111 575 auch etwas daruon geben wolten, so wolte
28 401 1106 645 er jmen das hußzeigen, habe auch solches in
22 486 1101 730 dißer vollen Meldin, E. wider) gethan, vnd
25 599 1107 813 snd darüber heimwerthsschlaffen gang,
23 648 1101 864 jedoch nit gemeint, daß diße 3 psonen
27 767 1030 954 selbiges vnderstehen dörfften, vill wenig
18 853 1106 1024 daß sy es thun wurden, wie er aber monn
26 900 1064 1088 dreigen tags mit beduhren und herzen leid
29 977 1071 1169 knomen, dann alß sy am morgen fruhe
40 1062 1106 1220 widerumb zu ime komen, habendt sy inn
37 1102 1042 1278 ingezeigt, sy habindts habindt im also
35 1190 1101 1362 by den zweyen henden voll geringe mintz,
37 1278 1095 1417 Als Krutzek, halb batzen vnd Rappen Wel¬
32 1327 1067 1472 chs allein etlich batzen gewesen, Vf den
38 1425 1104 1563 tisch gelegt und seyend darnan gangen, daß
29 1489 1098 1610 sllts aber seye. Ime von grund seines hertzs
42 1573 1088 1699 bid, palde deßwegn Gott den All¬
41 1643 1022 1762 mächtigen und mein gnedig herren
32 1714 1075 1832 und Oberen umb gnad vnd verzeichung.
39 1821 1087 1950 und obgleich wohl er anderer diebstählen
31 1894 1020 2018 halben auch befragt, vnd deßwegen
34 1971 1086 2072 lar ufgezogetn worden, so hat er doch and
339 2042 450 2090 I wie
43 2036 1102 2149 ers nützet, dann obluth bekennen wollen.
29 2113 1079 2194 Weiln aber hochgedacht ingh. vnd Oberenn an dise sein vor¬
40 2191 1088 2246 sprechung nit kommen könden, Habenn ir gs bevolchen, daß er
34 2227 1058 2294 deßwegenn nochmalann sölle eefragt und zur bekantnuß
32 2271 1072 2341 der warheit mit nothwendig marter gehalten werden
21 2303 1088 2378 Daß ist nun uff mitwachen den 8. julii zum besyn vor und
22 2343 1088 2422 wolermelts h Lombachs, s Abrrham Sinners, h. Sammel
43 2394 1080 2468 Schmaltzen und hr Großweibals von Buren beschechener
30 2426 1068 2540 Der hat aber nützit anders als was hiroben geschribenn stath
40 2461 361 2551 bekonnen wollenn.
46 2553 1093 2668 uff sölliche der gedachten dreyenn gethane bekantnuß
47 2613 1096 2706 vilmaltige diebstäb lübte untrüw und mishandlungen,
37 2654 1104 2757 haben hochgedacht mgh und oberen h schultheis bächt
40 2710 1091 2788 und burs diser freyenn und loplichen statt Bern uff
31 2743 1073 2847 iren eydt zu recht erkent und gesprochen, das man sy alle
40 2799 1088 2899 drey dem nachrichter beuelchen, der sy oben uffge
35 2833 1088 2924 wohnliche richtstat füren, michel wälte und Nielant
45 2877 1086 2979 Vathart und müller mit dem stlang Casper
37 2927 1103 3041 kauffnan aber das hauptabschlachen, sy also alle drey
47 2989 1097 3080 mit dem strangn und schwert nach dem beyserlichen kegen
54 3014 653 3113 ton laben zum hab hinrichen sölle,
