1128 2842
186 120 1067 309 Sy habe vor disem auch ein schweyer
182 255 1055 391 bey denn ellffen jahren lang gehabt,
545 316 644 362 jmme
149 314 1065 425 und 9 khinder bey jhra erzeüget, daruon
142 387 1111 518 aber nit mehr dan noch ein junges döchterli
155 460 1056 573 so bey jhra in der gfangenschafft lige, in
140 525 1096 649 läben, nun sye sy in jhrem wittwen stand
139 588 1100 739 verschinen windters mit jhrem uffsatz durch
122 672 1102 797 den Prägetzer wald gezogen und habe dorten
133 745 1109 861 jhren jetzigen schwächer und schwiger sampt
140 826 1105 943 jhrem man, weliche mit glycher handtierung
143 897 1095 1020 umbgangen, angetroffen, daselbsten habe
158 977 1092 1099 sy jhren man ohnguehrdt 7 wochen vor
149 1049 1064 1165 fassnachten dienet geehlichet und in
84 1341 1059 1454 der Ouw (luth jhres bey handen habenden
150 1185 1034 1297 ehebrieffss) kirchen recht mit jhmme
159 1254 1075 1372 gethan, hernach sye sy mit demselbenn
157 1331 1068 1449 in das Rynthal und also in die Eydt¬
150 1402 1046 1527 gnoschafft gezogen, vor ohngefahr 3
162 1481 1079 1594 wuchen sye zuo Uri jm houptflecken,
158 1550 1100 1663 da sy übernacht gelegen und ein gwüsser
157 1608 1099 1722 fahrender schuoler, der sich Hanss Teüffell
162 1676 1069 1788 uss der Pfaltz nambse, trage ein lange
150 1758 1077 1863 daffete binden mit guldenen spitzenn
154 1826 1050 1935 umb den kopff, sye ein schwartzer
144 1893 1077 2013 junger man zuo disem jhrem man khommen,
151 1978 1047 2072 der habe jhme angezeigt, wie er durch
169 2030 1094 2147 mittell syner khundht verborgne schätz
173 2108 1082 2230 und vil andere sachen zuowegen bringen
174 2190 1097 2300 khönne, dardurch er dan ein mercklichs
166 2259 1100 2373 gelt beysamen habe und wo jhr eheman
159 2339 1107 2448 sich dessen auch underwinden welte, so welt er
153 2397 1056 2530 jn selbige auch lernen ja so fehr
157 2503 1036 2606 das er jhm den halben gwin daruon
170 2553 1095 2678 gebe. dessen syen sy mit einanderen dess
171 2638 1065 2743 einen worden und habe also jhr man
165 2690 1088 2807 die alrunen und andere darzuo dienstliche
