1306 2857
185 1588 269 1673 27.
163 1692 269 1791 roo
182 1944 249 2006 22
197 874 266 934 20
206 123 278 191 19.
309 127 1264 360 dier zu geschlagen die übermässigen trinckgelt
303 189 1272 417 vr erhrungenn, welche er trischbantz, so wolhen
309 250 1267 463 den beidenn Kornlendlerbenn, Hans Jacob Sunder
297 313 1269 504 undand frölich von Brege, we zuglich worten
297 379 1276 572 Schnellenn den Waadman alhie, als von den erst
299 420 1262 592 beiden 100 zublonen und von dem letstenn ein
302 476 1265 645 dene kerti (so sich sampt andren gabenn, die dens
293 531 1258 696 beschechen, In die 430 l beloffenn) empfangen
292 583 1269 734 dardurch er dan heiter an tag gebenn, das er eit
302 646 1270 789 ehrn und oberenn, wie er aber sydt und ampti
298 693 1268 831 hette thun söllenn, sonders vilmehr seinen eigen
305 753 960 842 nitz gesucht und begerdt habe
293 876 1262 1012 Hingegen hat er Erischhertz etliche summensr
291 971 1260 1062 ußgebenn gstelt, welche aber niemahlenn darin
287 1020 1258 1128 gehört heffen, vilweniger das mahrn und obren de
313 1076 1252 1192 elbigen schuldig gsin seyen. Als da sindt- 3000 fl 1e
295 1131 1261 1237 1600 lb welche er von H Jacob Gerwer alten bale
287 1203 1241 1277 natoren zu Bonmundt under dem titel, was der
285 1256 1252 1347 Weltsch dem türchen so seckelmeister terlichliche
281 1304 1254 1383 empfangen, also das dieselbigen keines wegs in das usgel
279 1361 1226 1449 ghört hetten, so doch glichwoll von Ime beschechenn
465 1411 664 1504 1600 lb.
278 1576 1249 1690 Item vrechnet er, das er Hans Wilden dem w
250 1651 1238 1736 mann alhie wegen by ihme zu Ir93 handen erken
274 1700 1237 1771 thucherenn bezahlt habe 4eb ob erfindt si
277 1747 1235 1831 aber dismahlen nit mehr als 1200 lb v
278 1791 775 1876 hiemit zuml 200 lb.
313 1921 1236 2031 esselben glichenn hat er mahrn vnd Obrenn
265 1983 1237 2080 net, das er dem jetzigen hhofmeister von
272 2035 1226 2130 wälden glich nach seinem uffritf zu gekauffen
273 2086 1227 2187 etlicher stucken fychs siu baren gelt danech
270 2132 1223 2228 habe 1200 lb erfindt sich aber durch mitfr
260 2195 1221 2273 Obligation, welche der hofmeister domallen von
272 2222 1224 2329 sich gebenn, das es nit mehr gwäsenn alls00
268 2266 1222 2386 welche er doch angentz im jar darnach, das ist
258 2314 1208 2434 1637 jahr imme früschhertzen widrumb
264 2380 1220 2487 barem gelt zugestelt und die Obligaon an sich
258 2446 1229 2542 gelöst, glichwohl hat er söliches niemahlen in s
272 2484 1228 2604 seithero zu underschidenlichen mahlenn gegtn
266 2527 1221 2669 rechnungen für empfangenn gegebracht, sonder
254 2601 1203 2723 u glassenn. ist also ir gl zwartz beschechen
1122 2674 1199 2724 120
259 2701 640 2798 umb
