2448 3264
67 1599 117 1653 1
72 2725 140 2796 17
99 1309 126 1357 1
84 179 148 285 7
166 156 1193 448 zu Gerzenser mit holff gesagter seiner gesphangn
169 285 1191 533 habe er zwen leiben brott und etwaß milchsa
152 334 929 506 sy anganz genoßen entfrembdet.
175 433 1185 665 zu Belp mit glycher holff, habe er ein halben leil
171 539 924 688 brott, und ein halben kaß entragt.
157 603 1182 817 einem kremer alhier in der statt, habe er ein
135 695 1128 879 hatt, vnd ein halb dozet nestell genomen,
177 820 1174 1002 So habe er auch mit Huff seiner gesellen einem
159 930 1187 1056 paüren so trunken uß der statt khommen, gleich darn
178 975 1188 1124 uff dem stalden understanden sein gelt zenemmen
184 1065 1178 1213 welches aber nit in daß werck wegen der luthen, so
161 1128 1168 1266 ihne gefolget, i gerichtet worden..
148 1281 1174 1422 Einem anderen Pauren, so auch trunken gewes vn
198 1370 1160 1491 habe er zum souwen alher ander halbe kronen
173 1424 418 1528 entzuckt.
169 1583 1185 1716 mit hoff enes gesellen, so sich Bartli Heysen haber
179 1662 1149 1786 einem kramer ein halb dezet nestell genommen
93 1791 144 1856 13
177 1781 1168 1915 zu Kißen einem pauren, welcher Rubi heyßt
176 1866 1164 1981 brot undt ziger, so er angenz genößen, genommen.
163 1979 1154 2115 zu Herblingen einem anderen pauren zwey ziger
85 2042 153 2114 4.
160 2091 329 2181 stockli
557 2109 793 2212 by Hüningen
170 2188 1121 2315 Verners uff dem stalden einem anderen pauren
93 2227 142 2299 15
1058 2226 1117 2309 3
175 2240 1057 2384 ein faß 3 brott und einrumpffziger
97 2343 1153 2492 b Item mit hilff eineß seiner gesellen, der klein
160 2420 1147 2574 Casparli genandt, habe er zu Waberen uß einem
147 2503 937 2632 Kaller etliche brott nemmen helffen.
159 2627 1164 2783 Deßglychen an einem anderen ihme unbekhandte
171 2689 1152 2854 ogrt, habe er auch etlichß brott genommen, vnndt
168 2753 1155 2942 waß er und seine gespanen etwaß veer vonde
1294 242 2268 469 Statt dergestalten uberkhommen, daß habent
1297 329 2210 542 so einem dohumacher so gertig heyße undt
1305 391 2285 579 der obenthalb trunstein im oberen holz wohne
1288 441 2274 662 zugebracht, der habe ihnen dan solicheß abkaufft
1298 503 2284 695 alda alß zugleich im bachlier und seines
1305 589 2255 763 gleichen ihren zu undt ynzag gehabt: Wann
1293 679 2170 832 sy aber aller nechst umb die statt gestrichen.
1313 744 1350 785 1
1285 757 2293 897 habendt sy sich im Gali zugezogen, Alda sy auch
1290 839 1735 978 etliche sacht verkaufften.
1278 989 2199 1131 ff dißere sein Hanß Hoffers gethane
1294 1068 2304 1202 bekhandtnuß unndt begangne diebstal habent
1300 1136 2269 1284 meyn gnedeg herren vnndt oberen wege seiner
1268 1216 2242 1336 jugent, ihne mit rutten ußstrychen undt mit
1259 1297 2190 1403 dem Eydt von Ihr Gnadln Statt vndt Landt
1283 1357 2253 1472 verwyßen laßen. Hiemit der hoffnung gelebt
1282 1420 2246 1553 er wurde Ihme dißere gnedige straff der
1269 1496 2152 1613 gestalten laßen Zur zur bestrung dienen
1283 1569 2240 1702 daß meyn gnedig hrn vnd oberen in daß kunfftig
1256 1643 2222 1764 dahar hett nit ursach genommen, ihme dißeren
1285 1692 2232 1828 ahler gnedigest zeverzychen undt ihr gnaden
1255 1774 2223 1902 statt und handt widrumb geoffnen. Do hat
1262 1827 2296 1990 eß doch an ihme anderst nit gefrechtet, dan daß
1271 1906 2237 2050 er sich wider seinen geschwornen erdt widrumb
1255 1950 2266 2126 alhar in ihr getandt begeben, sein vorgendt
1249 2026 2223 2203 diebseheß lebwraßten uff ein unres angefangt,
1266 2106 2218 2294 also daß er auch mit noch anderen senesr
1254 2159 2181 2344 gleichen ergriffen undt meynen gl hrn vnndt
1261 2232 2158 2412 oberen abermahlen gefancklich zu gebracht
1251 2285 2277 2519 worden, welche dan berrliche, daß er nochmahlen
1239 2366 2242 2578 peynlich solle exammiert werden. Oder hat
1246 2426 2245 2652 nun uff dambstag den 20 d aprilis 1679
1254 2482 2264 2720 in bey sein und gegenwürtigkzeit der eheren vesten etc.
1238 2549 2297 2812 Herren Hanß Rudoffeando deß kleinen rgaatts Hans
1243 2609 2202 2857 Ulrich Bendeliß deß großen warid von Beüren
1238 2666 2215 2909 Grosweybels und anderen augh und oberen
1220 2745 2222 2977 deneren der weyblen mehr zu Martz die mit und
1240 2807 2220 3056 ihne marter bekhendt und verrachen vevolget
2261 155 2306 207 9
