2448 3264
420 219 1008 393 Ahiar Stili
465 319 863 434 ein Hürschmar.
203 387 1190 660 gst wegener mit Barbara Fenck im landt
228 468 1165 712 umbher gezogen, ein unehrlich kindt bi der
99 520 1176 767 selbigen erzeuget, vnndt soliches zu Rottenbach
148 597 1164 830 für ehelich tauffen lasseen, hwo Stundt lans
160 692 1159 895 an das halßpen gestelt unndt hernach mit dem
64 742 1127 981 Eydt von Ir g statd unndt landt verwis
167 830 1060 1037 wordenn Den 5. martii 16991 1
118 993 1125 1160 Rungoldt Gick von Capseclen by
514 1072 778 1185 Ahrferg.
140 1097 1163 1280 Ist wegenn begangnen drittenn fälers Inn Hurey
164 1198 1172 1329 und ehebruch von ir gu statt und landt verwisene
163 1261 1158 1384 wordenn Den 16. martii anno 1639.
546 1451 1122 1564 heisten Gietschi voe
461 1542 1107 1675 Jeynnßwyl bey Beygdorff
211 1741 1127 1851 Est wegen gegangnen dritten tahlers in hurey
243 1807 1160 1915 vnndt ehebruch von ihr Graden statt vndt
136 1864 1152 2000 andt verwißen worden, den letsten Marti
339 1954 624 2076 Anno Eb
222 2100 1126 2244 Hanß Vürst von Windiß vnd
305 2194 980 2310 Ulrich Hünig von Ursebachpürtig
133 2250 1162 2369 sindt durch den herrenn von Schultheißenn von Under
164 2296 1162 2404 erwenn, alha inn das Schallenwerck geschickt worden.
128 2341 1147 2458 Wyl sy aber habenn understand us der gfangenschafft
143 2389 1147 2519 zebrachenn, haben myn gnedig h. vnd Oberen benölchen
144 2419 1149 2572 das man sy deßwegenn nach wyters eramimeren und hin
140 2475 1150 2620 fal sy etwas wyters bekennen wurden. Jo g deßen berichten
129 2511 1147 2652 wo nit die vorgende urtheil an jaen erstatten söhle, da
129 2566 1134 2691 wegen sy uff hüt den 18. martii 1639 jers durch s
130 2619 1128 2750 Danel Garwer dest kleinen, Hr Abraham Tillier deß
138 2651 1152 2804 grosen rahts und zr Grosweibels von Büren zu Mach
701 2691 1157 2795 Weil sy aber anders mit
138 2748 703 2840 darrüber zu red gestelt worden.
141 2747 1149 2886 dann was sy hienur zu underseewen verzächen, bekennen wollen
138 2793 1111 2953 ußgenommen Hans Würst, hat angezeigt, das er mit hilff ein
1204 2579 1238 2641 6
1212 1850 1239 1926 2
1207 2192 1250 2262 4
2209 109 2345 169 8
1298 148 2250 400 eherinen hahen nammen helffen, welchen syn gspan zu
1300 164 2338 441 underseiren umb gadyt, darist er ein wannsel machener
1306 215 2327 487 lastenn, stuschet, imme aber nichts daruon gegeben, dahir
1292 250 2344 540 ale er würst demselben seinen täyen in ein schnern verborgn.
1297 294 2308 587 hernach denselben mit imme hinegg getragen und also
1334 332 2348 618 am komen, haben myn ghoes by den borgend erkant
1291 523 1671 673 gliten e
1422 662 2173 867 Hanß Hoffee ab dem
1723 837 1968 933 anderstag
1271 1045 2221 1175 lach dem gegen wirtiger Hanß Hoffer ab
1300 1131 2197 1250 dem landerstag shen hievor im verscunen
1288 1186 2272 1313 jenner meynen gnedigen herren und oberen gefenck
1279 1269 2220 1378 lich zu gebracht, vnd darüber seineß lebweßens
1280 1344 2210 1459 halben alhier zu Marzil peynlich examiniert
1286 1401 2269 1536 worden, hat er dohmahlen mit und ohne marter
1283 1482 1688 1587 bekhendt wie volget
1277 1585 2226 1726 erstlichen, daß er einem bauren zu wichtrach, so man
1278 1649 2263 1776 Knobli Jost Heyßen thuch genommen, darauß er die
1257 1716 2278 1881 hosen, so er dohmahlen getragen, habe machen laßen
1258 1842 2285 2009 Idem Ochmid zu Worb habe er mit hoff einsein
1270 1901 2236 2073 Schlotter Ull genandt ein backen schwymn fleisch
1257 1962 1584 2064 seinen helffen
1214 2026 2226 2223 3 zu Hochstetten habe er us einem hauß ein brot
1271 2108 1456 2179 genommen.
1274 2198 2237 2423 einem barwen alhier zum louwen habe er helffen
1278 2281 2322 2505 nemmen von welchen ihne bey einem guld worden
1249 2324 2258 2622 Ien lntenag
1245 2471 1539 2601 abgeagt worden.
1259 2409 2290 2665 fleisches genommen, so ihnen aber zu wichtrach widrumb
1249 2572 2239 2858 zu Kilchdorff habe er mit hilff zweyer seiner
1251 2664 2223 2926 gespanen vß einem offen brott nemmeen helfen
