1159 2945
1033 85 1116 141 82
65 156 1089 345 dritter mit einem silbernen biel und sonst
68 245 982 403 vil geltss begegnet, das alles lige in dem
58 309 1044 478 keller, woruff hab sy die gezeügin, ihnen
63 360 1103 516 beiden noch 12 kronen, ein thaler, 2 krützdicken
60 451 1044 596 und gnuog zeessen und zetrincken, je ein noch
53 514 1079 662 etwas schwynim fleisch gebenn: zinstag am
53 592 1028 741 morgen seye der vorgedachte man mit noch
51 673 1058 792 einem anderenn abermahlen zuo ihra ge¬
50 749 1086 892 zeügin khommen von ihren gelt, ein hembd und
88 852 151 900 nüw
49 821 1004 933 ein par schuoch begerdt mit vermeldenn
46 907 1088 1046 sy müessen das alles in dem krützweg vergraben,
49 981 999 1106 das alles habe sy gezeügin jhnen sonderlich
40 1042 1017 1179 überal 60 kronen in gelt zuogestelt, sy habindt
58 1129 1013 1240 jhra auch ein allrunen geben, so sy in ein
49 1204 1072 1328 trögli verschliessen müessen, item gewüsse wütetze
35 1281 1011 1400 und sachen ab denen sy zum theil trincken
47 1373 1088 1473 und zum theil anhencken söllen, sy habe ihnen
41 1422 999 1546 auch etliche geringe müntz geben müessen, mit
41 1497 1060 1618 vermelden, sy müessind dieselbige in sonderbahre
38 1565 998 1685 siechenstöck legen, syen hiemit daruon und
46 1632 1003 1753 hinweg zogen und sy gezügin sich hiemit
42 1701 1062 1833 schantlich dargsetzt und betrogen, wesswegen
49 1801 1075 1907 sy einen ihren nachpuren gepotten, das er mit
40 1877 1041 1971 ihra ihnen nachgeylt, die sy dan auch alhier
31 1937 1007 2040 bey der zyth glocken antroffen, der eine
31 2004 1028 2111 aber alss der rechte betrieger sye entrunnen
27 2056 1051 2169 und die anderen gefencklich angenommen worden.
42 2118 929 2233 Anna Bechterin von Ober Stotzingen
256 2205 610 2292 uss Schwaben
79 2218 1034 2371 Uff dise der gesagten frouwen ussag hin, ist
24 2316 1034 2436 dess vorermelten Christoffell Fügellschärers
766 2398 878 2457 ober
38 2374 1005 2525 ehewyb Anna Maria Bechterin von Stotzingen
29 2440 993 2556 uss Schwaben durch hrn. Daniel Gerber dess
33 2519 1027 2643 kleinen, hrn. Bernhart von Werth, hrn. Abraham
30 2586 976 2699 Seiner dess grossen rahtss und hrn. Samuel
28 2646 968 2755 Leerber grossweibell auch befragt unnd
35 2710 961 2846 examiniert wordenn, die hat nun mit und ohne
27 2764 696 2893 marter bekhent wie volget.
