1123 2971
72 89 1094 309 darüber gantz keinen bescheid geben können,
156 178 1086 360 sonders entlich angezeigt, des Frey
142 273 1092 442 weybel hue übüel gr: Von Wichtorff
129 364 1105 515 seye sein veranter gyn, Vnd der Am
131 436 1105 606 zusfehlen ob dießbach seye sein Vetter
136 532 1104 678 Im ubrigen ist er alles dingen verstungt
140 615 1109 781 gewesen, also das meine hochgeehrten herren
127 701 1089 825 sein person gantz verdächtig befunden, habe
121 768 1094 913 Also solches alles zu g wysen erkhandt
134 857 828 980 nuß heimsetzen wellen tc.
110 941 1084 1043 Gleichergstalten habent auch vor und wolermelt
157 1018 1077 1111 ingh vnd oberen, vmb Vrsachen, das der eben
154 1068 1067 1144 jetz gedachte Peter Kuenbuel sein Recht naturlich
141 1128 1077 1219 Heimath nit werde angeben sonders verlaugnet
147 1183 1069 1291 aben an deßelben vsprechung eben so wenig, alß
126 1250 1080 1348 an des vorgehenden komen wollen, hiemit benahle
146 1303 1099 1388 das eben eines wie der ander mit zimlicher mar
145 1357 1088 1463 ter weiters solle examinnert rerden, daß ist auch
136 1427 1091 1500 des vorgemelten tagsbeschelhen, des hat sich mit
138 1480 1097 1563 voigender gstalten verantwortet, namlichen es se
137 1535 1090 1630 zwar nit weniger, dann das er wa nit zu wyßenbur
137 1600 1090 1703 wie er vor disem furgeben habe, sonders in der d¬
140 1654 1079 1740 tachen an einem orth, das man die schmigkenen
142 1713 1090 1812 namse im gricht Stäffißburg, daheim, das er
134 1779 1089 1865 alles sein Vatter habe Hanß Kneubuel geheißen, das
137 1827 1066 1924 es aber vor disem selbiges verlaugnet habe, seye
126 1881 1071 1968 allein darumb beschechen, damit sein Vetter, der
122 1928 1064 2047 Aman zu Ashlen, vnd andere seine frundt, vnder
127 1984 1083 2111 welichen des Freyweybel knenbuel sey. von wichter
133 2028 1085 2161 auch einer gewesen, dise schandt und schmach von
904 2095 1078 2175 verbringen
126 2101 893 2209 nit vernemundt, sösten habe er nitzit bose
127 2144 1075 2267 helffen, sonders habe nach seines Vatters see: todt
128 2186 1085 2325 welcher ein schnyd geweßen, by deme er auch etliches
124 2261 1050 2373 gestalten das handtwerckh ergriffen ghan by
112 2301 1077 2421 Bentzen dem schnyder uff der langen egk, fast ein jahr
124 2345 1091 2487 lang gearbeitet, hernach habe er den bühren hin ve
118 2426 1049 2556 her und letsten by Jacob jungen zu Banßburg
115 2458 1052 2616 gedient und wyl im derselb umb etwas zu
113 2508 1068 2667 streng gewesen, seye er erst kürtzlichen von ihme
117 2576 1056 2739 ohne urlaubhinweg gangen, der meinung hinüber
117 2611 1076 2767 an den rer inzerpst zugehen, habe also underwegs dem
114 2650 1092 2848 vorgedachten jungen Bryßgauwer knaben angetrofftn
107 2690 1093 2885 Den habe er mit führen wellen, sy seyen aber beide da
115 2816 844 2938 über gfencklich angenomen worden,
861 2846 998 2966 Alß
