<?xml version="1.0" encoding="UTF-8" standalone="yes"?>
<PcGts xmlns="http://schema.primaresearch.org/PAGE/gts/pagecontent/2013-07-15" xmlns:xsi="http://www.w3.org/2001/XMLSchema-instance" xsi:schemaLocation="http://schema.primaresearch.org/PAGE/gts/pagecontent/2013-07-15 http://schema.primaresearch.org/PAGE/gts/pagecontent/2013-07-15/pagecontent.xsd">
    <Metadata>
        <Creator>prov=University of Rostock/Institute of Mathematics/CITlab|PLANET AI GmbH/Gundram Leifert/gundram.leifert@planet-ai.de:name=German_Kurrent_XVI-XVIII_M1(htr_id=19584)::::v=2.6.7
prov=University of Rostock/Institute of Mathematics/CITlab|PLANET AI GmbH/Tobias Gruening/tobias.gruening@planet-ai.de:name=de.uros.citlab.module.baseline2polygon.B2PSeamMultiOriented:v=2.6.7
prov=University of Rostock/Institute of Mathematics/CITlab|PLANET AI GmbH/Tobias Gruening/tobias.gruening@planet-ai.de:name=/net_tf/LA73_249_0mod360.pb:de.uros.citlab.segmentation.CITlab_LA_ML:v=2.6.7
prov=University of Rostock/Institute of Mathematics/CITlab|PLANET AI GmbH/Gundram Leifert/gundram.leifert@planet-ai.de:name=German_Kurrent_XVI-XVIII_M1(htr_id=19584)::::v=2.6.6
prov=University of Rostock/Institute of Mathematics/CITlab|PLANET AI GmbH/Tobias Gruening/tobias.gruening@planet-ai.de:name=de.uros.citlab.module.baseline2polygon.B2PSeamMultiOriented:v=2.6.6
prov=University of Rostock/Institute of Mathematics/CITlab|PLANET AI GmbH/Tobias Gruening/tobias.gruening@planet-ai.de:name=/net_tf/LA73_249_0mod360.pb:de.uros.citlab.segmentation.CITlab_LA_ML:v=2.6.6
Transkribus</Creator>
        <Created>2020-10-05T21:58:20.590+02:00</Created>
        <LastChange>2022-09-09T15:44:34.548+02:00</LastChange>
        <TranskribusMetadata docId="1334821" pageId="52359983" pageNr="16" tsid="114641740" status="IN_PROGRESS" userId="9570" imgUrl="https://files.transkribus.eu/Get?id=OTDSTBBKMSIRMWMLZCBEOTYV&amp;fileType=view" xmlUrl="https://files.transkribus.eu/Get?id=ERISBETFTTUXQAGXIXUEAKSU" imageId="16091752"/>
    </Metadata>
    <Page imageFilename="IMG_9029.jpg" imageWidth="2448" imageHeight="3264">
        <ReadingOrder>
            <OrderedGroup id="ro_1687513766642" caption="Regions reading order">
                <RegionRefIndexed index="0" regionRef="r1"/>
                <RegionRefIndexed index="1" regionRef="r2"/>
                <RegionRefIndexed index="2" regionRef="r3"/>
            </OrderedGroup>
        </ReadingOrder>
        <TextRegion orientation="0.0" id="r1" custom="readingOrder {index:0;}">
            <Coords points="150,284 150,2948 1197,2948 1197,284"/>
            <TextLine id="r1l1" custom="readingOrder {index:0;}">
                <Coords points="186,331 977,402 1066,471 1111,444 1178,488 1200,424 1119,359 889,354 830,301 777,324 400,251 339,285 201,225"/>
                <Baseline points="195,314 244,315 294,318 343,322 393,325 443,329 492,333 542,339 592,345 641,350 691,357 741,365 790,373 840,381 890,390 939,400 989,410 1039,421 1088,431 1138,444 1188,456"/>
                <TextEquiv>
                    <Unicode>Deß ersten alß er alhier mit rutten usgestrichen</Unicode>
                </TextEquiv>
            </TextLine>
            <TextLine id="r1l2" custom="readingOrder {index:1;}">
                <Coords points="227,393 515,407 611,470 706,427 813,485 866,446 1007,527 1093,500 1184,523 1149,465 1098,481 1001,427 236,328"/>
                <Baseline points="234,389 281,390 328,394 375,396 422,399 470,402 517,405 564,410 611,414 658,421 706,426 753,432 800,439 847,446 894,455 942,464 989,473 1036,483 1083,493 1130,505 1178,518"/>
                <TextEquiv>
                    <Unicode>undt mit dem eydt verwißen worden, seye er</Unicode>
                </TextEquiv>
            </TextLine>
            <TextLine id="r1l3" custom="readingOrder {index:2;}">
                <Coords points="229,455 366,504 445,493 485,529 572,489 742,500 793,560 844,523 899,569 983,539 1190,619 1201,534 1000,526 865,448 725,486 529,428 235,411"/>
                <Baseline points="236,450 283,456 331,459 378,464 426,468 474,473 521,477 569,481 616,486 664,491 712,497 759,502 807,509 854,516 902,524 950,532 997,542 1045,551 1092,563 1140,574 1188,588"/>
                <TextEquiv>
                    <Unicode>nach Eschlinß matt in daß Erdtli buch gangen</Unicode>
                </TextEquiv>
            </TextLine>
            <TextLine id="r1l4" custom="readingOrder {index:3;} person {offset:35; length:7; continued:true;}">
                <Coords points="229,529 357,564 529,554 586,614 727,572 830,635 956,613 1038,653 1145,648 1150,613 986,538 810,567 690,551 649,515 459,531 326,472 233,495"/>
                <Baseline points="237,521 282,525 327,531 372,536 417,541 462,545 507,550 553,555 598,560 643,563 688,569 733,574 778,578 823,584 869,590 914,596 959,604 1004,611 1049,619 1094,627 1140,638"/>
                <TextEquiv>
                    <Unicode>vndt habe daselbsten einem so sich michell</Unicode>
                </TextEquiv>
            </TextLine>
            <TextLine id="r1l5" custom="readingOrder {index:4;} person {offset:0; length:6; continued:true;}">
                <Coords points="210,609 397,613 430,650 526,641 556,675 612,648 819,653 963,721 1167,706 1186,659 901,651 725,587 645,619 478,602 218,540"/>
                <Baseline points="219,591 266,596 314,600 362,606 409,610 457,615 505,620 552,624 600,630 648,635 696,641 743,647 791,653 839,659 886,665 934,671 982,677 1029,685 1077,691 1125,699 1173,705"/>
                <TextEquiv>
                    <Unicode>Schmid namse bey den vier wuchen gearbeitet</Unicode>
                </TextEquiv>
            </TextLine>
            <TextLine id="r1l6" custom="readingOrder {index:5;}">
                <Coords points="218,687 332,679 388,728 555,691 741,770 817,726 1067,795 1117,769 1199,797 1205,749 876,708 807,669 714,697 678,667 440,663 389,620 291,647 227,613"/>
                <Baseline points="228,656 276,664 324,672 372,678 421,684 469,689 517,694 566,699 614,703 662,708 711,711 759,716 807,721 855,726 904,732 952,739 1000,746 1049,754 1097,764 1145,773 1194,786"/>
                <TextEquiv>
                    <Unicode>hernach seye er von demselben hinweg widremb</Unicode>
                </TextEquiv>
            </TextLine>
            <TextLine id="r1l7" custom="readingOrder {index:6;}">
                <Coords points="219,745 539,764 663,826 724,788 989,801 1200,885 1206,828 1146,779 731,766 703,733 540,745 504,707 384,730 225,694"/>
                <Baseline points="228,725 276,733 324,739 373,746 421,751 470,757 518,762 567,766 615,770 664,775 712,779 760,784 809,789 857,794 906,800 954,807 1003,814 1051,822 1100,832 1148,841 1197,854"/>
                <TextEquiv>
                    <Unicode>alhar in meyner g hen und oberen sandtkhomen,</Unicode>
                </TextEquiv>
            </TextLine>
            <TextLine id="r1l8" custom="readingOrder {index:7;}">
                <Coords points="202,846 273,818 481,826 549,874 809,886 908,934 1032,909 1191,937 1196,897 1002,803 873,799 801,840 571,821 527,768 427,745 371,777 211,759"/>
                <Baseline points="213,804 261,809 310,815 359,819 407,824 456,828 505,831 553,835 602,840 651,844 700,849 748,853 797,858 846,863 894,868 943,876 992,883 1040,890 1089,899 1138,910 1187,920"/>
                <TextEquiv>
                    <Unicode>Habe also seinen geschwornen erdt schäüdtlicher</Unicode>
                </TextEquiv>
            </TextLine>
            <TextLine id="r1l9" custom="readingOrder {index:8;}">
                <Coords points="227,903 285,931 343,900 382,898 537,925 578,911 642,925 650,838 572,887 502,877 472,843 430,867 338,815 305,819 249,858 232,850"/>
                <Baseline points="236,879 261,883 286,887 311,890 336,892 361,894 386,896 411,897 436,899 461,901 486,903 511,905 536,907 561,909 586,911 611,914 636,917"/>
                <TextEquiv>
                    <Unicode>wys übertreten</Unicode>
                </TextEquiv>
            </TextLine>
            <TextLine id="r1l10" custom="readingOrder {index:9;} place {offset:17; length:8;}">
                <Coords points="164,1080 276,1133 365,1081 541,1100 723,1166 861,1123 1123,1178 1178,1127 1125,1096 949,1101 853,1053 771,1088 678,1048 403,1069 252,989 170,987"/>
                <Baseline points="171,1077 223,1079 276,1080 328,1082 381,1085 433,1087 486,1091 539,1094 591,1098 644,1102 696,1106 749,1110 801,1115 854,1119 907,1125 959,1129 1012,1134 1064,1138 1117,1143 1170,1148"/>
                <TextEquiv>
                    <Unicode>Alßo er nun nach wihtrach khommen, habe er ihren</Unicode>
                </TextEquiv>
            </TextLine>
            <TextLine id="r1l11" custom="readingOrder {index:10;} person {offset:37; length:5; continued:true;}">
                <Coords points="208,1181 282,1200 331,1158 607,1205 710,1179 919,1238 1019,1197 1157,1220 1160,1175 1059,1151 1008,1177 929,1143 879,1171 825,1124 752,1164 604,1153 505,1095 403,1132 212,1117"/>
                <Baseline points="216,1152 262,1155 309,1157 356,1160 403,1161 450,1164 496,1167 543,1169 590,1171 637,1174 684,1177 730,1180 777,1182 824,1185 871,1188 918,1191 964,1193 1011,1196 1058,1199 1105,1202 1152,1205"/>
                <TextEquiv>
                    <Unicode>drey darunder er den einten, so sich Galli</Unicode>
                </TextEquiv>
            </TextLine>
            <TextLine id="r1l12" custom="readingOrder {index:11;} person {offset:0; length:6; continued:true;}">
                <Coords points="224,1230 430,1230 535,1277 632,1241 754,1283 892,1251 1179,1294 1182,1241 1093,1208 921,1240 807,1193 711,1218 664,1179 603,1215 532,1175 485,1210 227,1179"/>
                <Baseline points="231,1209 278,1215 325,1219 372,1222 419,1227 466,1229 513,1233 560,1236 607,1238 654,1241 702,1243 749,1245 796,1248 843,1251 890,1253 937,1256 984,1260 1031,1263 1078,1267 1125,1271 1173,1275"/>
                <TextEquiv>
                    <Unicode>Müller namse undt der zu vor neben ihme</Unicode>
                </TextEquiv>
            </TextLine>
            <TextLine id="r1l13" custom="readingOrder {index:12;} place {offset:10; length:13;}">
                <Coords points="219,1325 345,1289 552,1335 687,1308 823,1352 996,1330 1077,1365 1177,1347 1180,1297 1133,1311 1101,1280 1042,1311 943,1256 883,1297 817,1256 704,1292 601,1254 541,1283 223,1252"/>
                <Baseline points="228,1278 275,1283 322,1287 369,1291 416,1295 463,1298 510,1301 557,1304 604,1307 651,1310 699,1312 746,1315 793,1317 840,1321 887,1324 934,1326 981,1329 1028,1332 1075,1335 1122,1338 1170,1341"/>
                <TextEquiv>
                    <Unicode>alhier im Gchallenwerck gewesen, gekhendt</Unicode>
                </TextEquiv>
            </TextLine>
            <TextLine id="r1l14" custom="readingOrder {index:13;}">
                <Coords points="218,1361 385,1412 476,1364 824,1432 858,1404 904,1440 950,1404 1096,1398 1192,1447 1196,1367 1083,1372 997,1332 927,1371 867,1332 702,1359 459,1300 219,1326"/>
                <Baseline points="225,1349 273,1353 321,1357 369,1359 417,1364 465,1367 513,1370 562,1372 610,1375 658,1377 706,1380 754,1382 802,1385 850,1386 899,1389 947,1391 995,1392 1043,1395 1091,1397 1139,1398 1188,1400"/>
                <TextEquiv>
                    <Unicode>welche uff einem pycher schoß geseßen, angetroffen</Unicode>
                </TextEquiv>
            </TextLine>
            <TextLine id="r1l15" custom="readingOrder {index:14;}">
                <Coords points="201,1467 363,1433 609,1479 683,1457 723,1485 774,1454 809,1481 874,1456 1116,1489 1181,1439 1010,1396 910,1442 765,1398 675,1427 595,1387 370,1419 204,1369"/>
                <Baseline points="209,1430 257,1430 305,1431 353,1432 401,1434 450,1436 498,1438 546,1441 594,1443 642,1445 691,1448 739,1450 787,1452 835,1455 883,1457 932,1458 980,1460 1028,1461 1076,1461 1124,1461 1173,1461"/>
                <TextEquiv>
                    <Unicode>zu denen habe er sich g genachet, die Ihne</Unicode>
                </TextEquiv>
            </TextLine>
            <TextLine id="r1l16" custom="readingOrder {index:15;}">
                <Coords points="192,1506 299,1492 543,1555 595,1514 716,1545 880,1530 921,1570 962,1532 1024,1556 1179,1534 1180,1504 1006,1504 875,1457 723,1485 524,1456 193,1474"/>
                <Baseline points="198,1494 246,1494 295,1496 344,1496 393,1497 441,1499 490,1502 539,1503 588,1505 636,1508 685,1510 734,1512 783,1515 831,1517 880,1519 929,1521 978,1523 1026,1524 1075,1526 1124,1526 1173,1527"/>
                <TextEquiv>
                    <Unicode>dan auch angene, daß sy nit zu eßen habent</Unicode>
                </TextEquiv>
            </TextLine>
            <TextLine id="r1l17" custom="readingOrder {index:16;}">
                <Coords points="221,1599 256,1579 313,1615 392,1574 525,1568 627,1622 687,1585 1056,1599 1134,1566 1027,1568 966,1533 922,1567 840,1564 703,1509 544,1555 292,1515 223,1541"/>
                <Baseline points="228,1565 275,1566 322,1566 369,1566 417,1568 464,1569 511,1571 559,1572 606,1572 653,1574 701,1575 748,1577 795,1578 843,1580 890,1581 937,1581 985,1583 1032,1583 1079,1584 1127,1584"/>
                <TextEquiv>
                    <Unicode>geklagt. Woruff spreche der einte under</Unicode>
                </TextEquiv>
            </TextLine>
            <TextLine id="r1l18" custom="readingOrder {index:17;}">
                <Coords points="208,1684 381,1633 481,1684 545,1638 738,1671 796,1643 1175,1659 1143,1601 1002,1587 636,1626 422,1589 209,1603"/>
                <Baseline points="215,1631 262,1632 310,1634 358,1635 405,1637 453,1637 501,1638 548,1640 596,1640 644,1641 692,1641 739,1641 787,1643 835,1643 882,1643 930,1643 978,1644 1025,1644 1073,1644 1121,1644 1169,1644"/>
                <TextEquiv>
                    <Unicode>ihnen. Wan sy ihme volgen welleit, so wolle</Unicode>
                </TextEquiv>
            </TextLine>
            <TextLine id="r1l19" custom="readingOrder {index:18;}">
                <Coords points="221,1721 287,1748 400,1703 503,1745 596,1706 659,1733 768,1709 871,1757 1029,1757 1100,1711 1187,1722 1188,1658 221,1678"/>
                <Baseline points="227,1698 274,1700 322,1700 370,1701 417,1702 465,1703 513,1704 560,1705 608,1706 656,1706 704,1707 751,1707 799,1709 847,1709 894,1709 942,1709 990,1709 1037,1707 1085,1707 1133,1706 1181,1704"/>
                <TextEquiv>
                    <Unicode>er sy an ein ohrt füehren, da sy zu eßen undt</Unicode>
                </TextEquiv>
            </TextLine>
            <TextLine id="r1l20" custom="readingOrder {index:19;}">
                <Coords points="227,1781 657,1773 715,1798 917,1770 1141,1798 1188,1793 1189,1728 1010,1759 755,1715 704,1751 617,1711 507,1748 360,1703 299,1748 227,1729"/>
                <Baseline points="234,1764 281,1765 328,1766 376,1766 423,1767 471,1767 518,1768 565,1769 613,1770 660,1770 708,1770 755,1772 802,1772 850,1772 897,1773 945,1773 992,1773 1039,1773 1087,1773 1134,1772 1182,1772"/>
                <TextEquiv>
                    <Unicode>trunken fünden verdent, dem sy nun gevolget</Unicode>
                </TextEquiv>
            </TextLine>
            <TextLine id="r1l21" custom="readingOrder {index:20;} place {offset:15; length:10;}">
                <Coords points="221,1853 306,1884 405,1847 583,1863 615,1830 729,1883 798,1840 937,1869 1044,1842 1127,1879 1173,1858 1173,1812 1106,1783 710,1808 661,1774 568,1808 430,1774 385,1808 221,1807"/>
                <Baseline points="227,1833 274,1835 321,1835 368,1835 415,1836 462,1836 509,1836 556,1836 603,1836 650,1836 697,1836 744,1836 791,1836 838,1835 885,1835 932,1835 979,1835 1026,1833 1073,1833 1120,1833 1167,1833"/>
                <TextEquiv>
                    <Unicode>vnd syendt vff Kilchdorff zuglegt, daselbsten</Unicode>
                </TextEquiv>
            </TextLine>
            <TextLine id="r1l22" custom="readingOrder {index:21;}">
                <Coords points="204,1938 307,1904 370,1946 536,1902 772,1948 828,1907 1091,1919 1091,1857 967,1843 929,1869 817,1840 712,1890 615,1831 528,1889 204,1860"/>
                <Baseline points="210,1902 253,1902 297,1904 341,1904 385,1905 428,1907 472,1907 516,1908 560,1909 603,1910 647,1910 691,1910 735,1910 778,1910 822,1910 866,1908 910,1907 953,1905 997,1903 1041,1901 1085,1896"/>
                <TextEquiv>
                    <Unicode>gabnit sy einen faller geöffnet, vnndt</Unicode>
                </TextEquiv>
            </TextLine>
            <TextLine id="r1l23" custom="readingOrder {index:22;}">
                <Coords points="209,2005 366,1984 475,2024 611,1979 897,2003 1122,1947 1069,1910 991,1935 913,1916 863,1950 208,1937"/>
                <Baseline points="216,1973 263,1971 310,1971 357,1970 405,1970 452,1971 499,1971 547,1971 594,1971 641,1971 689,1971 736,1971 783,1971 831,1970 878,1968 925,1966 973,1962 1020,1959 1067,1955 1115,1949"/>
                <TextEquiv>
                    <Unicode>bey den dreyen maßen wyn in zwogelten</Unicode>
                </TextEquiv>
            </TextLine>
            <TextLine id="r1l24" custom="readingOrder {index:23;}">
                <Coords points="215,2048 407,2041 473,2087 552,2043 784,2050 858,2084 913,2037 1134,2039 1151,1985 993,2012 957,1985 795,2012 612,1978 513,2022 432,1994 400,2019 214,2008"/>
                <Baseline points="221,2039 267,2039 313,2039 359,2037 405,2037 452,2037 498,2037 544,2039 590,2039 636,2039 683,2037 729,2037 775,2037 821,2036 867,2034 914,2031 960,2028 1006,2026 1052,2022 1098,2017 1145,2012"/>
                <TextEquiv>
                    <Unicode>vmb ein bazen brott vnd ein halben mägeren</Unicode>
                </TextEquiv>
            </TextLine>
            <TextLine id="r1l25" custom="readingOrder {index:24;}">
                <Coords points="215,2133 850,2115 894,2149 962,2095 1090,2139 1153,2108 1141,2035 902,2044 852,2086 782,2052 679,2089 214,2072"/>
                <Baseline points="221,2112 267,2110 313,2108 359,2107 405,2106 452,2106 498,2106 544,2106 590,2106 636,2106 683,2106 729,2106 775,2106 821,2105 867,2103 914,2102 960,2098 1006,2095 1052,2090 1098,2083 1145,2076"/>
                <TextEquiv>
                    <Unicode>kaß darauß genommen, welches sy für daß</Unicode>
                </TextEquiv>
            </TextLine>
            <TextLine id="r1l26" custom="readingOrder {index:25;}">
                <Coords points="204,2204 257,2231 483,2169 657,2173 743,2217 828,2174 898,2204 977,2163 1033,2201 1152,2150 1151,2115 1073,2139 960,2097 893,2149 850,2115 760,2117 671,2155 319,2126 203,2160"/>
                <Baseline points="210,2184 256,2181 303,2179 350,2177 397,2175 443,2174 490,2174 537,2174 584,2174 630,2172 677,2172 724,2172 771,2172 817,2171 864,2169 911,2168 958,2166 1004,2163 1051,2159 1098,2155 1145,2148"/>
                <TextEquiv>
                    <Unicode>dorff hinauß in ein holz getraget. Worüber</Unicode>
                </TextEquiv>
            </TextLine>
            <TextLine id="r1l27" custom="readingOrder {index:26;}">
                <Coords points="201,2304 337,2254 469,2254 537,2291 624,2242 779,2266 1167,2225 1126,2184 732,2223 668,2183 534,2207 483,2168 406,2222 198,2210"/>
                <Baseline points="206,2250 253,2250 301,2249 349,2248 396,2247 444,2246 492,2246 539,2244 587,2243 635,2242 683,2241 730,2239 778,2238 826,2235 873,2234 921,2232 969,2229 1016,2227 1064,2224 1112,2222 1160,2217"/>
                <TextEquiv>
                    <Unicode>Ihr vierdte gespan von Ihnen widrumb vber</Unicode>
                </TextEquiv>
            </TextLine>
            <TextLine id="r1l28" custom="readingOrder {index:27;}">
                <Coords points="198,2341 483,2310 599,2336 690,2308 954,2324 1137,2296 1147,2257 1017,2271 949,2230 808,2283 626,2244 543,2292 312,2272 196,2309"/>
                <Baseline points="203,2328 252,2325 301,2322 351,2319 400,2316 450,2315 499,2313 548,2312 598,2311 647,2310 697,2309 746,2307 796,2305 845,2303 894,2301 944,2298 993,2294 1043,2291 1092,2286 1142,2280"/>
                <TextEquiv>
                    <Unicode>die kar paßiert, sy aber daselbsten ver</Unicode>
                </TextEquiv>
            </TextLine>
            <TextLine id="r1l29" custom="readingOrder {index:28;}">
                <Coords points="212,2404 386,2386 450,2433 505,2377 550,2418 601,2391 656,2424 741,2372 909,2397 1167,2356 1157,2300 967,2332 925,2306 871,2352 709,2314 515,2339 482,2310 368,2366 210,2357"/>
                <Baseline points="218,2388 265,2387 312,2385 359,2385 406,2384 453,2382 500,2381 547,2381 594,2379 641,2378 689,2376 736,2374 783,2372 830,2370 877,2367 924,2364 971,2360 1018,2356 1065,2353 1112,2347 1160,2342"/>
                <TextEquiv>
                    <Unicode>bliben, daß so sy bekhommen verzehrt, darüber</Unicode>
                </TextEquiv>
            </TextLine>
            <TextLine id="r1l30" custom="readingOrder {index:29;}">
                <Coords points="204,2496 267,2454 383,2505 508,2444 600,2475 682,2442 760,2487 900,2428 1032,2466 1041,2364 936,2405 793,2382 655,2422 503,2385 453,2432 390,2402 352,2425 302,2389 202,2437"/>
                <Baseline points="209,2460 250,2459 291,2457 333,2456 374,2452 416,2451 457,2448 498,2445 540,2444 581,2442 623,2439 664,2437 705,2435 747,2433 788,2432 830,2430 871,2429 912,2427 954,2426 995,2426 1037,2426"/>
                <TextEquiv>
                    <Unicode>gefangen undt alhero gefüert worden.</Unicode>
                </TextEquiv>
            </TextLine>
            <TextLine id="r1l31" custom="readingOrder {index:30;}">
                <Coords points="144,2641 475,2651 546,2611 641,2638 772,2608 924,2639 1010,2590 1117,2610 1155,2576 1151,2503 887,2551 816,2526 707,2582 589,2538 375,2598 139,2562"/>
                <Baseline points="150,2640 202,2637 255,2634 307,2631 360,2628 412,2625 465,2623 518,2619 570,2618 623,2613 675,2611 728,2608 780,2605 833,2601 886,2598 938,2594 991,2590 1043,2585 1096,2580 1149,2574"/>
                <TextEquiv>
                    <Unicode>Wie aber die herr examinatores gespert, daß</Unicode>
                </TextEquiv>
            </TextLine>
            <TextLine id="r1l32" custom="readingOrder {index:31;}">
                <Coords points="214,2727 858,2657 980,2698 1074,2633 1171,2632 1167,2566 1117,2610 994,2594 910,2638 605,2620 210,2671"/>
                <Baseline points="218,2699 265,2694 312,2691 359,2687 407,2684 454,2681 501,2679 549,2676 596,2673 643,2672 691,2669 738,2666 785,2664 832,2661 880,2657 927,2654 974,2649 1022,2645 1069,2640 1116,2634 1164,2627"/>
                <TextEquiv>
                    <Unicode>nab mehrere diebstal hinder disem Hofer steckl</Unicode>
                </TextEquiv>
            </TextLine>
            <TextLine id="r1l33" custom="readingOrder {index:32;}">
                <Coords points="233,2761 354,2795 410,2741 460,2779 509,2739 991,2733 1168,2692 1155,2642 984,2694 862,2653 784,2704 676,2671 433,2723 229,2694"/>
                <Baseline points="239,2753 285,2749 331,2745 377,2742 423,2738 469,2736 515,2733 561,2732 607,2730 653,2728 700,2726 746,2724 792,2721 838,2719 884,2715 930,2713 976,2709 1022,2704 1068,2699 1114,2693 1161,2685"/>
                <TextEquiv>
                    <Unicode>und daß er sein herrz noch nit werde geganmtt</Unicode>
                </TextEquiv>
            </TextLine>
            <TextLine id="r1l34" custom="readingOrder {index:33;}">
                <Coords points="206,2852 323,2808 393,2839 436,2794 491,2826 542,2794 639,2825 688,2787 823,2777 878,2803 917,2765 1100,2806 1163,2769 1159,2705 1084,2736 801,2730 746,2763 599,2738 488,2778 370,2738 202,2789"/>
                <Baseline points="210,2817 257,2812 304,2808 351,2803 399,2800 446,2796 493,2794 540,2791 588,2789 635,2787 682,2784 729,2781 777,2780 824,2777 871,2774 918,2771 966,2767 1013,2763 1060,2759 1107,2754 1155,2747"/>
                <TextEquiv>
                    <Unicode>haben, ist man mit ihme etwaß strenger gefaren</Unicode>
                </TextEquiv>
            </TextLine>
            <TextLine id="r1l35" custom="readingOrder {index:34;}">
                <Coords points="188,2903 417,2858 601,2846 679,2874 771,2842 1142,2828 1144,2767 1071,2799 911,2775 811,2818 364,2819 186,2860"/>
                <Baseline points="194,2879 241,2873 288,2868 335,2863 383,2858 430,2856 477,2853 525,2850 572,2847 619,2846 667,2844 714,2843 761,2840 808,2838 856,2836 903,2832 950,2829 998,2825 1045,2820 1092,2815 1140,2808"/>
                <TextEquiv>
                    <Unicode>Der hat nun uber vorgehende artickell noch</Unicode>
                </TextEquiv>
            </TextLine>
            <TextLine id="r1l36" custom="readingOrder {index:35;}">
                <Coords points="222,2985 480,2926 571,2961 771,2910 860,2948 944,2900 995,2933 1143,2877 1139,2816 929,2869 708,2850 681,2877 610,2851 525,2900 373,2883 217,2913"/>
                <Baseline points="225,2934 270,2931 316,2928 361,2925 407,2923 452,2921 498,2919 543,2916 589,2914 634,2912 680,2910 726,2908 771,2906 817,2902 862,2899 908,2895 953,2891 999,2886 1044,2881 1090,2875 1136,2868"/>
                <TextEquiv>
                    <Unicode>nachvolgende bekhendt. Diebstad bekhendt</Unicode>
                </TextEquiv>
            </TextLine>
            <TextEquiv>
                <Unicode>Deß ersten alß er alhier mit rutten usgestrichen
undt mit dem eydt verwißen worden, seye er
nach Eschlinß matt in daß Erdtli buch gangen
vndt habe daselbsten einem so sich michell
Schmid namse bey den vier wuchen gearbeitet
hernach seye er von demselben hinweg widremb
alhar in meyner g hen und oberen sandtkhomen,
Habe also seinen geschwornen erdt schäüdtlicher
wys übertreten
Alßo er nun nach wihtrach khommen, habe er ihren
drey darunder er den einten, so sich Galli
Müller namse undt der zu vor neben ihme
alhier im Gchallenwerck gewesen, gekhendt
welche uff einem pycher schoß geseßen, angetroffen
zu denen habe er sich g genachet, die Ihne
dan auch angene, daß sy nit zu eßen habent
geklagt. Woruff spreche der einte under
ihnen. Wan sy ihme volgen welleit, so wolle
er sy an ein ohrt füehren, da sy zu eßen undt
trunken fünden verdent, dem sy nun gevolget
vnd syendt vff Kilchdorff zuglegt, daselbsten
gabnit sy einen faller geöffnet, vnndt
bey den dreyen maßen wyn in zwogelten
vmb ein bazen brott vnd ein halben mägeren
kaß darauß genommen, welches sy für daß
dorff hinauß in ein holz getraget. Worüber
Ihr vierdte gespan von Ihnen widrumb vber
die kar paßiert, sy aber daselbsten ver
bliben, daß so sy bekhommen verzehrt, darüber
gefangen undt alhero gefüert worden.
Wie aber die herr examinatores gespert, daß
nab mehrere diebstal hinder disem Hofer steckl
und daß er sein herrz noch nit werde geganmtt
haben, ist man mit ihme etwaß strenger gefaren
Der hat nun uber vorgehende artickell noch
nachvolgende bekhendt. Diebstad bekhendt</Unicode>
            </TextEquiv>
        </TextRegion>
        <TextRegion orientation="0.0" id="r2" custom="readingOrder {index:1;}">
            <Coords points="1266,316 1266,3026 2340,3026 2340,316"/>
            <TextLine id="r2l1" custom="readingOrder {index:0;} person {offset:33; length:7; continued:true;}">
                <Coords points="1321,524 1397,502 1458,530 1603,448 1778,456 2042,376 2092,405 2155,373 2217,407 2288,345 2278,286 2003,355 1763,353 1674,404 1598,386 1445,469 1303,425"/>
                <Baseline points="1326,515 1373,503 1421,491 1469,480 1517,469 1565,458 1612,449 1660,438 1708,431 1756,421 1804,412 1851,405 1899,397 1947,390 1995,383 2043,375 2090,370 2138,363 2186,357 2234,352 2282,345"/>
                <TextEquiv>
                    <Unicode>Namliche, daß er vß Peeger daben Petters</Unicode>
                </TextEquiv>
            </TextLine>
            <TextLine id="r2l2" custom="readingOrder {index:1;} person {offset:0; length:6; continued:true;} place {offset:10; length:9;}">
                <Coords points="1302,599 1563,522 1656,535 1818,478 1942,499 2007,452 2271,424 2262,371 2220,406 2120,385 2009,428 1890,409 1778,456 1553,463 1495,518 1413,497 1290,527"/>
                <Baseline points="1305,579 1352,568 1400,556 1448,545 1496,535 1544,525 1592,516 1639,507 1687,498 1735,491 1783,482 1831,475 1879,468 1927,461 1974,454 2022,447 2070,440 2118,434 2166,428 2214,421 2262,414"/>
                <TextEquiv>
                    <Unicode>Keller zu Wichtrach ein maß wyn undt umb</Unicode>
                </TextEquiv>
            </TextLine>
            <TextLine id="r2l3" custom="readingOrder {index:2;}">
                <Coords points="1302,653 1377,624 1418,642 1500,597 1561,616 1653,572 1751,581 1765,570 1755,506 1722,530 1588,541 1560,564 1529,549 1497,571 1431,559 1294,599"/>
                <Baseline points="1305,627 1330,621 1355,616 1380,611 1405,606 1430,601 1455,596 1480,592 1505,588 1531,584 1556,581 1581,577 1606,574 1631,570 1656,567 1681,564 1706,561 1731,558 1757,555"/>
                <TextEquiv>
                    <Unicode>ei betzen batt hetragt</Unicode>
                </TextEquiv>
            </TextLine>
            <TextLine id="r2l4" custom="readingOrder {index:3;}">
                <Coords points="1307,729 1397,694 1516,729 1592,680 1707,706 1796,649 1847,658 1935,633 1929,589 1864,602 1788,571 1733,583 1651,648 1568,629 1363,679 1298,658"/>
                <Baseline points="1311,708 1341,702 1372,697 1403,693 1434,689 1465,685 1496,682 1526,678 1557,674 1588,670 1619,668 1650,665 1681,660 1712,657 1742,654 1773,651 1804,647 1835,642 1866,638 1897,633 1928,629"/>
                <TextEquiv>
                    <Unicode>Item ein maßer entfrembdet.</Unicode>
                </TextEquiv>
            </TextLine>
            <TextLine id="r2l5" custom="readingOrder {index:4;} place {offset:3; length:10;}">
                <Coords points="1302,846 1353,817 1404,846 1517,790 1583,818 1745,758 1842,796 1895,743 2057,763 2172,714 2165,655 2057,689 1896,660 1752,746 1698,720 1292,752"/>
                <Baseline points="1305,812 1348,806 1391,801 1434,795 1477,791 1520,786 1563,781 1606,776 1649,771 1692,766 1735,761 1778,757 1821,751 1864,745 1907,741 1950,735 1993,731 2036,725 2079,720 2122,716 2165,710"/>
                <TextEquiv>
                    <Unicode>zu Gysenstein habe er nachts mit gilff</Unicode>
                </TextEquiv>
            </TextLine>
            <TextLine id="r2l6" custom="readingOrder {index:5;}">
                <Coords points="1303,915 1918,807 2133,788 2181,820 2247,766 2325,768 2320,722 1818,800 1641,783 1585,820 1296,852"/>
                <Baseline points="1305,879 1355,873 1406,865 1456,860 1507,853 1558,847 1608,840 1659,834 1710,828 1760,823 1811,817 1862,811 1912,806 1963,800 2014,795 2064,789 2115,784 2166,778 2216,772 2267,767 2318,762"/>
                <TextEquiv>
                    <Unicode>zweyer junger knaben deren der einte anhell</Unicode>
                </TextEquiv>
            </TextLine>
            <TextLine id="r2l7" custom="readingOrder {index:6;} person {offset:15; length:14;}">
                <Coords points="1305,949 2087,887 2244,856 2251,826 2199,835 2130,789 2071,848 1928,817 1846,860 1738,841 1459,901 1393,875 1302,915"/>
                <Baseline points="1311,936 1357,930 1404,925 1451,920 1498,915 1544,910 1591,906 1638,901 1685,897 1731,894 1778,890 1825,885 1872,882 1918,878 1965,874 2012,870 2059,866 2105,862 2152,858 2199,854 2246,849"/>
                <TextEquiv>
                    <Unicode>der ander aber Christen heyße einen kaller</Unicode>
                </TextEquiv>
            </TextLine>
            <TextLine id="r2l8" custom="readingOrder {index:7;}">
                <Coords points="1300,1031 1434,987 2021,974 2340,920 2332,864 2278,908 2099,878 2031,923 1812,936 1721,903 1296,963"/>
                <Baseline points="1305,999 1356,992 1407,986 1459,980 1510,975 1562,971 1613,967 1664,964 1716,960 1767,957 1819,954 1870,951 1921,948 1973,946 2024,943 2076,939 2127,935 2178,931 2230,927 2281,921 2333,915"/>
                <TextEquiv>
                    <Unicode>uffgebrochen 6 brott und etliche opfell daruß</Unicode>
                </TextEquiv>
            </TextLine>
            <TextLine id="r2l9" custom="readingOrder {index:8;}">
                <Coords points="1299,1079 1526,1094 1596,1036 1826,1021 1879,1057 2020,1060 2067,1015 2124,1050 2118,966 2086,950 1929,995 1789,966 1741,1005 1607,974 1524,1017 1480,987 1296,1033"/>
                <Baseline points="1304,1062 1344,1058 1385,1053 1425,1049 1466,1044 1506,1040 1547,1037 1587,1034 1628,1030 1668,1028 1709,1025 1750,1023 1790,1020 1831,1018 1871,1016 1912,1013 1952,1011 1993,1010 2033,1007 2074,1005 2115,1002"/>
                <TextEquiv>
                    <Unicode>getragen, die sy mit einanderen genoßen</Unicode>
                </TextEquiv>
            </TextLine>
            <TextLine id="r2l10" custom="readingOrder {index:9;}">
                <Coords points="1970,1088 1984,1085 2012,1093 2020,1083 2028,1084 2034,1078 2057,1085 2076,1076 2073,1024 2046,1037 2018,1064 2004,1058 1980,1066 1968,1065"/>
                <Baseline points="1976,1079 2007,1076 2038,1074 2070,1074"/>
                <TextEquiv>
                    <Unicode>mit</Unicode>
                </TextEquiv>
            </TextLine>
            <TextLine id="r2l11" custom="readingOrder {index:10;} place {offset:3; length:8;}">
                <Coords points="1300,1190 1367,1160 1452,1204 1514,1148 1724,1163 1799,1133 1884,1185 1963,1135 2020,1171 2086,1126 2298,1136 2308,1082 2155,1064 1960,1108 1899,1071 1728,1068 1560,1122 1462,1092 1297,1121"/>
                <Baseline points="1305,1164 1354,1159 1404,1155 1454,1152 1504,1147 1554,1145 1604,1142 1654,1139 1704,1137 1754,1134 1804,1133 1853,1131 1903,1130 1953,1128 2003,1127 2053,1125 2103,1125 2153,1124 2203,1122 2253,1120 2303,1119"/>
                <TextEquiv>
                    <Unicode>zu Hürselen hab eit sy nachts einem gchrotte</Unicode>
                </TextEquiv>
            </TextLine>
            <TextLine id="r2l12" custom="readingOrder {index:11;}">
                <Coords points="1311,1266 1404,1224 2346,1211 2344,1160 2080,1147 2040,1187 1983,1161 1885,1185 1819,1136 1674,1180 1309,1193"/>
                <Baseline points="1316,1226 1367,1223 1418,1218 1469,1216 1520,1214 1571,1211 1622,1209 1674,1208 1725,1206 1776,1205 1827,1203 1878,1203 1929,1202 1980,1201 2032,1200 2083,1199 2134,1198 2185,1197 2236,1196 2287,1194 2339,1193"/>
                <TextEquiv>
                    <Unicode>usen einen faller uffgethan habent aber mich</Unicode>
                </TextEquiv>
            </TextLine>
            <TextLine id="r2l13" custom="readingOrder {index:12;}">
                <Coords points="1308,1289 1454,1328 1504,1293 1558,1320 1743,1273 2310,1273 2309,1245 2147,1244 2098,1204 1702,1255 1415,1231 1307,1267"/>
                <Baseline points="1314,1284 1363,1281 1412,1280 1462,1278 1511,1275 1561,1274 1610,1272 1660,1272 1709,1271 1759,1269 1808,1269 1857,1268 1907,1268 1956,1266 2006,1266 2055,1265 2105,1265 2154,1263 2204,1262 2253,1261 2303,1259"/>
                <TextEquiv>
                    <Unicode>anders als milch und opfell daran</Unicode>
                </TextEquiv>
            </TextLine>
            <TextLine id="r2l14" custom="readingOrder {index:13;}">
                <Coords points="1289,1370 1617,1346 1712,1388 1763,1344 1942,1339 2018,1389 2249,1338 2339,1369 2347,1287 2279,1320 2203,1282 2164,1315 2041,1290 1835,1322 1674,1281 1626,1319 1447,1327 1360,1292 1289,1324"/>
                <Baseline points="1296,1346 1348,1346 1400,1344 1452,1344 1504,1343 1557,1343 1609,1343 1661,1341 1713,1341 1765,1340 1818,1340 1870,1340 1922,1340 1974,1338 2026,1338 2079,1338 2131,1340 2183,1340 2235,1340 2287,1341 2340,1343"/>
                <TextEquiv>
                    <Unicode>gefunden, derowegen sy von der milch getruncken</Unicode>
                </TextEquiv>
            </TextLine>
            <TextLine id="r2l15" custom="readingOrder {index:14;}">
                <Coords points="1288,1412 1877,1422 1993,1464 1995,1376 1973,1367 1917,1383 1875,1360 1832,1389 1750,1393 1615,1389 1555,1348 1491,1381 1431,1356 1289,1369"/>
                <Baseline points="1295,1404 1329,1403 1364,1401 1398,1401 1433,1401 1468,1401 1502,1403 1537,1403 1572,1404 1606,1406 1641,1407 1676,1407 1710,1409 1745,1410 1780,1410 1814,1412 1849,1412 1884,1412 1918,1412 1953,1411 1988,1410"/>
                <TextEquiv>
                    <Unicode>vndt die opfell ginreg getragen.</Unicode>
                </TextEquiv>
            </TextLine>
            <TextLine id="r2l16" custom="readingOrder {index:15;} place {offset:15; length:8;}">
                <Coords points="1283,1541 1389,1529 1491,1569 1906,1541 2072,1581 2133,1552 2284,1569 2306,1500 2051,1509 1998,1476 1914,1524 1645,1451 1504,1500 1285,1459"/>
                <Baseline points="1290,1523 1340,1524 1390,1526 1441,1527 1491,1530 1542,1532 1592,1533 1642,1536 1693,1538 1743,1540 1794,1541 1844,1544 1894,1545 1945,1547 1995,1548 2046,1550 2096,1551 2146,1551 2197,1551 2247,1553 2298,1553"/>
                <TextEquiv>
                    <Unicode>Am Stalden bey Hüningen habe er mit hilff einßin</Unicode>
                </TextEquiv>
            </TextLine>
            <TextLine id="r2l17" custom="readingOrder {index:16;}">
                <Coords points="1280,1617 1327,1591 1822,1605 2022,1653 2176,1620 2307,1659 2319,1582 2240,1560 2127,1606 2058,1567 2024,1593 1766,1550 1578,1578 1284,1538"/>
                <Baseline points="1289,1581 1340,1583 1391,1585 1442,1587 1493,1589 1544,1591 1595,1593 1646,1595 1697,1598 1748,1600 1799,1604 1850,1605 1901,1608 1952,1610 2003,1613 2054,1616 2105,1619 2156,1622 2207,1624 2258,1626 2310,1628"/>
                <TextEquiv>
                    <Unicode>so Heer dagen undt eineß anderen jungen knaben</Unicode>
                </TextEquiv>
            </TextLine>
            <TextLine id="r2l18" custom="readingOrder {index:17;} person {offset:3; length:6;}">
                <Coords points="1285,1673 1798,1681 1876,1727 2032,1692 2139,1742 2217,1695 2280,1725 2329,1704 2331,1658 1882,1654 1825,1608 1676,1641 1573,1605 1411,1629 1290,1594"/>
                <Baseline points="1293,1640 1344,1643 1395,1648 1447,1652 1498,1655 1550,1659 1601,1662 1653,1665 1704,1669 1756,1671 1807,1674 1858,1677 1910,1679 1961,1682 2013,1685 2064,1687 2116,1690 2167,1692 2219,1694 2270,1698 2322,1700"/>
                <TextEquiv>
                    <Unicode>so michel heyst einen kaller uffgebrochen, daruß</Unicode>
                </TextEquiv>
            </TextLine>
            <TextLine id="r2l19" custom="readingOrder {index:18;}">
                <Coords points="1279,1742 1531,1730 1658,1772 1806,1745 1927,1785 2091,1758 2266,1803 2271,1723 2157,1749 2010,1700 1883,1733 1761,1683 1663,1718 1555,1676 1283,1672"/>
                <Baseline points="1287,1712 1335,1715 1384,1718 1433,1720 1482,1722 1530,1726 1579,1729 1628,1732 1677,1735 1725,1739 1774,1741 1823,1744 1872,1748 1920,1749 1969,1753 2018,1755 2067,1759 2115,1761 2164,1764 2213,1767 2262,1769"/>
                <TextEquiv>
                    <Unicode>sy 7 leib brott, ein halben Eubell voll ancken</Unicode>
                </TextEquiv>
            </TextLine>
            <TextLine id="r2l20" custom="readingOrder {index:19;}">
                <Coords points="1282,1784 1465,1796 1513,1837 1653,1805 1706,1838 1849,1817 2041,1856 2240,1856 2244,1809 2059,1798 2008,1761 1851,1793 1542,1731 1456,1763 1410,1725 1285,1743"/>
                <Baseline points="1289,1772 1336,1774 1383,1775 1430,1779 1478,1782 1525,1785 1572,1788 1620,1793 1667,1796 1714,1800 1762,1805 1809,1808 1856,1811 1903,1816 1951,1820 1998,1823 2045,1827 2093,1829 2140,1833 2187,1835 2235,1838"/>
                <TextEquiv>
                    <Unicode>vnndt ein faß genommen, den ancken habent</Unicode>
                </TextEquiv>
            </TextLine>
            <TextLine id="r2l21" custom="readingOrder {index:20;}">
                <Coords points="2243,1847 2249,1847 2253,1843 2259,1843 2264,1847 2268,1843 2277,1851 2286,1851 2286,1812 2275,1813 2269,1820 2268,1818 2265,1820 2255,1820 2252,1817 2243,1817"/>
                <Baseline points="2250,1842 2279,1842"/>
                <TextEquiv>
                    <Unicode></Unicode>
                </TextEquiv>
            </TextLine>
            <TextLine id="r2l22" custom="readingOrder {index:21;}">
                <Coords points="1282,1851 1625,1855 1759,1910 1876,1880 1935,1921 2058,1900 2162,1937 2210,1925 2215,1874 2127,1838 2011,1859 1611,1807 1517,1835 1458,1799 1287,1789"/>
                <Baseline points="1289,1838 1334,1838 1380,1840 1426,1842 1472,1844 1518,1847 1563,1851 1609,1854 1655,1858 1701,1862 1747,1867 1792,1872 1838,1877 1884,1881 1930,1886 1976,1891 2021,1895 2067,1899 2113,1903 2159,1906 2205,1908"/>
                <TextEquiv>
                    <Unicode>sy dem vorgemeldten czumacher Herting</Unicode>
                </TextEquiv>
            </TextLine>
            <TextLine id="r2l23" custom="readingOrder {index:22;} place {offset:3; length:9;}">
                <Coords points="1282,1900 1420,1940 1627,1930 1849,1955 1886,1988 2148,1996 2213,1976 2218,1928 2078,1950 1873,1884 1759,1910 1547,1855 1484,1881 1414,1846 1284,1879"/>
                <Baseline points="1289,1898 1334,1899 1380,1901 1426,1903 1472,1907 1518,1911 1564,1916 1610,1920 1656,1925 1702,1930 1748,1937 1793,1942 1839,1948 1885,1953 1931,1958 1977,1962 2023,1967 2069,1971 2115,1974 2161,1976 2207,1977"/>
                <TextEquiv>
                    <Unicode>im oberholtz umb 2 lb verkaufft, den käß</Unicode>
                </TextEquiv>
            </TextLine>
            <TextLine id="r2l24" custom="readingOrder {index:23;}">
                <Coords points="1283,1966 1391,2011 1476,1980 1607,2037 1695,2003 1755,2042 2055,2088 2115,2045 2223,2071 2271,2037 2111,1985 1878,1990 1593,1931 1410,1947 1289,1909"/>
                <Baseline points="1290,1958 1338,1962 1387,1966 1435,1971 1484,1975 1533,1980 1581,1985 1630,1991 1678,1996 1727,2000 1776,2007 1824,2012 1873,2017 1921,2023 1970,2028 2019,2034 2067,2040 2116,2045 2164,2051 2213,2056 2262,2061"/>
                <TextEquiv>
                    <Unicode>aber daselbsten zu behalten geben und daß brott</Unicode>
                </TextEquiv>
            </TextLine>
            <TextLine id="r2l25" custom="readingOrder {index:24;}">
                <Coords points="1288,2038 1466,2044 1542,2095 1611,2060 1649,2061 1719,2107 1744,2103 1753,2017 1720,2000 1641,2042 1529,2028 1477,1981 1431,1986 1397,2014 1351,1972 1293,1992"/>
                <Baseline points="1296,2024 1322,2026 1348,2028 1374,2030 1400,2033 1426,2035 1452,2038 1478,2041 1504,2044 1531,2047 1557,2050 1583,2052 1609,2055 1635,2059 1661,2061 1687,2064 1713,2066 1740,2069"/>
                <TextEquiv>
                    <Unicode>mit einanderen genoßen.</Unicode>
                </TextEquiv>
            </TextLine>
            <TextLine id="r2l26" custom="readingOrder {index:25;} place {offset:3; length:10;}">
                <Coords points="1269,2153 1699,2196 1964,2269 2052,2242 2113,2291 2175,2250 2237,2258 2248,2182 2137,2200 1862,2110 1729,2164 1607,2093 1282,2061"/>
                <Baseline points="1278,2135 1325,2139 1373,2145 1420,2151 1468,2157 1516,2163 1563,2170 1611,2177 1659,2184 1706,2190 1754,2198 1802,2205 1849,2212 1897,2219 1945,2226 1992,2231 2040,2237 2088,2242 2135,2246 2183,2250 2231,2253"/>
                <TextEquiv>
                    <Unicode>zu Zezikhesen habe er mit huff seuneß</Unicode>
                </TextEquiv>
            </TextLine>
            <TextLine id="r2l27" custom="readingOrder {index:26;}">
                <Coords points="1276,2215 1408,2247 1495,2225 1727,2305 1807,2268 1956,2323 2062,2303 2317,2351 2324,2301 2259,2306 2228,2267 2122,2299 2006,2248 1814,2250 1694,2196 1647,2222 1603,2181 1422,2195 1334,2147 1285,2161"/>
                <Baseline points="1287,2192 1338,2198 1389,2204 1440,2211 1492,2218 1543,2225 1594,2232 1645,2241 1697,2249 1748,2256 1799,2264 1850,2273 1902,2281 1953,2289 2004,2298 2055,2304 2107,2313 2158,2320 2209,2327 2260,2334 2312,2342"/>
                <TextEquiv>
                    <Unicode>gsprnen deß metzgerß uß einem baller ein kibell</Unicode>
                </TextEquiv>
            </TextLine>
            <TextLine id="r2l28" custom="readingOrder {index:27;}">
                <Coords points="1281,2260 1488,2317 1553,2297 1744,2328 1815,2386 1899,2359 1983,2413 2068,2386 2104,2417 2251,2425 2259,2377 2083,2355 2035,2306 1728,2305 1458,2225 1404,2248 1288,2219"/>
                <Baseline points="1289,2255 1336,2261 1384,2268 1432,2274 1480,2282 1528,2289 1576,2295 1623,2303 1671,2310 1719,2318 1767,2326 1815,2334 1863,2342 1911,2351 1958,2358 2006,2367 2054,2375 2102,2384 2150,2393 2198,2403 2246,2412"/>
                <TextEquiv>
                    <Unicode>voll ancken genommen, welchen seyne gespanen nach</Unicode>
                </TextEquiv>
            </TextLine>
            <TextLine id="r2l29" custom="readingOrder {index:28;} place {offset:0; length:9;}">
                <Coords points="1272,2340 1328,2372 1386,2340 1441,2378 1497,2355 1645,2430 1698,2401 1791,2439 1888,2414 2099,2447 2147,2481 2252,2456 2070,2385 1987,2416 1932,2372 1814,2386 1558,2298 1488,2317 1283,2275"/>
                <Baseline points="1283,2318 1330,2324 1378,2331 1426,2337 1474,2345 1522,2353 1570,2361 1618,2369 1666,2376 1714,2386 1762,2393 1809,2403 1857,2411 1905,2419 1953,2427 2001,2436 2049,2445 2097,2453 2145,2461 2193,2469 2241,2477"/>
                <TextEquiv>
                    <Unicode>vichtrach getragen und verkaufft, darvon ihme</Unicode>
                </TextEquiv>
            </TextLine>
            <TextLine id="r2l30" custom="readingOrder {index:29;}">
                <Coords points="1265,2474 1283,2484 1292,2478 1306,2493 1316,2489 1330,2493 1347,2486 1357,2495 1363,2492 1396,2500 1409,2421 1395,2414 1372,2418 1348,2390 1325,2401 1307,2391 1278,2398"/>
                <Baseline points="1277,2445 1306,2448 1336,2453 1365,2458 1395,2465"/>
                <TextEquiv>
                    <Unicode>worden.</Unicode>
                </TextEquiv>
            </TextLine>
            <TextLine id="r2l31" custom="readingOrder {index:30;}">
                <Coords points="1270,2378 1419,2408 1469,2466 1658,2445 2110,2577 2268,2552 2231,2497 2184,2509 2131,2461 1982,2470 1886,2416 1845,2443 1728,2416 1661,2437 1390,2347 1275,2354"/>
                <Baseline points="1277,2381 1326,2390 1375,2399 1424,2407 1474,2415 1523,2423 1572,2433 1621,2441 1671,2450 1720,2459 1769,2468 1818,2478 1868,2487 1917,2494 1966,2503 2015,2511 2065,2519 2114,2527 2163,2534 2212,2541 2262,2549"/>
                <TextEquiv>
                    <Unicode>für seinen theil 20 oder 15 baten zugestelt</Unicode>
                </TextEquiv>
            </TextLine>
            <TextLine id="r2l32" custom="readingOrder {index:31;}">
                <Coords points="1264,2581 1811,2666 1851,2702 2031,2724 2092,2776 2177,2751 2212,2798 2258,2734 2163,2670 2090,2697 1924,2633 1655,2613 1337,2531 1283,2487"/>
                <Baseline points="1275,2561 1323,2571 1372,2580 1420,2591 1469,2600 1517,2610 1566,2622 1614,2631 1663,2641 1711,2652 1760,2661 1809,2672 1857,2682 1906,2692 1954,2702 2003,2712 2051,2723 2100,2732 2148,2742 2197,2752 2246,2762"/>
                <TextEquiv>
                    <Unicode>vanshanaehesen</Unicode>
                </TextEquiv>
            </TextLine>
            <TextLine id="r2l33" custom="readingOrder {index:32;}">
                <Coords points="1266,2649 1632,2693 1759,2752 1820,2734 2034,2821 2170,2814 2070,2749 1997,2759 1706,2694 1652,2648 1543,2660 1507,2622 1438,2637 1321,2582 1277,2596"/>
                <Baseline points="1278,2622 1322,2629 1366,2637 1411,2646 1455,2655 1499,2663 1544,2672 1588,2683 1632,2692 1677,2702 1721,2713 1765,2722 1810,2733 1854,2743 1898,2753 1943,2763 1987,2772 2031,2781 2076,2790 2120,2798 2165,2805"/>
                <TextEquiv>
                    <Unicode>Hardagenß vndt deneichthrer geren</Unicode>
                </TextEquiv>
            </TextLine>
            <TextLine id="r2l34" custom="readingOrder {index:33;} place {offset:4; length:8;}">
                <Coords points="1692,2687 1723,2696 1740,2687 1760,2701 1784,2694 1831,2722 1863,2716 1884,2733 1960,2739 2036,2764 2047,2726 2016,2730 2007,2716 1989,2726 1953,2699 1932,2706 1912,2693 1862,2699 1850,2685 1824,2687 1811,2666 1772,2676 1699,2651"/>
                <Baseline points="1700,2681 1725,2685 1751,2690 1777,2695 1803,2701 1829,2707 1855,2714 1880,2720 1906,2726 1932,2731 1958,2736 1984,2740 2010,2744 2036,2747"/>
                <TextEquiv>
                    <Unicode>ver eptelnse</Unicode>
                </TextEquiv>
            </TextLine>
            <TextLine id="r2l35" custom="readingOrder {index:34;} person {offset:28; length:18;}">
                <Coords points="1275,2721 1385,2700 1596,2757 1638,2803 1739,2789 2240,2916 2312,2926 2321,2885 2230,2824 1967,2816 1896,2754 1792,2773 1484,2665 1290,2651"/>
                <Baseline points="1290,2682 1341,2693 1392,2704 1443,2714 1494,2725 1545,2736 1596,2747 1647,2759 1698,2770 1749,2782 1800,2793 1851,2805 1902,2816 1953,2827 2004,2839 2055,2851 2106,2862 2157,2873 2208,2885 2259,2895 2310,2906"/>
                <TextEquiv>
                    <Unicode>ihngeferdt vor deyen wuchen gendicht Balsinger</Unicode>
                </TextEquiv>
            </TextLine>
            <TextLine id="r2l36" custom="readingOrder {index:35;}">
                <Coords points="1260,2752 1406,2802 1539,2796 1588,2854 1673,2832 1746,2898 1863,2876 2046,2923 2097,2971 2182,2942 2246,2970 2253,2937 2148,2872 2024,2880 1776,2805 1719,2822 1595,2756 1543,2768 1366,2706 1266,2726"/>
                <Baseline points="1269,2742 1317,2752 1366,2764 1415,2773 1463,2784 1512,2795 1561,2807 1609,2817 1658,2828 1707,2839 1756,2851 1804,2861 1853,2873 1902,2883 1950,2894 1999,2904 2048,2914 2096,2924 2145,2933 2194,2942 2243,2951"/>
                <TextEquiv>
                    <Unicode>daselbsten einen spycher uffgebrocht 3 kaßen</Unicode>
                </TextEquiv>
            </TextLine>
            <TextLine id="r2l37" custom="readingOrder {index:36;}">
                <Coords points="1256,2824 1353,2861 1411,2849 1512,2904 1560,2884 1673,2939 1761,2931 1791,2968 1905,2970 2007,3020 2171,3016 2176,2993 2049,2946 1720,2892 1688,2844 1610,2864 1544,2812 1416,2816 1316,2755 1266,2781"/>
                <Baseline points="1266,2807 1311,2819 1356,2829 1401,2841 1446,2851 1491,2861 1536,2871 1581,2881 1626,2891 1671,2901 1716,2911 1761,2921 1806,2930 1851,2940 1896,2950 1941,2960 1986,2970 2031,2980 2076,2990 2121,3001 2166,3012"/>
                <TextEquiv>
                    <Unicode>n nen</Unicode>
                </TextEquiv>
            </TextLine>
            <TextEquiv>
                <Unicode>Namliche, daß er vß Peeger daben Petters
Keller zu Wichtrach ein maß wyn undt umb
ei betzen batt hetragt
Item ein maßer entfrembdet.
zu Gysenstein habe er nachts mit gilff
zweyer junger knaben deren der einte anhell
der ander aber Christen heyße einen kaller
uffgebrochen 6 brott und etliche opfell daruß
getragen, die sy mit einanderen genoßen
mit
zu Hürselen hab eit sy nachts einem gchrotte
usen einen faller uffgethan habent aber mich
anders als milch und opfell daran
gefunden, derowegen sy von der milch getruncken
vndt die opfell ginreg getragen.
Am Stalden bey Hüningen habe er mit hilff einßin
so Heer dagen undt eineß anderen jungen knaben
so michel heyst einen kaller uffgebrochen, daruß
sy 7 leib brott, ein halben Eubell voll ancken
vnndt ein faß genommen, den ancken habent

sy dem vorgemeldten czumacher Herting
im oberholtz umb 2 lb verkaufft, den käß
aber daselbsten zu behalten geben und daß brott
mit einanderen genoßen.
zu Zezikhesen habe er mit huff seuneß
gsprnen deß metzgerß uß einem baller ein kibell
voll ancken genommen, welchen seyne gespanen nach
vichtrach getragen und verkaufft, darvon ihme
worden.
für seinen theil 20 oder 15 baten zugestelt
vanshanaehesen
Hardagenß vndt deneichthrer geren
ver eptelnse
ihngeferdt vor deyen wuchen gendicht Balsinger
daselbsten einen spycher uffgebrocht 3 kaßen
n nen</Unicode>
            </TextEquiv>
        </TextRegion>
        <TextRegion orientation="0.0" id="r3" custom="readingOrder {index:2;}">
            <Coords points="2268,95 2268,254 2328,254 2328,95"/>
            <TextLine id="r3l1" custom="readingOrder {index:0;}">
                <Coords points="2262,213 2270,212 2278,206 2287,209 2290,205 2310,208 2316,203 2326,206 2336,203 2330,160 2303,167 2297,164 2289,172 2274,166 2255,166"/>
                <Baseline points="2268,204 2298,195 2328,195"/>
                <TextEquiv>
                    <Unicode>10</Unicode>
                </TextEquiv>
            </TextLine>
            <TextEquiv>
                <Unicode>10</Unicode>
            </TextEquiv>
        </TextRegion>
    </Page>
</PcGts>
