2448 3264
349 150 1195 388 esto mehr bargelt hinder haltenn, nit der
300 226 1213 454 in seinen sanderbaren nütz ruuerwergen beß
296 251 1211 481 vilwenige weder in den ehnen oder andreri
293 313 1177 502 mühe generdt geüberg, gedachte habe, bezüge
306 356 1176 537 einem hochstenn gott im simmel bote
287 406 1224 613 müsche und obrenn demütigklich die wellens
291 440 1207 646 das alles nit zn ärgem gitens sunders gnedig
290 503 1209 690 verzychenn, er brelle doch das ein und roder
291 551 1215 720 felg schuldig verbleibe, hernn und mit gutem
299 608 531 687 ersetzend
311 707 1211 856 Was aber uff sölicher seiner zu letstgesetzten
318 773 1215 912 schuldignngg und ungründlich annassender veschen
286 801 1214 963 deinhe untrüw und generd rubt gehaben, sch
293 875 1205 996 ge. ist us dem abgenommen und zuchdiessen
286 930 1219 1028 ein gwüsser zedel von seiner kichtzen handtget
276 963 1205 1076 benm, so ein Bummarischer uszag und dupatat
278 1022 1209 1107 ist uber sein erste rechnung heiter bezuget
269 1063 1216 1167 zu erkennenn hibt, das wan er glich alles daß
284 1106 1219 1205 ken in handen gehabtes gelt frg anbezahlten
296 1164 1207 1237 einer restante geliferet, auch alle ertante
290 1212 1204 1290 In zinsbucherenn und sueste abzogen hate, das
277 1253 1211 1332 woliches alles nit gnugsam gsig were selbigs
280 1306 1209 1378 restantz zu bezahlen, darnach aber in einem gat
274 1339 1210 1417 redel von seiner eignen handt über se de
271 1404 1212 1473 rechnung verzeichnet, alles sonn einandrenn ob
289 1434 1198 1519 togteren, blybe eie in handenr und seyen
290 1490 382 1550 ein
610 1481 855 1570 120027 lb.
305 1578 1199 1677 Uff sölliche seine des gesagtenn Frischhärtzenn
279 1645 1209 1721 sein natterliche oberkeit uff paprer gebrachte lestra
265 1687 1206 1753 untrüw verwaltung seines ime anvertrinten secken
278 1739 1206 1803 meister ambts und dahar begangner hocher und schwere
275 1767 1201 1849 nishandlungenn, Haber hochdacht mein gredteer
260 1797 1199 1883 unnd oberenn Herr schuldtheis rächt und Burgel
268 1838 1197 1943 diser freyenn und lopplichen statt Berun uff freen
250 1889 1188 1987 eydt zu recht erkendt und gesprochen, das man jnne
254 1921 1197 2047 nachrichter beuelchenn, der immeanderen zu ri
255 1964 1191 2077 epempell, alhie uff dem platz vor dem rathhus
258 2009 1182 2151 dem schwardt das saupt abschuhenn und also mit de
241 2051 1175 2176 bigen nach dem keyserlichen rechtenn vom läben
245 2139 699 2233 todt hinrichten solle.
277 2197 1194 2328 Dise urtheil ist an imme erstattet worden, uff da
198 2235 1194 2365 Den 5. tag mertzenn dis lauffenden 16 40 jarb
2150 -19 2254 55 51
1272 130 2128 478 d
1512 333 1645 424 Kesler,
1268 334 1368 425 26.
1289 256 2260 574 geen
1263 309 2239 630 gne
1346 340 2234 640 ne
1264 393 2256 714 g
1321 463 2261 723 heichtet haben, gfengeklich alhar gebracht worden, haben
1289 612 1335 653 der
1262 517 2262 797 an eoberen mynem Hocheerenden h Jacob Graser, ie gegen
1302 563 2273 813 utrath uffgetragen, selbige psonen hierrüber ernste wortlichen
1280 694 1323 738 geh
1258 620 2255 863 sit betröuwung der murter zueramimeren, Gistann uff
1255 659 2264 917 von den 23t diß manats octob 1640 in byhen hr Jacob Kun
1243 712 2247 965 vgenstem rahts vnd hr. Großweybel werbers, bescheihen die
1255 845 1833 996 ant sich nun gantwortet wie volget,
1256 834 2268 1057 sggll ein jung 12 järig knab, der droben im sortal gfengeklichent
1256 913 2253 1103 von Lina Affolter sohn von Leittingen uß dem solothuuner ge
1248 963 2264 1149 Wer habe disen sommer drunden zu kogetwyl ur zemelden) der shwynen
1256 1025 2233 1185 kirt, bis man dieselbigen in das anhram getriben, domalen seye er
1259 1080 2220 1226 den pauwnen beurlaubet worden. Worrüber er sich gegen synem
1258 1120 2263 1271 git begebenen und etliche tag sich daselbst herrumb ufgehalten nach-
1257 1158 2265 1306 wey syn schwester Mutterhalb Maria Müller, so auch droben gfengen
1244 1233 2259 1353 lichenthalten wirt, zu imme kommen und imme angemutet, er sölle mit
1245 1297 2266 1397 ingahn, sy wellint sechen, ob ir mutter nit bald uß dem schallenworden
1246 1339 2256 1435 innen werde, dann sr Gerber welcher darrüber ze beuelch, habe jra
1246 1379 2251 1474 gezeigt, ir mutter werde bis künfftig Martini ledig gelaßen worden.
1243 1436 2256 1516 so seyen sy mit einanderen uff münsingen zu gangen und zu Gartzen
1246 1484 2244 1547 über die ahren gefaren, der meinung sich uff dem langenberg vnd
1238 1547 2253 1605 dselbst herumb bis Martini ufzehalten, uff die erledgung irer mutter
1245 1575 2247 1650 warten und dann mit derselbigen fort ze züchen, Als sy nun in das tolget
1247 1620 2265 1697 nen seyent sy mit den anderen gfengeklich ingenommen und athar
1246 1663 2240 1747 fürt worden, sonst habe er nüt büses begangen er wolle auch hinau
1235 1711 2244 1784 gsein heymet züchen, daselbst habe im ein pauer inne für
1247 1745 1819 1824 nen roßtbuben anzestallen versprochenen,
1234 1798 2203 1908 iser ist durch die bütelüögt mit ruten gestrichen und uff ein
1234 1852 2226 1948 gete censur hin ledig gelaßen, und in sein hermat gewisen
1229 1884 1736 1961 worden den 28. octob a 1640.
1222 1931 2247 2086 Echell schnyder ein margräffer, welche schon hienor umb das er mit et
1227 1987 2241 2139 ihn andren, by denen er sich ungenerdt befunden, in das schallenwerch zwar
1246 2048 2250 2182 ein fürgeben nach unschuldig geschmit worden, sagte, er seye darineg
1225 2060 2256 2211 mmasen kranck und arbethsetig worden, das wie man in ledig gelaßen
1225 2100 2260 2276 wihr er sein jetzig ehewyb (welche sein lantsmännin seyn) angetroffen.
1219 2145 2256 2302 er habe in von seinem unruht, deßen er voll gesterkt gesüberet
1221 2184 2285 2370 und so lang mit im gedult getragen, bis das er gesundt worden, woruff
1223 2227 2234 2379 abe er sy geehrlichet, disen sammer geschniten und seye jetz uff dem
1219 2253 2265 2449 Langenberg gewesen, habint iren bruder so daselbsten diene heimb
1234 2298 2237 2476 sucht von dännen sy sich widerumb hinwegg begeben und habnet
1241 2338 2248 2525 Geertzensee über die ahren gewolt, als sy aber uff den frer
1221 2374 2243 2570 partet, seyen sy ohne das eeinants etwas abznen clagt habe, ge
1224 2430 1931 2579 ugeklich angenommen und alhar gefürt worden.
1210 2496 1551 2605 set nd tagt abstatt
1223 2454 2257 2672 siher ist uff ein gute cenrar hin ledig gelaßene worden.
1234 2557 2225 2763 vKesther ein gar jungr gesett von heiterschen uß dem pryßgauw
1233 2601 2279 2835 Itan er seye lieber gotts auch wie ander ust seinem Heinet veren
1232 2643 2259 2864 iben worden und habe sich in disen landen ufgehalten, drunden bylantze
1231 2673 2260 2904 i habe er ungefard hienachgemelte sein schwester angetroffen,
1230 2720 2250 2942 hab in angenommen und bekleit, mit dero seye er auch als so vn
1219 2787 1723 2906 genommen und alhar gefürt worden.
1209 2746 2266 2979 Wnerd in das talgut kommee und über das waser gewolt gfengetlich an
1224 2824 2022 3011 iseen ist geschechen, wie dem nechst hieobgeschribnen
