1155 2952
1031 0 1109 70 40
222 135 891 292 Nichelhcheyder ußzem
126 235 737 370 Marggkaffen Landt.
49 330 1108 507 Obwol derselbe schan vieuor Im verschinnen Christ¬
66 414 934 548 monatt, mit andren umbschweiffendem
49 481 1049 627 bubenggfencklichen alhar gebracht, doch hernach
60 553 960 683 den 30. desselben monats, weil es kein
60 614 1059 761 ansechen, das er alls er noch ein jungest
50 698 993 802 lieber gott vertribes Bürsli, welches
58 771 1009 891 wedere. noch nit vil jahr uff ime ha
59 854 978 942 etwas diebstälen, deren er auch nemalten
55 907 1094 1010 bekandtlich worden begangen hätte, widrumb
75 976 1054 1106 ledig glaßsenn unnd eben mit diser geselshafft
59 1047 1014 1166 gfenklich alhar gefürth worden, hat er doch
48 1117 1073 1250 anders nützit bekendt, dan das er inn meine
57 1200 1044 1325 nung uff disen künfftigen früling der enden
47 1280 1042 1372 einenmeister gesuchen, dahin kommen, vnndt
56 1351 1019 1460 wyl er auch frömbd im landtsye grad mit
39 1419 718 1527 gnen hinwegg genommen worden.
50 1491 1025 1604 Ein gleiche beschaffenheit hats auch mit disem, wie
56 1589 1119 1670 mit den vorgeschribnen müller und Wälte Act in Silpra
126 1987 1002 2140 Grissen Jacob von Ramisswyl
211 2068 924 2202 Vssem Sollotgur ner gepiett
46 2190 1047 2376 Nach dem derselbe unquerdt vor 2 jahren wegen.
44 2283 1078 2456 fürgenommer unnd albereitverübter diebstälen
46 2343 991 2488 frnklichen alser endthalten unnd zu letßt
49 2436 1005 2565 mit dem Eydt von Stattt vnnd Landt ver¬
48 2494 1011 2650 wrisen worden, habe er iine doch soliches nit
47 2567 1031 2729 dergstalten zur wahrnung dienen lassen,
36 2620 1055 2799 dan das er angentz nit nur seinen eydt gebrochen,
38 2691 978 2855 sinders habe gleich daruff unnthe von
