1130 2995
138 37 1136 179 bis am driten morgen, an wellichem sy die todtnr frungt
149 81 1128 219 frühe nach Bollingen getragen undt daßelbsten uff den
149 161 1120 286 kilchhoff vergraben undt darnach verners iren wäg
139 196 289 271 zogenn.
151 271 1136 402 Sunst hat sy bekhent, das sy mit underschidenlichen persohnen
145 321 1121 458 Dienstknechtenn gsyn, gar vill undt offt in züerey undt
143 375 1011 489 fleischlicher vermüschung sich vertiefftn unndt vergeßenn.
152 479 1134 597 Berners hat sy bekhent, das sy uß anwysung einer frauw
142 534 1126 631 welche in h. doctor Künigs hinderen matten gewohnt
147 590 1128 675 jetzund aber uff ire verhafftunghin ußgrißen. in des
143 638 1135 750 mans im rahthus garten im alten berg gestigen, etlic
145 699 1127 795 klüff von Tülibanen undt anderem köstlichem blumwer
159 756 1129 857 ußgraben, hernach dieselbigen mitsampt denen, so die er
149 795 1134 899 ensten, sowohl im selbigen als anderen gärten zuo underst
132 843 1136 952 denlichen mahlen gestohlen undt ira zugebracht, als
131 895 1134 1020 an der krützgaßen undt vor den pahrfußen verkehauff
159 1155 1127 1272 Detstlichen seye sy erst kürtz verruckter tagen dem huße
117 1205 1130 1314 In h. doctor rüngsvorderen matten yngebrochen undt de
123 1261 1133 1372 frauwen i sempt i göller 1pahrschuhe, i pahrwyswüllin
128 1306 1135 1423 strumpff undt fürtens genommen, darob sy aber ergriff
126 1381 1132 1477 ein theill daruon tra widrumb abgenommen worden, unde
119 1412 1103 1524 rest aber trage sy noch an irem lyb, woruff habe man sy
120 1480 1097 1584 gfengeklich yngezogen, da sy auch noch dißmahlen sitze
89 1654 1135 1748 ach dem nun vorgemelte bekhantnus meinengs und
127 1713 1119 1807 oberenn ingeseßnem racht vorgelesen worden, haben
103 1752 1098 1841 Ir g gut befunden, sy die gefangne nit mir noch derner
114 1824 1120 1903 suveaaminieren, sonderen auch die jenigen persohnen by
106 1864 1126 1954 well ich sy sich zugezogen, ob dieselben von dem das sy schwar
116 1910 1109 2002 ger gewesen seye, kein wüßenschafft hab nit anzehören
108 1963 1123 2051 Das ist nun auch beschech undt ist also erstlichen ursula
109 2010 1118 2107 Belmunt der gefangne muter hierumb befragt wordenn,
107 2065 1075 2156 Die hat sich volgender gstalten erlütheret, Obwohl
116 2123 1126 2189 o undt ir man nach allen mitlen getrachtet, ermelte ire
91 2158 1134 2245 tochter dergstalten zuverzüchen, das sy sich selbsten ehrnehren
113 2203 1123 2305 unndt fürbringen könte, so habe es doch an ira sonil nit
95 2266 1125 2344 gefrüchtet, dan das sy sich gentzlich dem müßigang ergeben
97 2311 1100 2398 weßwegen sy dieselbe auch ußrechtem undt gutem yfer
99 2373 1130 2433 der meinung sy sölte sich darab beßeren, uß iren hußhaltung
98 2424 1132 2502 verschieket, die seye nun leider in ein sölch arbeitselig läben ger
90 2462 1133 2555 then, uffein zeit nun als sy im theig gewesen undt vnut
93 2509 1128 2606 wellen, komme ira die leidige zeitung. Ir dochter seye ein
92 2566 1103 2658 kindts abkhomen, daruff nin seye sy gstracks hinuff inh
82 2602 1134 2713 Doctor Küngsmatten, da es habe söllen geschechen sein, gelauffen
85 2670 1135 2771 der meinung sy daßelbsten zfinden, sy seye aber nit dorten
91 2726 1134 2823 gewesen, weswegen sy die verordnung gethan, das wan sy kommen
84 2779 1120 2879 werde, man sy ira zuo füehren sölle, das seye auch morndrigen
95 2835 1133 2929 tags bescheihen, worüber habe sy die muter dise ire dochter
84 2889 1090 2975 gefragt, wo by doch mit disem kindt hinkomen seye, die
