1221 2939
1051 14 1131 91 48
38 61 1131 265 ren dul zu sein früschhirtzen bewährung verordneter
56 150 1151 329 heeren und bergersen imne ernstworting. Dernacher aber
32 203 1072 362 pauch mit betrauwung, ainwendung noch strergerenn
54 251 1074 403 mntlen vorgehaltenn. hete daruff vilberürt er Hans
48 313 1122 452 Brüschhärtz vil difficulteten gmacht Zur warheit sich
48 359 1127 524 zustellen vnndt disere seine gschrifft ein brovillata und
28 419 1106 580 mithswörtige schrifft, die er in widerwartigkeit.
45 469 1127 601 und das man imme sein hus alhie, glich wie inne zu Ryne
45 529 1084 657 välden spoliert geschryben gheissen, uff mehreres
55 582 1123 710 aehalten abers bekendt, das ja, als er wäg disers seines
41 643 1075 785 veffahls in so groser betrübtnus unndt schwärmut
56 697 1107 808 gestächet, wann ihme derglichenn fliegende gedanckenn
44 750 1108 876 fürkhommen, hatte er dieselbe diser form unndt gstalten
52 800 1127 933 uffs paper gebracht, unndt syend domahlen seine gedaneken
53 864 1080 960 leider bös gsin, habe es zu derselben zeith, wie er es
52 907 1085 1036 geschrybenn, auch also gmelndt, sye Inke aber als bald
52 961 1111 1088 grüwen vnndt keines wegs das vorhabens gsin, söliches
56 1011 1058 1130 weiterf ze bringen, päte hoff unnd ein gl oberkeit
51 1067 1134 1161 umb vreichung. Vnndt wyl er bynebens vor unndt
47 1130 1133 1222 wolermelte verordneste hrn umb doffes wyllen gebetten
47 1178 1120 1276 das man inne doch über seine gegebnen rechnungen noch
51 1253 1138 1334 ners anhören unndt zu seiner versprechung kommen lassen
44 1297 1104 1389 wolle. Ist söliches auchus abermalig benelcht mahrd.
55 1351 1069 1450 unndt oberen räth unndt bürgerend) beschechenn,
49 1407 1108 1494 vnndt nachdem er nun über die einen und andren uff
48 1458 1116 1564 inne geklagten artickel, fleissig angehört unndt vernomnen
45 1518 1119 1616 men worden. Hatff sich doch endtlich durch dieselbig heiter
44 1569 1093 1666 erfunden, das er etliche ansechenhühe sumens ueßert
44 1622 1116 1723 denen underschidenlichen pansten, die im wwar nit für
41 1670 1089 1758 geferdt gehalten worden, die er aber glichwol meinen
34 1732 1092 1806 h. herrenn und oberen versetzen schuldig ist. von ir
50 1767 1057 1869 gt wegen empfangen, unndt aber sölche eindtwägers
43 1820 1096 1924 gantz, oder doch demntheil daruon, In seinen rechnungenn
34 1860 1105 1969 versolassen unndt also nit volkommen, wie er sunsten eyd
46 1911 1089 2036 unndt ambtshalben hette thun söllen für ynnemen
42 1960 526 2057 verrechnet. Als da sindt
46 2096 1115 2273 erstlichen ein obligation, welche uff trufürst. Dn
36 2172 1093 2305 von Wirtenberg lüthet unndt 2222 lb Hanbt gut
42 2213 1114 2364 Inhaltet, die imme mit noch degen andren von hr abrah
37 2248 1105 2422 Killier dem gewesnen obervogt uff Schenckenberg
32 2304 1084 2435 zugestelt wordenn, Daruon er zwar, die drey letsten
22 2362 1115 2503 In sein rechnung gebracht, dievvierte aber usgelassen
15 2494 1115 2652 Dannathin rechnete er an, das er von dr Anthoni Stetler
37 2571 1100 2692 dem domalig thütscheit uinschenck empfangen haben 1007
41 2615 1107 2746 D 16. hren setzte aber in das ynnemmenen anpf nit mehr
32 2670 1075 2789 als 3025 lb 9 s 4 de unndt also 100 lb mander
42 2726 1026 2852 welche ohne dise revision ir g weren dahin bliben
