<?xml version="1.0" encoding="UTF-8" standalone="yes"?>
<PcGts xmlns="http://schema.primaresearch.org/PAGE/gts/pagecontent/2013-07-15" xmlns:xsi="http://www.w3.org/2001/XMLSchema-instance" xsi:schemaLocation="http://schema.primaresearch.org/PAGE/gts/pagecontent/2013-07-15 http://schema.primaresearch.org/PAGE/gts/pagecontent/2013-07-15/pagecontent.xsd">
    <Metadata>
        <Creator>prov=University of Rostock/Institute of Mathematics/CITlab|PLANET AI GmbH/Gundram Leifert/gundram.leifert@planet-ai.de:name=German_Kurrent_XVI-XVIII_M1(htr_id=19584)::::v=2.6.7
prov=University of Rostock/Institute of Mathematics/CITlab|PLANET AI GmbH/Tobias Gruening/tobias.gruening@planet-ai.de:name=de.uros.citlab.module.baseline2polygon.B2PSeamMultiOriented:v=2.6.7
prov=University of Rostock/Institute of Mathematics/CITlab|PLANET AI GmbH/Tobias Gruening/tobias.gruening@planet-ai.de:name=/net_tf/LA73_249_0mod360.pb:de.uros.citlab.segmentation.CITlab_LA_ML:v=2.6.7
Transkribus</Creator>
        <Created>2020-10-05T21:58:26.255+02:00</Created>
        <LastChange>2022-09-09T15:47:40.565+02:00</LastChange>
        <TranskribusMetadata docId="1334821" pageId="52360700" pageNr="144" tsid="114642467" status="IN_PROGRESS" userId="9570" imgUrl="https://files.transkribus.eu/Get?id=DRUXXWKSEJNETZIYCNTHLYPZ&amp;fileType=view" xmlUrl="https://files.transkribus.eu/Get?id=LVOWPTOZUPBGBRHPZOJGKISM" imageId="16091881"/>
    </Metadata>
    <Page imageFilename="IMG_9157.jpg" imageWidth="1152" imageHeight="2990">
        <ReadingOrder>
            <OrderedGroup id="ro_1687513770536" caption="Regions reading order">
                <RegionRefIndexed index="0" regionRef="r1"/>
                <RegionRefIndexed index="1" regionRef="r2"/>
            </OrderedGroup>
        </ReadingOrder>
        <TextRegion orientation="0.0" id="r1" custom="readingOrder {index:0;}">
            <Coords points="19,81 19,2837 1073,2837 1073,81"/>
            <TextLine id="r1l1" custom="readingOrder {index:0;} place {offset:27; length:7;}">
                <Coords points="27,259 111,198 223,209 436,130 661,178 697,139 740,164 867,117 1055,128 1050,60 1005,46 809,93 724,42 619,37 572,88 475,56 410,115 277,80 185,131 110,96 17,123"/>
                <Baseline points="30,209 80,193 131,179 182,167 233,157 284,149 335,142 385,137 436,132 487,129 538,126 589,125 640,123 691,122 741,121 792,121 843,120 894,118 945,117 996,114 1047,111"/>
                <TextEquiv>
                    <Unicode>Eddlechts fahl zu Wybel by lysaich, oben zur</Unicode>
                </TextEquiv>
            </TextLine>
            <TextLine id="r1l2" custom="readingOrder {index:1;}">
                <Coords points="73,303 271,214 413,203 492,255 638,194 714,250 851,186 955,244 1048,185 1044,135 1004,123 849,169 449,144 402,182 67,220"/>
                <Baseline points="76,258 124,245 172,234 220,224 269,216 317,210 365,204 413,200 462,197 510,194 558,192 606,191 655,190 703,189 751,188 799,187 848,186 896,183 944,181 992,178 1041,174"/>
                <TextEquiv>
                    <Unicode>Aoch siem in ein spyches brochen, daruß</Unicode>
                </TextEquiv>
            </TextLine>
            <TextLine id="r1l3" custom="readingOrder {index:2;}">
                <Coords points="72,352 145,312 176,331 379,279 642,268 705,312 737,286 765,304 903,264 898,195 766,238 615,195 496,256 417,205 327,258 252,225 68,308"/>
                <Baseline points="76,326 119,315 162,306 205,298 248,291 291,286 334,280 377,276 420,273 463,270 507,268 550,266 593,264 636,262 679,261 722,260 765,258 808,257 851,255 895,252"/>
                <TextEquiv>
                    <Unicode>1. Maß kornentwendt und getheilt</Unicode>
                </TextEquiv>
            </TextLine>
            <TextLine id="r1l4" custom="readingOrder {index:3;}">
                <Coords points="38,441 338,380 406,420 504,367 718,368 765,403 829,352 998,362 1028,310 814,325 732,293 577,343 391,293 289,310 219,366 158,327 32,358"/>
                <Baseline points="43,422 92,411 141,401 190,394 239,387 288,380 337,375 386,371 435,368 484,365 533,362 582,360 631,359 680,357 729,356 778,355 827,353 876,352 925,350 974,348 1024,346"/>
                <TextEquiv>
                    <Unicode>Mit dem meitli und einem gsellen namens</Unicode>
                </TextEquiv>
            </TextLine>
            <TextLine id="r1l5" custom="readingOrder {index:4;} person {offset:0; length:4;}">
                <Coords points="56,531 269,450 398,500 466,443 599,498 670,436 923,472 1044,428 1042,391 855,371 814,408 721,408 568,369 417,426 329,390 52,455"/>
                <Baseline points="60,487 108,477 157,468 206,460 255,454 304,449 353,444 401,441 450,438 499,436 548,434 597,433 646,432 695,431 743,430 792,429 841,427 890,425 939,423 988,420 1037,417"/>
                <TextEquiv>
                    <Unicode>Henß im solo gebieth uß einem spycher</Unicode>
                </TextEquiv>
            </TextLine>
            <TextLine id="r1l6" custom="readingOrder {index:5;}">
                <Coords points="63,573 156,578 250,535 313,535 367,572 421,529 500,570 637,521 635,492 532,491 468,451 378,501 272,450 178,526 128,512 100,539 79,524 60,539"/>
                <Baseline points="69,564 97,557 125,550 153,545 181,540 209,536 237,532 265,529 293,526 321,524 349,522 377,520 405,519 433,518 461,517 489,516 517,515 545,514 573,513 601,512 630,511"/>
                <TextEquiv>
                    <Unicode>6. Maß korn getragen.</Unicode>
                </TextEquiv>
            </TextLine>
            <TextLine id="r1l7" custom="readingOrder {index:6;} person {offset:1; length:14;}">
                <Coords points="28,681 106,652 182,688 261,628 367,671 465,613 653,613 763,655 879,623 923,658 1051,603 1047,536 975,563 929,532 853,573 804,543 665,588 527,548 460,592 259,576 204,609 100,567 24,608"/>
                <Baseline points="34,662 84,650 135,641 185,633 236,626 286,621 337,617 387,614 438,612 488,610 539,609 589,609 640,608 690,608 741,607 791,606 842,605 892,603 943,600 993,596 1044,591"/>
                <TextEquiv>
                    <Unicode> neuern hiernon mit obenmäßigtgsellscht</Unicode>
                </TextEquiv>
            </TextLine>
            <TextLine id="r1l8" custom="readingOrder {index:7;} person {offset:22; length:12;}">
                <Coords points="62,750 187,705 354,736 410,685 960,703 1034,687 1032,635 763,655 676,623 638,657 542,618 488,657 59,680"/>
                <Baseline points="68,721 118,713 168,706 219,699 269,694 320,689 370,686 421,682 471,680 522,678 572,676 623,676 673,675 724,675 774,675 825,675 875,675 926,676 976,676 1027,677"/>
                <TextEquiv>
                    <Unicode>und nach einem genant Müllerhanßli, in</Unicode>
                </TextEquiv>
            </TextLine>
            <TextLine id="r1l9" custom="readingOrder {index:8;}">
                <Coords points="61,809 400,820 490,757 558,777 636,744 956,747 1006,783 1045,762 1043,712 794,678 632,732 545,702 480,739 170,718 59,772"/>
                <Baseline points="66,790 114,785 163,780 211,775 260,771 309,766 357,763 406,760 454,756 503,753 552,750 600,748 649,746 697,744 746,743 795,741 843,740 892,739 940,738 989,737 1038,737"/>
                <TextEquiv>
                    <Unicode>im Soycherbrochen, daruß Sie ein wenig</Unicode>
                </TextEquiv>
            </TextLine>
            <TextLine id="r1l10" custom="readingOrder {index:9;}">
                <Coords points="62,879 141,909 198,874 298,901 370,847 575,828 676,865 854,819 920,845 1068,813 1067,785 551,775 180,836 59,808"/>
                <Baseline points="68,862 117,856 167,852 216,848 266,844 316,840 365,837 415,834 465,831 514,829 564,826 614,824 663,822 713,820 763,818 812,817 862,815 912,814 961,812 1011,811 1061,810"/>
                <TextEquiv>
                    <Unicode>sung genomen, aber sonst nichts darin funde.</Unicode>
                </TextEquiv>
            </TextLine>
            <TextLine id="r1l11" custom="readingOrder {index:10;}">
                <Coords points="22,990 135,989 200,934 243,967 306,925 351,963 397,927 444,970 719,901 877,932 943,893 997,936 1051,913 1047,806 925,879 621,847 476,882 431,845 345,901 196,875 153,918 19,921"/>
                <Baseline points="26,942 79,937 133,932 186,928 240,924 294,920 347,917 401,914 455,911 508,909 562,907 615,905 669,903 723,902 776,902 830,901 884,901 937,902 991,903 1045,904"/>
                <TextEquiv>
                    <Unicode>ge lßach in gsellschafft seiner dienen, seye</Unicode>
                </TextEquiv>
            </TextLine>
            <TextLine id="r1l12" custom="readingOrder {index:11;}">
                <Coords points="31,1039 178,1006 320,1046 368,1007 492,1043 584,994 785,1007 856,975 981,1019 1074,994 1072,952 974,947 916,899 853,952 809,920 443,970 397,927 352,963 210,942 29,993"/>
                <Baseline points="37,1013 88,1008 139,1004 191,1000 242,997 294,993 345,990 397,987 448,985 500,982 551,980 602,978 654,976 705,974 757,973 808,972 860,971 911,971 963,970 1014,970 1066,970"/>
                <TextEquiv>
                    <Unicode>er ind sprosßen spycher oben zum tach yn</Unicode>
                </TextEquiv>
            </TextLine>
            <TextLine id="r1l13" custom="readingOrder {index:12;}">
                <Coords points="56,1121 372,1059 445,1091 509,1057 1025,1060 1077,1054 1076,1015 711,994 501,1043 261,1026 228,1059 166,1021 53,1029"/>
                <Baseline points="61,1077 111,1075 162,1073 212,1070 263,1067 313,1065 364,1062 414,1060 465,1057 515,1054 566,1052 616,1050 667,1048 717,1046 768,1045 818,1044 869,1044 919,1044 970,1045 1020,1046 1071,1048"/>
                <TextEquiv>
                    <Unicode>itigen, daruß 4 mäß korn 4 oder 5</Unicode>
                </TextEquiv>
            </TextLine>
            <TextLine id="r1l14" custom="readingOrder {index:13;}">
                <Coords points="34,1179 225,1137 350,1172 404,1133 575,1125 670,1172 779,1123 863,1173 906,1135 1023,1168 1054,1094 910,1098 795,1054 712,1100 632,1060 570,1105 417,1069 31,1107"/>
                <Baseline points="40,1152 90,1148 140,1145 191,1142 241,1138 292,1135 342,1132 393,1130 443,1128 494,1126 544,1124 594,1122 645,1121 695,1119 746,1118 796,1118 847,1117 897,1116 948,1116 998,1116 1049,1116"/>
                <TextEquiv>
                    <Unicode>Kocheten Schiitz, vnd ein wenig Lader genomen,</Unicode>
                </TextEquiv>
            </TextLine>
            <TextLine id="r1l15" custom="readingOrder {index:14;}">
                <Coords points="50,1244 259,1205 504,1208 536,1237 609,1193 689,1234 734,1199 794,1208 791,1157 749,1135 670,1172 596,1128 501,1173 420,1153 312,1185 250,1144 202,1180 156,1162 47,1184"/>
                <Baseline points="56,1223 92,1220 129,1217 165,1213 202,1211 238,1207 275,1205 311,1202 348,1200 384,1198 421,1196 457,1194 494,1192 530,1191 567,1190 603,1189 640,1188 676,1187 713,1187 749,1187 786,1187"/>
                <TextEquiv>
                    <Unicode>so sy mit einanderen verbrucht.</Unicode>
                </TextEquiv>
            </TextLine>
            <TextLine id="r1l16" custom="readingOrder {index:15;} place {offset:3; length:11;}">
                <Coords points="32,1330 149,1296 215,1336 297,1288 447,1282 499,1316 568,1274 947,1282 1050,1251 1048,1206 869,1187 803,1223 731,1200 682,1242 504,1208 379,1258 287,1209 241,1253 169,1217 29,1253"/>
                <Baseline points="38,1294 88,1291 138,1289 188,1286 239,1284 289,1282 339,1279 390,1277 440,1275 490,1273 541,1271 591,1269 641,1267 691,1266 742,1264 792,1263 842,1261 893,1260 943,1259 993,1258 1044,1257"/>
                <TextEquiv>
                    <Unicode>zu Kriegtelden, mit hilff des Meitlins und</Unicode>
                </TextEquiv>
            </TextLine>
            <TextLine id="r1l17" custom="readingOrder {index:16;}">
                <Coords points="60,1381 538,1345 576,1373 623,1337 811,1325 919,1360 1006,1325 1006,1285 913,1307 826,1275 599,1317 559,1288 420,1326 296,1287 219,1333 58,1335"/>
                <Baseline points="66,1356 112,1355 159,1354 206,1352 253,1350 299,1349 346,1346 393,1345 440,1343 486,1340 533,1338 580,1337 627,1334 673,1333 720,1331 767,1329 814,1328 860,1326 907,1325 954,1324 1001,1323"/>
                <TextEquiv>
                    <Unicode>seiner Mutter Oben vn in ein Spycher</Unicode>
                </TextEquiv>
            </TextLine>
            <TextLine id="r1l18" custom="readingOrder {index:17;}">
                <Coords points="38,1471 198,1468 267,1415 578,1447 621,1405 719,1400 868,1445 1020,1401 1019,1363 859,1325 624,1337 577,1373 545,1345 451,1396 34,1370"/>
                <Baseline points="43,1422 91,1421 140,1420 188,1418 237,1417 285,1415 334,1413 382,1411 431,1409 479,1406 528,1404 576,1403 625,1400 673,1398 722,1396 770,1395 819,1393 867,1392 916,1390 964,1390 1013,1389"/>
                <TextEquiv>
                    <Unicode>Cöstigl daruß 27 mäß korn und zwo</Unicode>
                </TextEquiv>
            </TextLine>
            <TextLine id="r1l19" custom="readingOrder {index:18;}">
                <Coords points="31,1506 361,1484 529,1508 566,1475 825,1465 916,1508 1013,1484 1011,1432 950,1405 829,1450 772,1407 681,1412 571,1459 260,1416 196,1469 30,1470"/>
                <Baseline points="37,1490 85,1489 133,1488 182,1487 230,1486 279,1485 327,1483 376,1482 424,1480 473,1478 521,1476 569,1474 618,1472 666,1470 715,1469 763,1467 812,1466 860,1464 909,1463 957,1462 1006,1461"/>
                <TextEquiv>
                    <Unicode>nacheren arbs gstollen, daß korn laßen</Unicode>
                </TextEquiv>
            </TextLine>
            <TextLine id="r1l20" custom="readingOrder {index:19;}">
                <Coords points="55,1576 110,1609 155,1564 251,1562 351,1602 408,1564 596,1592 715,1546 1055,1536 1053,1480 929,1520 861,1465 731,1524 486,1533 353,1484 54,1525"/>
                <Baseline points="61,1557 110,1557 159,1556 209,1556 258,1555 307,1554 357,1553 406,1552 455,1550 505,1549 554,1548 603,1546 653,1544 702,1543 751,1541 801,1540 850,1538 899,1537 949,1536 998,1534 1048,1533"/>
                <TextEquiv>
                    <Unicode>mahlen, Vnd solches wie auch die Arbs mit</Unicode>
                </TextEquiv>
            </TextLine>
            <TextLine id="r1l21" custom="readingOrder {index:20;}">
                <Coords points="60,1640 181,1629 225,1648 277,1628 318,1658 382,1622 434,1638 481,1620 508,1628 507,1595 433,1569 396,1595 302,1606 266,1574 241,1585 201,1559 164,1598 59,1611"/>
                <Baseline points="66,1629 91,1629 117,1628 142,1626 168,1625 194,1625 219,1624 245,1623 271,1623 296,1622 322,1621 348,1621 373,1620 399,1619 425,1619 450,1618 476,1617 502,1617"/>
                <TextEquiv>
                    <Unicode>einanderen gnoßen.</Unicode>
                </TextEquiv>
            </TextLine>
            <TextLine id="r1l22" custom="readingOrder {index:21;} place {offset:3; length:12;}">
                <Coords points="13,1749 253,1715 372,1756 443,1712 560,1747 833,1695 943,1735 1019,1693 1016,1582 764,1680 528,1632 455,1686 388,1628 318,1668 162,1632 11,1660"/>
                <Baseline points="19,1706 68,1708 118,1709 167,1709 217,1709 267,1709 316,1708 366,1707 416,1706 465,1704 515,1703 565,1701 614,1699 664,1698 714,1696 763,1695 813,1694 863,1693 912,1692 962,1692 1012,1691"/>
                <TextEquiv>
                    <Unicode>zu Bätterkengen, tags uß einem Käller</Unicode>
                </TextEquiv>
            </TextLine>
            <TextLine id="r1l23" custom="readingOrder {index:22;}">
                <Coords points="34,1795 185,1781 267,1825 318,1800 389,1822 442,1786 519,1807 689,1765 983,1766 995,1710 894,1736 833,1695 763,1732 724,1706 694,1735 398,1757 174,1717 33,1761"/>
                <Baseline points="40,1781 87,1780 134,1779 182,1777 229,1776 277,1775 324,1773 372,1772 419,1771 467,1769 514,1768 561,1767 609,1765 656,1764 704,1762 751,1761 799,1759 846,1758 894,1756 941,1755 989,1753"/>
                <TextEquiv>
                    <Unicode>52 lb. Angken genomen, vnd mit einander</Unicode>
                </TextEquiv>
            </TextLine>
            <TextLine id="r1l24" custom="readingOrder {index:23;}">
                <Coords points="51,1876 81,1859 147,1847 164,1851 174,1843 203,1855 242,1855 242,1799 221,1788 209,1788 179,1816 151,1821 115,1798 101,1802 87,1794 51,1792"/>
                <Baseline points="58,1841 83,1843 108,1845 133,1845 159,1845 184,1844 209,1843 235,1843"/>
                <TextEquiv>
                    <Unicode>vebrucht.</Unicode>
                </TextEquiv>
            </TextLine>
            <TextLine id="r1l25" custom="readingOrder {index:24;} place {offset:3; length:11;}">
                <Coords points="14,1927 337,1925 425,1968 491,1918 564,1960 713,1913 792,1962 1081,1932 1079,1859 992,1837 765,1877 590,1843 545,1885 332,1906 176,1843 13,1882"/>
                <Baseline points="21,1919 73,1920 126,1922 178,1922 231,1923 284,1923 336,1922 389,1921 441,1921 494,1919 547,1918 599,1916 652,1914 704,1913 757,1911 810,1909 862,1907 915,1905 967,1904 1020,1902 1073,1901"/>
                <TextEquiv>
                    <Unicode>im solothurnen gebrth mit obig gselscht</Unicode>
                </TextEquiv>
            </TextLine>
            <TextLine id="r1l26" custom="readingOrder {index:25;}">
                <Coords points="56,2001 135,1994 210,2044 293,1992 415,2028 459,1989 1042,1983 1041,1950 794,1957 722,1925 422,1971 360,1933 234,1979 55,1945"/>
                <Baseline points="63,1988 111,1989 160,1990 208,1990 257,1990 306,1989 354,1988 403,1987 451,1985 500,1984 549,1982 597,1980 646,1978 694,1976 743,1975 792,1973 840,1972 889,1972 937,1972 986,1972 1035,1973"/>
                <TextEquiv>
                    <Unicode>und dem Haußen habe er willen ebes ein</Unicode>
                </TextEquiv>
            </TextLine>
            <TextLine id="r1l27" custom="readingOrder {index:26;}">
                <Coords points="50,2065 303,2057 364,2086 487,2052 544,2083 653,2048 746,2085 803,2046 1008,2046 1007,2005 888,2024 790,1970 673,2015 554,1994 421,2029 293,1994 221,2043 49,2004"/>
                <Baseline points="57,2056 104,2057 151,2057 198,2058 246,2057 293,2056 340,2055 387,2054 435,2052 482,2050 529,2049 576,2046 624,2045 671,2043 718,2042 765,2040 813,2040 860,2039 907,2039 954,2040 1002,2041"/>
                <TextEquiv>
                    <Unicode>Källesbrächen, da sy aber (wylen der</Unicode>
                </TextEquiv>
            </TextLine>
            <TextLine id="r1l28" custom="readingOrder {index:27;}">
                <Coords points="47,2152 92,2130 190,2173 270,2127 450,2151 483,2120 564,2165 730,2113 864,2119 864,2093 787,2068 677,2091 613,2054 556,2090 508,2058 251,2100 158,2062 46,2075"/>
                <Baseline points="53,2114 93,2117 133,2119 173,2120 214,2121 254,2121 294,2121 334,2121 375,2120 415,2119 455,2118 495,2116 536,2115 576,2114 616,2113 656,2111 697,2111 737,2110 777,2110 817,2110 858,2111"/>
                <TextEquiv>
                    <Unicode>hundt sy anbüllen) klagt worden.</Unicode>
                </TextEquiv>
            </TextLine>
            <TextLine id="r1l29" custom="readingOrder {index:28;} place {offset:14; length:19;}">
                <Coords points="39,2272 90,2244 331,2265 661,2226 747,2254 832,2226 971,2270 1046,2222 1045,2154 656,2207 571,2160 197,2215 36,2147"/>
                <Baseline points="45,2240 94,2239 144,2238 194,2237 244,2236 293,2235 343,2234 393,2232 443,2231 492,2229 542,2228 592,2226 642,2225 691,2224 741,2222 791,2221 841,2221 890,2220 940,2219 990,2219 1040,2219"/>
                <TextEquiv>
                    <Unicode>Übermahlen im solotherner gebieth, seye</Unicode>
                </TextEquiv>
            </TextLine>
            <TextLine id="r1l30" custom="readingOrder {index:29;}">
                <Coords points="54,2320 123,2308 172,2355 250,2309 309,2348 394,2302 784,2283 1044,2312 1043,2272 671,2225 575,2271 529,2243 229,2250 166,2284 53,2254"/>
                <Baseline points="61,2301 109,2302 158,2302 207,2302 256,2301 305,2300 353,2299 402,2297 451,2295 500,2294 549,2292 597,2290 646,2288 695,2287 744,2286 793,2285 841,2284 890,2284 939,2285 988,2286 1037,2288"/>
                <TextEquiv>
                    <Unicode>obige gsollschafft über ein käller brochen,</Unicode>
                </TextEquiv>
            </TextLine>
            <TextLine id="r1l31" custom="readingOrder {index:30;}">
                <Coords points="53,2369 226,2392 904,2356 936,2383 1049,2338 981,2299 922,2331 820,2290 585,2340 52,2324"/>
                <Baseline points="59,2356 108,2360 157,2362 206,2364 255,2364 304,2364 353,2364 403,2362 452,2361 501,2359 550,2357 599,2356 648,2353 697,2352 747,2351 796,2350 845,2350 894,2350 943,2351 992,2354 1042,2356"/>
                <TextEquiv>
                    <Unicode>nit wryth, daruon er gewartet, hei-</Unicode>
                </TextEquiv>
            </TextLine>
            <TextLine id="r1l32" custom="readingOrder {index:31;}">
                <Coords points="57,2448 1015,2424 1014,2368 936,2383 904,2355 782,2389 574,2360 469,2403 56,2388"/>
                <Baseline points="63,2422 110,2423 157,2424 204,2425 252,2425 299,2425 346,2425 393,2424 441,2423 488,2421 535,2420 582,2419 630,2418 677,2416 724,2415 771,2414 819,2413 866,2413 913,2413 960,2413 1008,2413"/>
                <TextEquiv>
                    <Unicode>gent albes darin nichts funden, undt</Unicode>
                </TextEquiv>
            </TextLine>
            <TextLine id="r1l33" custom="readingOrder {index:32;}">
                <Coords points="48,2512 106,2493 131,2507 202,2497 281,2543 400,2553 405,2433 366,2439 313,2472 276,2453 240,2458 190,2424 126,2453 87,2437 51,2456"/>
                <Baseline points="56,2481 82,2483 108,2486 134,2489 160,2491 186,2493 212,2494 238,2495 264,2496 290,2496 316,2496 342,2496 368,2496 395,2495"/>
                <TextEquiv>
                    <Unicode>hiemit abzogen.</Unicode>
                </TextEquiv>
            </TextLine>
            <TextLine id="r1l34" custom="readingOrder {index:33;}">
                <Coords points="55,2557 681,2600 1063,2575 1042,2510 890,2554 649,2524 405,2559 56,2509"/>
                <Baseline points="62,2550 111,2554 161,2557 211,2561 260,2563 310,2565 360,2566 409,2568 459,2568 509,2569 559,2569 608,2569 658,2569 708,2569 757,2569 807,2569 857,2569 906,2570 956,2570 1006,2571 1056,2572"/>
                <TextEquiv>
                    <Unicode>und letstlichen hat er nach inn der gfangenschafft zun bysyn der</Unicode>
                </TextEquiv>
            </TextLine>
            <TextLine id="r1l35" custom="readingOrder {index:34;} person {offset:53; length:3; continued:true;}">
                <Coords points="65,2616 925,2639 1054,2629 1055,2578 599,2600 66,2564"/>
                <Baseline points="73,2594 121,2597 170,2601 219,2604 268,2606 316,2608 365,2610 414,2611 463,2612 511,2612 560,2613 609,2613 658,2613 706,2614 755,2614 804,2614 853,2614 901,2615 950,2615 999,2616 1048,2617"/>
                <TextEquiv>
                    <Unicode>su cristlichen, so inne getröstet und zr grostweybel Ler</Unicode>
                </TextEquiv>
            </TextLine>
            <TextLine id="r1l36" custom="readingOrder {index:35;} person {offset:0; length:4; continued:true;}">
                <Coords points="67,2645 360,2686 585,2662 1048,2683 973,2638 848,2629 67,2615"/>
                <Baseline points="74,2637 122,2642 170,2645 219,2647 267,2651 316,2652 364,2654 412,2656 461,2657 509,2658 558,2659 606,2660 654,2661 703,2661 751,2663 800,2663 848,2665 896,2666 945,2668 993,2670 1042,2672"/>
                <TextEquiv>
                    <Unicode>bert bekent, das er sich ustert vorgeschribner seiner dienen,</Unicode>
                </TextEquiv>
            </TextLine>
            <TextLine id="r1l37" custom="readingOrder {index:36;} person {offset:55; length:4;}">
                <Coords points="63,2683 523,2733 983,2721 1074,2753 1076,2680 845,2701 64,2658"/>
                <Baseline points="70,2677 119,2681 169,2686 219,2690 269,2692 319,2695 369,2697 419,2699 469,2701 519,2702 569,2703 618,2704 668,2706 718,2707 768,2708 818,2710 868,2712 918,2714 968,2717 1018,2719 1068,2723"/>
                <TextEquiv>
                    <Unicode>nach mit zweyenn anderen, darrunder die eine das leder sari</Unicode>
                </TextEquiv>
            </TextLine>
            <TextLine id="r1l38" custom="readingOrder {index:37;} person {offset:6; length:4;} person {offset:47; length:6; continued:true;}">
                <Coords points="62,2731 172,2727 248,2770 497,2745 1016,2773 1017,2739 938,2721 463,2732 65,2681"/>
                <Baseline points="70,2716 117,2721 164,2726 211,2730 258,2733 305,2736 352,2739 399,2741 446,2743 493,2744 540,2746 587,2747 634,2749 681,2750 728,2751 775,2752 822,2754 869,2755 916,2757 963,2760 1010,2762"/>
                <TextEquiv>
                    <Unicode>Gyger Sari uff dem breitneldt, die andere aber Barbli</Unicode>
                </TextEquiv>
            </TextLine>
            <TextLine id="r1l39" custom="readingOrder {index:38;} person {offset:0; length:6; continued:true;} place {offset:18; length:7;}">
                <Coords points="66,2773 258,2807 300,2779 664,2794 713,2825 863,2802 1016,2855 1071,2834 1074,2769 68,2731"/>
                <Baseline points="73,2762 122,2767 172,2771 221,2774 271,2777 321,2779 370,2781 420,2782 470,2784 519,2785 569,2786 619,2788 668,2789 718,2790 768,2792 817,2794 867,2796 917,2799 966,2803 1016,2807 1066,2812"/>
                <TextEquiv>
                    <Unicode>heiste, welche zu Körswyl neben im gedient, fleische</Unicode>
                </TextEquiv>
            </TextLine>
            <TextLine id="r1l40" custom="readingOrder {index:39;}">
                <Coords points="60,2806 211,2842 278,2829 511,2855 574,2838 575,2807 501,2790 413,2808 331,2787 259,2805 229,2788 125,2796 61,2774"/>
                <Baseline points="67,2798 92,2803 117,2807 142,2809 167,2812 192,2814 217,2816 242,2817 267,2818 292,2819 317,2820 342,2821 367,2821 392,2821 417,2822 442,2822 467,2823 492,2824 517,2824 542,2826 568,2827"/>
                <TextEquiv>
                    <Unicode>lichen Emischt vnd egangen habe,</Unicode>
                </TextEquiv>
            </TextLine>
            <TextEquiv>
                <Unicode>Eddlechts fahl zu Wybel by lysaich, oben zur
Aoch siem in ein spyches brochen, daruß
1. Maß kornentwendt und getheilt
Mit dem meitli und einem gsellen namens
Henß im solo gebieth uß einem spycher
6. Maß korn getragen.
 neuern hiernon mit obenmäßigtgsellscht
und nach einem genant Müllerhanßli, in
im Soycherbrochen, daruß Sie ein wenig
sung genomen, aber sonst nichts darin funde.
ge lßach in gsellschafft seiner dienen, seye
er ind sprosßen spycher oben zum tach yn
itigen, daruß 4 mäß korn 4 oder 5
Kocheten Schiitz, vnd ein wenig Lader genomen,
so sy mit einanderen verbrucht.
zu Kriegtelden, mit hilff des Meitlins und
seiner Mutter Oben vn in ein Spycher
Cöstigl daruß 27 mäß korn und zwo
nacheren arbs gstollen, daß korn laßen
mahlen, Vnd solches wie auch die Arbs mit
einanderen gnoßen.
zu Bätterkengen, tags uß einem Käller
52 lb. Angken genomen, vnd mit einander
vebrucht.
im solothurnen gebrth mit obig gselscht
und dem Haußen habe er willen ebes ein
Källesbrächen, da sy aber (wylen der
hundt sy anbüllen) klagt worden.
Übermahlen im solotherner gebieth, seye
obige gsollschafft über ein käller brochen,
nit wryth, daruon er gewartet, hei-
gent albes darin nichts funden, undt
hiemit abzogen.
und letstlichen hat er nach inn der gfangenschafft zun bysyn der
su cristlichen, so inne getröstet und zr grostweybel Ler
bert bekent, das er sich ustert vorgeschribner seiner dienen,
nach mit zweyenn anderen, darrunder die eine das leder sari
Gyger Sari uff dem breitneldt, die andere aber Barbli
heiste, welche zu Körswyl neben im gedient, fleische
lichen Emischt vnd egangen habe,</Unicode>
            </TextEquiv>
        </TextRegion>
        <TextRegion orientation="0.0" id="r2" custom="readingOrder {index:1;}">
            <Coords points="1046,0 1046,129 1096,129 1096,0"/>
            <TextLine id="r2l1" custom="readingOrder {index:0;}">
                <Coords points="1040,101 1061,100 1066,97 1083,109 1094,101 1103,103 1103,30 1094,30 1085,39 1069,37 1065,33 1053,38 1040,37"/>
                <Baseline points="1046,77 1071,79 1096,77"/>
                <TextEquiv>
                    <Unicode>94</Unicode>
                </TextEquiv>
            </TextLine>
            <TextEquiv>
                <Unicode>94</Unicode>
            </TextEquiv>
        </TextRegion>
    </Page>
</PcGts>
