1141 3043
16 3 1056 267 eagt, wie er sich mit irem snd bhalten
5 62 1082 326 N. Des habe Ihme hieruber den Großweybel
15 118 1099 395 laber, des Ihne in den Spctal, da dise frau
6 243 1041 478 hingenlag, geführte, Vnd nachdem er eun
23 292 1081 538 alles leuge nach gefragte, wie es vmb Sy
-3 396 993 626 vndt, Vnd wie er sich Ires Kindtshalben
-2 495 1019 726 solmnsolle, habe sy ihm der gstaltem
289 628 364 684 das er
1 587 1093 791 gantwortet, einmahlen von ihro
-4 667 1074 892 züig heimwerts gangen, In wenig tagen
7 727 1063 975 ernach, alß er an einem abent heim khomme
-7 867 1088 1043 sinde es dise frauw da Heinen Inseiner
5 932 1084 1099 stuben sogen, ab deren er sich mächtig vor¬
6 1014 1066 1176 einderet und zugleich gefragt, wie sy
-4 1089 1095 1280 shredig gemacht habe, die habe sich nun so weith
-3 1180 1061 1330 ntwortet, das er ira geglaubt habs
-2 1246 1052 1426 wrndrigen tags seye das uer regnnent
-2 1350 1072 1528 ußgezogen, also seye er sein frauw, vndt
6 1432 1073 1593 ben dise frauw sampt irem söhnli auch uf
-2 1503 1098 1674 asseldt gegangen, das Regmnent besichtigt
1 1581 1080 1733 wederumb heimgezogen, und wyl dißers Knäbli
0 1662 1084 1828 vnt gupsch beuntben auch glering, vnd guolglig
58 1789 130 1838 D
1 1760 1089 1908 eagses aber hingegen mit keinen kinden begabrt
1 1843 994 1974 vaß, seye er willens gewesen daßelbige
1 1895 992 2061 sendtlich uffzuerheihen, habe also solches seiner
2 1994 1064 2126 Muttes angedentet, die habe Ihm daruber
5 2067 1006 2198 gedanckete, Vnd angezeigt, das kindt habe
0 2150 1055 2299 200. g (welche Sy von Irem Vatter har
13 2212 1060 2380 in Schoffarsen gebracht und in Baldawags
1 2284 1007 2439 hauß by der pappir Müllin versteckt habe.
-3 2365 1087 2507 dis welle sy Ihm dargegen Vber antworten
14 2438 1084 2599 also mornderigen tags uff solch endt
12 2514 1036 2653 in alhar in die Stattgangen, van dannen
3 2588 1052 2757 Dise frauw ires kindt jme hinderruek hin.
13 2685 1078 2799 mg genomen, Vnd darmit entloffen, gleich dar¬
14 2766 1036 2901 auff habe er den bericht empfangen, das sy
5 2832 1039 2978 Burgdorff gefangen eige, hab sich also auch
2 2909 997 3044 dahin begeben, dem Herren Venner dorten
