1166 2679
110 62 1173 244 Alls sy aber im verschunnen sommer umb die syn, do geg
110 110 1153 286 dals veramldet hatt, noch shwangeren lybe gewesen
91 178 1157 327 habe einer so sich hand Willewegger nambse, welchen uß
102 221 1159 373 der heiteren by Bellepürtig sye und nach zu diser h
114 282 1173 437 by Cristen wogli zur Brlp disnr khunaschaff zu Ihrager
71 332 1173 478 machte und fleischliche bywonung by irs gehabt angesegen
77 386 1173 521 wan sy der frecht, so sy von ermaltent anthori ehrmane
106 442 1170 567 Anger des ihro doch ohne das nützit mehr nachfrage undt
112 503 1172 625 nit guts thun werde trage, lidig werden möchte, so wellen
114 558 1154 678 er sy heruch ehelichen und er wölle nach mitlen trächte
116 613 1153 745 das und kind von ira komme aneiem sontag dernach
123 668 1142 774 troffe ermelten Willeregger mit noch ihren zweyen
126 709 1172 824 dgrunder der eintMart (der ander ober hans heiße der
121 764 1170 874 znonamen ihre unbekant, sy allie in teg statt widerumb
123 815 1135 919 an und fhürind sy in Rudopff Dunkes keller, allwo sy
118 859 1149 976 mit inen trinken müßen, nun habe ermelter Marti e
98 919 1129 1006 as præpariarten trands in einem bechen gedechten
75 975 1150 1075 Villenegger zugstelt, der habe wwa hernach solches ztrickn
128 1023 1170 1125 geben, die sye trüb grüenlecht und gantz biter gewesen,
-4 1064 135 1148 w
145 1076 1143 1167 nd nach dem sy solches getrunken, sie nacht auch albetet
1 1130 1144 1228 lich ngearnigen habe süch sy sich hinuß uß der statt gegebnen
-7 1166 131 1216 war end
3 1202 95 1260 esge
108 1178 1146 1279 ern landvogt Morlotsschween alles sy ihren underschlaufftn
0 1239 101 1301 wieste
115 1236 1145 1332 habe begeben und als sy nach zno der schuren kommen sye
7 1289 100 1362 dsm
129 1285 1145 1392 ei pferdt, welchs under einem beym gelogen und deß
121 1337 1131 1437 sy nüt geachtet gächligen ufgesrungen, darob so der
118 1392 1151 1484 gstalt erschroben, dan sy in derselben nacht genahen und s
119 1446 1135 1538 und kind tod uff die weltokomen, das hab sy by ihre
124 1494 1134 1589 behalten, ohne das einicher untermantsch sy der ander
119 1549 1144 1639 ewußt biß am triten morgen an welchem sy die tan
107 1604 1142 1708 rucht gantz trun nach Bollingen getragen und daselbst
102 1660 1138 1756 uff dem kilchott vergraben und darnach verners ihren
87 1720 356 1811 Weg gezogen
97 1756 1151 1893 Verners hat sy bekent, das sy uo anwysung einer frau
102 1845 1139 1931 welche in hren doctor kungskinderen wätten gewehnt
109 1888 1135 2001 e nut ober uff ihre verhafftuug hin ußgerißen in des
103 1949 1134 2050 hrr amans im rhatluß garten, Im eltenberg geseigen,
115 1999 1138 2093 etliche klüff von Tidlibonen und anderm köstlichem
125 2053 1136 2139 Blumworch ußgroben hernach dieselben sambt jenen
116 2114 1145 2207 so die fraw sonst, so wol im selbigen alls anderen gartet
116 2139 1131 2267 zud underschidlichen mohlen gestolen und wra zubracht
129 2183 1150 2310 alhie an der erntzgaßen vnd vor den garfußen verkaufft
94 2259 1155 2378 Item syr sy auch erst kuntz verrukhter tagen den husent
85 2338 1144 2443 In ze datar kungs vorderen matten yngebrochet und
93 2370 1135 2495 deßen frawen  hembd göller i por schu par we
48 2419 1121 2524 wüllitn strumpf und ein fürtnach genammen darb
131 2472 1154 2572 aber ergriffen ein h, daruon ire widrumb obgangen
91 2542 1056 2629 worden, den restaber trage syich an ihrem lyb
