1107 2942
72 78 969 257 Margreth Steltz von Dammer
89 167 975 303 tingen ab der alb uß Schwaber
102 219 907 354 der vorgedachten schreyerin Magd
311 297 542 428 bekhandt,
31 420 1047 609 Dseye nun mihr ußert 10 wuchen, so sy
48 512 1054 689 sich anderst wo uffghalten, zwey gantze far-
34 599 1067 744 Ang by gedachter Irew Frauwen gewesen,
15 675 1055 822 und zu Angspurg, da sy noch im Wittwen
41 750 1079 874 standt waß zu Jra kommen, mit deren seye
27 824 1069 981 vn Zinab sin Beyren, van dannen dem gebirg
36 886 1034 1018 nach widerumb druff in Schwaaben und so
39 961 1058 1095 fortan uff dem Brägentzer Waldt gezogen
23 1024 1018 1160 daselbsten habe sy sich mit gesagtem Irem
34 1094 1075 1235 Meister vehelichet, Vnd in der Auw hochzylt
28 1167 1067 1309 ghalten, von dannen seyen sy mit einanderen
37 1238 1053 1364 in die Eydtgroßschafft, vndt also letstlichen alhars
27 1297 1063 1429 In die Staff komen, Waß aber Ir Meister
15 1366 1069 1500 und frauw mit der gedachten Wynschenckhin
27 1445 1045 1577 zu Timshandlet und wiedil galdt sy von
24 1515 955 1630 derselbige bekhommen, das wüße sy nit
28 1588 1050 1726 Anders dann das Sy von Prew frauwen Von
28 1662 1040 1800 Zwolff Guldenen gehört, Sy habe aber ge
30 1716 1018 1846 meint, es seye villeichter von des straucks
24 1797 1019 1938 wegen, so sy gedachter Frauwen von Chin
28 1868 1033 2011 für die gabsucht zugestelt, sonsten seye mit
28 1930 994 2061 boses In dem selbigen dann allem gute
26 2002 1053 2137 gwurtz, Im übrigen habe sy auch wolgestechen
23 2069 1004 2186 das ermelte fraure von 4 villerey
27 2134 1063 2272 Narren wärckh mit irem meister getriben,
24 2203 1038 2344 habe Im seine hosenbend uffgethan, sein zup
23 2273 1038 2409 Vfgesezt, vnd dergleichen sachen mehr rnebt,
27 2337 1050 2467 wers seye tranget rweden. Daß aber
28 2427 1055 2510 ir mr syn frauw zu Wichtrach ghauwen und gletzt
31 2486 1040 2573 habe und wie es sunsten ergangen sye, das seye ira nit jun-
29 2523 185 2601 wüstenn,
43 2572 1056 2671 diße ist vff eingute Consur hin, Vnd dassy der Arbeith
29 2655 1074 2761 nachziechen sölle, ledig gelaßen worden, den 1. seeetember
933 2712 1074 2792 6
1002 46 1083 112 85.
