1222 2737
154 33 1196 200 uo hur selen habind sy uß einem stycher  wöllen zer
149 86 1177 240 shuch, so by 19 ellen ihm 5 lyndanh 4 par shu entzukht
157 172 1199 320 tuch hristen gurtnen uffem Belpberg verkaufft, warnan
146 202 853 317 imme 1 lb und i g zu theil worden.
143 250 1189 396 zu konelfingen, habind sy uß einem spycher 2 wamet vo
140 323 1195 439 i bachen schwynin und so vill eindernen fleischs entfrönt,
121 362 1189 487 Warnan er imme ein esnnnest amnach laßen, batten überig
151 415 1018 527 kaufft das gelt theilt und das Frrih geeßen
171 474 1190 617 ohabe er auch mit hilff eins anderen synes gspanen hans
160 530 1189 672 genambt einer frowen, die sy zwüschen dumbligen und all
161 596 1176 694 dum antraffen an offner fryer straß ein takbeth abdei
134 637 1190 749 kopf gefelt selbiges gwelthätig genommen, damit einechs hat
105 691 1190 811 und vngwonte weg nach feyrenhuß geloffen, sollichs alle
120 733 1041 827 verkaufft, waruon imme 1 r zu theil worden.
143 796 1180 918 einer anderen frawen 4 lynlachen, so sy buntels wyß uff dem
149 853 1181 969 kopf tragen gtrab gestoßen, damit daruon gloffen solche nict
153 901 1163 1030 ob ein anderen theilt und er Stempfli Hanser schneinge
153 950 625 1040 sanen 3 bz ußher geben
138 1001 1180 1139 mehr einer frowen, welche sy an offner straß, zu boden ge
147 1066 1164 1176 legt zwüschen dießbach undt leß kofen, ein par schu ra
146 1109 799 1209 ab den füßen mit gwalt gerißen.
125 1161 1159 1290 Mit obgenamptem Fridli synem gsponen, habe er zwüschen
150 1225 1168 1342 Arberg unnd seedorff, uff ein man den sy zur arberg gelen
140 1292 1153 1382 by sich ze haben gesachen unnd ußgspacht gewartet, welches
131 1340 1160 1436 er stemptli als erinen begegnet, angriffen gehalten und
125 1373 1006 1470 Fridli imme aß sy nem hosensoken st genommen.
125 1433 1146 1544 Es habind auch sy einer fraubden betler frowen 2 lyuln
131 1508 1154 1604 und in wüllene tech und einem betlerman am kurtzberg
132 1555 1149 1632 2 lynbach und 1 dekhen gwalthatig an offner traff ebgne
114 1607 1148 1699 Im grawholtz habind sy uff einen man den sy ien wirtshut
107 1656 1137 1754 zu buchser ußgspächt und von Hopsteten gsan gwartet, es
135 1704 717 1791 sye aber derselbig nit kommen.
122 1754 145 1807 I
78 1755 1141 1868 Sy Rotenbach habind bebenmeßig einer trowen, so gahn
60 1836 1148 1913 Wurtzbrunnen gwöllen und in einem kraten gelsten by ihro
115 1870 1124 1975 ghebt gewartet, es sye aber auch dieselbige nit kommen.
119 1973 1138 2081 Uff sölliche syne deß gesagten otmar Stempfflins vilual
122 2060 1130 2134 tige diebstal begangne diebstäl, hoche, vnd schwere mis¬
110 2098 1119 2179 handlungenn. Habenn hochgenampt mysgnedig herren
123 2149 1131 2211 und Eberen s schultheiß räch und Burger, diser
115 2208 1130 2277 freyenn und copplichen statt Bern uff iren eydt zu
98 2269 1122 2338 recht erkent und gesprochenn, das man inne dem nach-
111 2298 1099 2370 richter beuelchenn, der inn obene ust uffgwohnliche
99 2348 1103 2439 richtstatt füren, mit imme daselbsten das
105 2405 1115 2487 haupt abschlachen und also mit dem schwert vom lebeng
102 2464 1057 2554 zum todt nach dem keyserlich richt zuwühlen solle.
87 2539 1109 2654 Sembmarii ao 1641. ist diese urtheil
78 2617 732 2707 er imme erstaldet worden.
1183 2540 1227 2597 a
1160 2580 1227 2633 vel
1164 2624 1232 2684 16.
1154 2675 1209 2734 in
