1201 3005
972 66 1072 148 46
180 106 947 298 JoHans Frischhertzen des geweßnen
245 176 848 336 Seckelmeisters, Zeütschen landts
309 229 843 357 der stätftvernn proces.
138 310 1013 519 Ils dannsHans Früshhärtz der gewäsel
20 431 1035 626 Bectelmeister eütschen landts diser Statt Bernn, sein
24 463 1064 669 Sechste halbe Jahrrechnung, darinnen er alles das, was
34 511 1085 708 er in ir dug namen bis uff Johannis des 1639. janz
25 592 1054 755 mit ynnemmen vandt usgebenn verhandlet, begryffen sye.
25 653 1087 802 vnndt, das er hochgracht ir dnn vollenklich usbezahlt habe,
27 715 1089 858 vermeldet, nechstnerschinen sumer, erstlichen uff donstag
26 771 1095 923 Den 4. julii meinen Hochehrenden Herrenn den Nennen
35 822 1115 960 reg unndt demnach nechst daruff volgenden sontags meynen
33 877 1109 1013 Herrenn vnndt oberen herrenn schuldtheis räth und
33 943 1101 1074 Burgeren fürgelegt, derselbig abhörung, Ratification und
42 997 1094 1127 sormbtliche quitantz darüber begerende. Warendt hoch
37 1046 1100 1175 gedacht ir guf etliche darinn begriffne puncten bedene.
43 1099 1107 1220 klich fürgefallen, also das sy sich derselbig nit durchus ver
44 1151 1061 1267 augen khönnen, sonderen hattendt ihme seckelmeister
47 1207 1061 1305 bendlichen dreyer artickul halber sonderlich, namlich
47 1241 1109 1369 der speficaon des verkhoufften getreits und der darumb
47 1306 1115 1439 erhebter losung, item der ynkhauffter thunheren, dritens
50 1378 1084 1492 des pryses grober Goldt unndt silbersortenn mehrere
43 1414 1110 1526 bessere unndt specificiertichere lütherung. innert den
57 1488 1058 1586 nechsten acht tagen ge thun, sich keiness anders dan so
59 1552 1119 1646 williger alls pflichtiger gehorsame gegen ihmme versächende
55 1600 1110 1699 Dem aber entgegenn wäre gedachter domaliger seckel,
65 1672 1062 1749 meister mit selbiger seiner noch unpaßierter, auch
52 1713 1069 1793 vnnerendeter vnndt vnuerbessereter rechnung vff
57 1776 1063 1833 bestimbt termyn widerumb vor hochgedacht er del
69 1830 1103 1897 erschinen, heiter vnndt mit hoch ynträbenden worten
67 1866 1103 1955 protestierend, das er in diser seiner rechnung nützit
69 1928 1071 2008 überall zuverenderen wüsse noch khönne, auch hoch
65 1967 1083 2059 bethürend, so gütte, Erbare, vffrechte vnndt redliche
73 2021 1112 2116 rechnung gegeben zehaben, alls jemalen von den herren
76 2078 1061 2167 seynen ambtsforfahren beschechen etc. Welche sein
78 2139 1124 2227 hochmütige andtwordt unndt vorsetzliche erzeigte unghor
88 2204 1105 2271 ame, by so billich mäsigem anmütten iren 3el gantz
72 2243 1101 2339 erpfindtlich, zum theil dan auch suspelt unndt vrlächtlich
73 2278 1094 2376 fürgefallenn, defftweg es dennen beliebt zu andren
74 2324 1060 2440 mitlen ze schreyten unndt zu eygendtlicher erforschung
76 2390 1131 2506 beschaffenheit der sach, acht verordneten herrenn us ir
79 2449 1111 2539 seh mitlen von räthen unndt burgeren nit allein die
79 2498 1121 2587 iquidation gedachter Freyer puncken, sunderen die revi-
74 2568 1137 2660 dion dergantzen rechnung zu committieren vnndt anzu¬
72 2605 1115 2716 beuelchen welche commission y die herrenn vord
78 2665 1134 2757 neten also bald angeträfffen, unndt so sy in dem einen oder
75 2714 1124 2827 andren puetten etwas anstosses gewunnen oder sunsten
84 2753 1138 2883 etwas dunckels vnndt das der erlüthrung eotwendig
76 2810 1120 2953 sfunden, inne früschbärtzen jekwylen, so schrifft
