<?xml version="1.0" encoding="UTF-8" standalone="yes"?>
<PcGts xmlns="http://schema.primaresearch.org/PAGE/gts/pagecontent/2013-07-15" xmlns:xsi="http://www.w3.org/2001/XMLSchema-instance" xsi:schemaLocation="http://schema.primaresearch.org/PAGE/gts/pagecontent/2013-07-15 http://schema.primaresearch.org/PAGE/gts/pagecontent/2013-07-15/pagecontent.xsd">
    <Metadata>
        <Creator>prov=University of Rostock/Institute of Mathematics/CITlab|PLANET AI GmbH/Gundram Leifert/gundram.leifert@planet-ai.de:name=German_Kurrent_XVI-XVIII_M1(htr_id=19584)::::v=2.6.7
prov=University of Rostock/Institute of Mathematics/CITlab|PLANET AI GmbH/Tobias Gruening/tobias.gruening@planet-ai.de:name=de.uros.citlab.module.baseline2polygon.B2PSeamMultiOriented:v=2.6.7
prov=University of Rostock/Institute of Mathematics/CITlab|PLANET AI GmbH/Tobias Gruening/tobias.gruening@planet-ai.de:name=/net_tf/LA73_249_0mod360.pb:de.uros.citlab.segmentation.CITlab_LA_ML:v=2.6.7
Transkribus</Creator>
        <Created>2020-10-05T21:58:28.793+02:00</Created>
        <LastChange>2022-09-09T15:49:09.427+02:00</LastChange>
        <TranskribusMetadata docId="1334821" pageId="52361030" pageNr="205" tsid="114642808" status="IN_PROGRESS" userId="9570" imgUrl="https://files.transkribus.eu/Get?id=BQJTHUEQFYFPPQKJPXOKYVQQ&amp;fileType=view" xmlUrl="https://files.transkribus.eu/Get?id=CIOWCYMUCWARWSNBWWHQFVMK" imageId="16091942"/>
    </Metadata>
    <Page imageFilename="IMG_9218.jpg" imageWidth="1169" imageHeight="2831">
        <ReadingOrder>
            <OrderedGroup id="ro_1687513772490" caption="Regions reading order">
                <RegionRefIndexed index="0" regionRef="r1"/>
            </OrderedGroup>
        </ReadingOrder>
        <TextRegion orientation="0.0" id="r1" custom="readingOrder {index:0;}">
            <Coords points="76,49 76,2735 1098,2735 1098,49"/>
            <TextLine id="r1l1" custom="readingOrder {index:0;}">
                <Coords points="135,124 185,93 428,75 1043,92 1042,41 1004,37 674,46 492,18 318,55 134,28"/>
                <Baseline points="141,97 185,89 230,84 275,79 320,76 365,73 409,71 454,69 499,69 544,69 589,69 633,70 678,71 723,72 768,73 813,74 857,75 902,75 947,76 992,75 1037,75"/>
                <TextEquiv>
                    <Unicode>Namen etlicher bösen angebnen vor¬</Unicode>
                </TextEquiv>
            </TextLine>
            <TextLine id="r1l2" custom="readingOrder {index:1;}">
                <Coords points="365,128 464,138 593,114 626,133 687,126 740,145 739,88 721,79 676,87 648,77 629,90 540,99 446,81 364,95"/>
                <Baseline points="370,120 395,118 421,116 447,115 473,114 499,113 525,113 551,113 577,112 603,112 629,112 655,112 681,112 707,112 733,112"/>
                <TextEquiv>
                    <Unicode>dechtigenn persohnen</Unicode>
                </TextEquiv>
            </TextLine>
            <TextLine id="r1l3" custom="readingOrder {index:2;}">
                <Coords points="350,242 363,245 387,270 410,258 425,259 437,248 455,264 482,270 521,260 522,218 509,215 494,199 469,197 452,204 437,197 401,199 387,206 372,193 352,195"/>
                <Baseline points="357,236 383,237 409,238 436,240 462,241 488,241 515,242"/>
                <TextEquiv>
                    <Unicode>Uß zug</Unicode>
                </TextEquiv>
            </TextLine>
            <TextLine id="r1l4" custom="readingOrder {index:3;}">
                <Coords points="115,305 248,291 336,326 638,306 953,362 995,319 903,276 760,297 120,233"/>
                <Baseline points="122,282 165,284 208,287 251,289 295,291 338,294 381,296 425,298 468,300 511,303 555,306 598,308 641,311 684,314 728,317 771,321 814,325 858,330 901,335 944,341 988,346"/>
                <TextEquiv>
                    <Unicode>uß dem Thurn rodel der statt sollothurn</Unicode>
                </TextEquiv>
            </TextLine>
            <TextLine id="r1l5" custom="readingOrder {index:4;} person {offset:32; length:11; continued:true;}">
                <Coords points="115,371 409,359 658,414 929,398 982,429 1080,391 970,355 790,370 651,338 606,362 389,306 340,338 194,294 119,321"/>
                <Baseline points="123,346 170,346 217,347 265,350 312,352 360,354 407,358 455,362 502,366 550,370 597,374 644,378 692,382 739,387 787,391 834,395 882,399 929,402 977,405 1024,407 1072,409"/>
                <TextEquiv>
                    <Unicode>zinstag den 6. martii 1690 hatt Hans Caspar</Unicode>
                </TextEquiv>
            </TextLine>
            <TextLine id="r1l6" custom="readingOrder {index:5;} person {offset:0; length:4; continued:true;}">
                <Coords points="115,415 290,396 397,425 623,423 655,456 706,434 755,465 1006,464 1001,421 655,411 414,363 353,387 306,358 119,370"/>
                <Baseline points="123,396 166,396 210,396 254,397 298,399 342,401 386,403 429,406 473,409 517,412 561,416 605,420 649,425 693,429 736,433 780,438 824,443 868,447 912,452 956,456 1000,461"/>
                <TextEquiv>
                    <Unicode>Lubi von dar uß dem zugerynett, seinen alters</Unicode>
                </TextEquiv>
            </TextLine>
            <TextLine id="r1l7" custom="readingOrder {index:6;}">
                <Coords points="99,468 235,446 292,472 421,456 743,508 781,486 989,510 991,469 958,462 103,413"/>
                <Baseline points="106,444 149,444 193,444 237,445 281,447 325,448 369,451 412,454 456,457 500,461 544,464 588,468 632,471 676,476 719,479 763,483 807,487 851,491 895,494 939,496 983,499"/>
                <TextEquiv>
                    <Unicode>by 91 jahren alt mit undt ohne marter bekhent</Unicode>
                </TextEquiv>
            </TextLine>
            <TextLine id="r1l8" custom="readingOrder {index:7;}">
                <Coords points="110,488 951,561 989,555 993,506 839,519 781,486 668,504 577,474 515,496 466,467 341,453 299,478 161,443 112,465"/>
                <Baseline points="116,481 159,483 202,485 246,488 289,491 333,494 376,497 419,502 463,505 506,509 550,514 593,517 636,521 680,525 723,528 767,531 810,535 853,537 897,539 940,541 984,542"/>
                <TextEquiv>
                    <Unicode>undt veriaruches, das ernurmalen kein faltsches</Unicode>
                </TextEquiv>
            </TextLine>
            <TextLine id="r1l9" custom="readingOrder {index:8;}">
                <Coords points="103,546 426,544 989,598 980,552 107,503"/>
                <Baseline points="111,524 154,525 198,527 241,530 285,533 329,536 372,540 416,543 460,547 503,551 547,555 591,559 634,563 678,567 722,570 765,574 809,577 853,580 896,583 940,585 984,587"/>
                <TextEquiv>
                    <Unicode>gelt gemacht, auch mit wüssen mit ußgeben oder</Unicode>
                </TextEquiv>
            </TextLine>
            <TextLine id="r1l10" custom="readingOrder {index:9;}">
                <Coords points="111,578 392,617 524,600 611,627 658,599 697,637 775,614 777,590 557,561 475,572 428,544 352,563 114,548"/>
                <Baseline points="118,565 150,567 183,569 215,571 248,573 280,575 313,577 345,580 378,582 410,585 443,588 475,591 508,594 540,598 573,601 605,605 638,610 670,614 703,618 735,623 768,628"/>
                <TextEquiv>
                    <Unicode>uß geli wellen heineß5 b</Unicode>
                </TextEquiv>
            </TextLine>
            <TextLine id="r1l11" custom="readingOrder {index:10;}">
                <Coords points="771,638 794,633 822,643 840,633 872,652 905,646 914,653 935,643 997,641 1038,658 1040,611 997,597 966,604 950,596 918,617 890,594 865,606 847,599 833,606 774,588"/>
                <Baseline points="778,627 803,628 829,630 854,630 880,632 905,633 931,634 956,636 982,637 1007,639 1033,641"/>
                <TextEquiv>
                    <Unicode>dienach gemelte</Unicode>
                </TextEquiv>
            </TextLine>
            <TextLine id="r1l12" custom="readingOrder {index:11;}">
                <Coords points="110,632 990,705 1032,702 1036,655 114,583"/>
                <Baseline points="117,624 162,625 208,626 253,629 299,631 344,634 390,637 435,641 481,645 526,649 572,653 617,657 663,661 708,666 754,669 799,673 845,677 890,681 936,684 981,686 1027,689"/>
                <TextEquiv>
                    <Unicode>Luentzen haben mit dilff eineß meitlis by eitlichen</Unicode>
                </TextEquiv>
            </TextLine>
            <TextLine id="r1l13" custom="readingOrder {index:12;} person {offset:14; length:10;}">
                <Coords points="118,679 498,694 878,756 994,742 1046,773 1058,708 122,634"/>
                <Baseline points="125,664 171,666 217,668 263,670 309,674 356,678 402,682 448,686 494,691 540,696 587,701 633,706 679,710 725,715 771,720 818,724 864,728 910,732 956,736 1002,738 1049,740"/>
                <TextEquiv>
                    <Unicode>20 jahren alt Anna Maria sonsten hubsen annede</Unicode>
                </TextEquiv>
            </TextLine>
            <TextLine id="r1l14" custom="readingOrder {index:13;}">
                <Coords points="118,730 423,736 603,785 801,775 835,808 871,783 1077,807 1094,772 786,729 731,750 537,700 122,686"/>
                <Baseline points="126,710 174,713 222,715 270,720 318,723 366,727 414,732 462,736 510,741 558,746 606,751 654,756 702,761 750,766 798,770 846,775 894,778 942,782 990,784 1038,787 1087,788"/>
                <TextEquiv>
                    <Unicode>genant wüsse nit wo es doch einen, trage eine hinder</Unicode>
                </TextEquiv>
            </TextLine>
            <TextLine id="r1l15" custom="readingOrder {index:14;}">
                <Coords points="111,787 417,783 966,854 1075,849 1079,809 116,731"/>
                <Baseline points="119,764 166,765 214,766 261,768 309,770 356,773 404,777 451,781 499,785 546,790 594,795 642,799 689,804 737,809 784,814 832,818 879,822 927,827 974,830 1022,832 1070,835"/>
                <TextEquiv>
                    <Unicode>für kannen undt eine blauwe glyggen, ob welcher die</Unicode>
                </TextEquiv>
            </TextLine>
            <TextLine id="r1l16" custom="readingOrder {index:15;}">
                <Coords points="110,819 299,816 507,858 550,838 696,890 877,898 1039,892 1044,843 113,786"/>
                <Baseline points="117,810 162,810 208,810 254,811 300,813 346,816 392,819 437,822 483,826 529,831 575,836 621,841 667,846 713,851 758,857 804,861 850,867 896,872 942,877 988,881 1034,885"/>
                <TextEquiv>
                    <Unicode>cloginem mit fleiß getrent, seye alle zinstag in </Unicode>
                </TextEquiv>
            </TextLine>
            <TextLine id="r1l17" custom="readingOrder {index:16;}">
                <Coords points="117,860 697,898 727,931 785,911 904,947 991,929 1100,971 1106,909 120,824"/>
                <Baseline points="123,858 171,858 220,859 269,861 318,864 366,867 415,871 464,875 513,880 561,884 610,889 659,894 708,900 756,905 805,911 854,915 903,921 951,925 1000,930 1049,932 1098,936"/>
                <TextEquiv>
                    <Unicode>statt Bemer uff denn wuchen marckt anzustreffen,</Unicode>
                </TextEquiv>
            </TextLine>
            <TextLine id="r1l18" custom="readingOrder {index:17;}">
                <Coords points="110,920 270,907 1056,986 1009,940 727,931 695,901 114,872"/>
                <Baseline points="117,904 163,905 210,906 256,908 303,910 350,914 396,917 443,920 490,924 536,928 583,932 630,937 676,941 723,946 770,951 816,955 863,959 910,964 956,967 1003,971 1050,975"/>
                <TextEquiv>
                    <Unicode>sy tags uff den breiffenfeldt by mochlermelter</Unicode>
                </TextEquiv>
            </TextLine>
            <TextLine id="r1l19" custom="readingOrder {index:18;}">
                <Coords points="477,959 497,961 502,957 513,967 521,968 532,962 540,963 549,959 560,963 561,941 551,944 545,939 530,940 515,929 496,939 478,933"/>
                <Baseline points="484,952 519,953 554,954"/>
                <TextEquiv>
                    <Unicode>teüg</Unicode>
                </TextEquiv>
            </TextLine>
            <TextLine id="r1l20" custom="readingOrder {index:19;} place {offset:6; length:4;}">
                <Coords points="114,971 1011,1018 1003,975 529,965 260,914 117,929"/>
                <Baseline points="122,955 166,957 210,958 254,959 298,962 343,964 387,967 431,969 475,972 519,976 564,979 608,982 652,986 696,989 740,992 785,995 829,998 873,1001 917,1003 961,1006 1006,1007"/>
                <TextEquiv>
                    <Unicode>statt Bern einüne angemacht ein yfenes</Unicode>
                </TextEquiv>
            </TextLine>
            <TextLine id="r1l21" custom="readingOrder {index:20;}">
                <Coords points="1011,1026 1019,1025 1026,1030 1031,1025 1038,1025 1038,991 1027,991 1026,989 1021,987 1011,988"/>
                <Baseline points="1017,1006 1032,1006"/>
                <TextEquiv>
                    <Unicode></Unicode>
                </TextEquiv>
            </TextLine>
            <TextLine id="r1l22" custom="readingOrder {index:21;}">
                <Coords points="112,1020 609,1032 905,1082 1040,1076 1043,1044 609,989 115,984"/>
                <Baseline points="120,1006 165,1005 211,1005 257,1005 303,1007 348,1009 394,1012 440,1014 486,1018 531,1022 577,1025 623,1030 669,1034 714,1038 760,1042 806,1046 852,1050 897,1054 943,1057 989,1060 1035,1062"/>
                <TextEquiv>
                    <Unicode>pfänli darüber gestelt undt falche silbere fronen</Unicode>
                </TextEquiv>
            </TextLine>
            <TextLine id="r1l23" custom="readingOrder {index:22;}">
                <Coords points="111,1074 297,1050 505,1102 600,1077 771,1123 1064,1134 1071,1097 990,1069 722,1073 610,1032 116,1021"/>
                <Baseline points="119,1049 166,1048 213,1047 260,1047 307,1049 355,1051 402,1055 449,1059 496,1063 543,1069 591,1074 638,1079 685,1085 732,1091 779,1096 827,1101 874,1106 921,1109 968,1113 1015,1116 1063,1117"/>
                <TextEquiv>
                    <Unicode>gemacht vermeine vochen. werden sie gossen haben</Unicode>
                </TextEquiv>
            </TextLine>
            <TextLine id="r1l24" custom="readingOrder {index:23;}">
                <Coords points="106,1113 1024,1192 1018,1138 787,1135 693,1093 396,1098 322,1059 265,1089 212,1060 109,1075"/>
                <Baseline points="113,1107 158,1109 203,1111 248,1114 294,1116 339,1119 384,1123 430,1126 475,1129 520,1133 566,1136 611,1140 656,1144 701,1148 747,1152 792,1156 837,1159 883,1163 928,1167 973,1170 1019,1174"/>
                <TextEquiv>
                    <Unicode>da die instrumenten, welche sie darzud gebraucht</Unicode>
                </TextEquiv>
            </TextLine>
            <TextLine id="r1l25" custom="readingOrder {index:24;}">
                <Coords points="103,1165 199,1192 304,1169 564,1194 628,1222 717,1199 868,1239 979,1225 981,1197 322,1149 265,1121 104,1143"/>
                <Baseline points="109,1156 152,1158 195,1160 238,1162 281,1165 325,1167 368,1170 411,1174 454,1177 497,1181 541,1185 584,1187 627,1191 670,1195 713,1198 757,1202 800,1206 843,1209 886,1212 929,1214 973,1218"/>
                <TextEquiv>
                    <Unicode>nit gesechen, dann er nit by ihme by dem frünen</Unicode>
                </TextEquiv>
            </TextLine>
            <TextLine id="r1l26" custom="readingOrder {index:25;} person {offset:24; length:19;}">
                <Coords points="92,1226 1027,1275 1030,1228 959,1251 721,1200 630,1223 96,1173"/>
                <Baseline points="100,1207 146,1207 192,1209 238,1211 284,1213 330,1216 376,1219 422,1223 468,1226 514,1230 560,1234 606,1238 652,1242 698,1246 744,1250 790,1253 836,1256 882,1259 928,1262 974,1264 1021,1265"/>
                <TextEquiv>
                    <Unicode>gesin sonderen ihnen uß Michel Ballenmägers</Unicode>
                </TextEquiv>
            </TextLine>
            <TextLine id="r1l27" custom="readingOrder {index:26;} place {offset:13; length:4;}">
                <Coords points="102,1291 223,1265 1018,1344 1083,1344 1086,1299 865,1272 793,1294 708,1249 480,1272 427,1243 106,1228"/>
                <Baseline points="111,1253 159,1257 207,1261 256,1265 304,1269 352,1273 401,1276 449,1281 497,1285 546,1288 594,1292 642,1296 691,1300 739,1303 787,1307 836,1309 884,1313 932,1316 981,1319 1029,1321 1078,1324"/>
                <TextEquiv>
                    <Unicode>Hanß uff dem Rein zugeschanmyen haben damochlen</Unicode>
                </TextEquiv>
            </TextLine>
            <TextLine id="r1l28" custom="readingOrder {index:27;}">
                <Coords points="112,1325 348,1319 375,1347 635,1365 709,1344 748,1378 859,1381 993,1372 996,1329 841,1343 658,1304 115,1281"/>
                <Baseline points="120,1306 163,1308 206,1310 250,1313 293,1315 337,1318 380,1321 423,1324 467,1328 510,1331 554,1334 597,1338 640,1341 684,1344 727,1347 771,1351 814,1353 857,1356 901,1358 944,1360 988,1362"/>
                <TextEquiv>
                    <Unicode>by 15 stuck gemelter faltsch silber fronen</Unicode>
                </TextEquiv>
            </TextLine>
            <TextLine id="r1l29" custom="readingOrder {index:28;} person {offset:12; length:4;}">
                <Coords points="95,1374 270,1357 424,1398 1019,1435 1023,1381 725,1386 481,1338 436,1360 346,1319 99,1324"/>
                <Baseline points="103,1349 148,1352 194,1355 239,1358 285,1361 331,1366 376,1369 422,1373 467,1377 513,1381 559,1385 604,1389 650,1393 695,1396 741,1400 787,1402 832,1405 878,1407 923,1409 969,1409 1015,1409"/>
                <TextEquiv>
                    <Unicode>gemacht, er Rubi habe keine angericht uffvorge</Unicode>
                </TextEquiv>
            </TextLine>
            <TextLine id="r1l30" custom="readingOrder {index:29;} person {offset:18; length:19;}">
                <Coords points="100,1412 999,1490 1003,1440 934,1422 672,1431 599,1391 103,1375"/>
                <Baseline points="107,1399 151,1403 195,1406 240,1409 284,1413 329,1418 373,1422 417,1426 462,1431 506,1435 551,1440 595,1444 639,1447 684,1451 728,1454 773,1458 817,1461 861,1464 906,1465 950,1467 995,1469"/>
                <TextEquiv>
                    <Unicode>melt ein tag hatt Annna Maria Mülleri von</Unicode>
                </TextEquiv>
            </TextLine>
            <TextLine id="r1l31" custom="readingOrder {index:30;} place {offset:0; length:11;}">
                <Coords points="99,1466 1002,1531 1005,1489 980,1484 768,1491 580,1444 430,1461 301,1415 103,1418"/>
                <Baseline points="106,1453 150,1455 195,1457 239,1460 284,1464 328,1467 373,1471 417,1475 462,1479 506,1483 551,1487 596,1491 640,1495 685,1499 729,1503 774,1506 818,1509 863,1511 907,1513 952,1514 997,1514"/>
                <TextEquiv>
                    <Unicode>auffenbureg ihres alters by 28 jahren alt deß</Unicode>
                </TextEquiv>
            </TextLine>
            <TextLine id="r1l32" custom="readingOrder {index:31;} person {offset:13; length:5;}">
                <Coords points="99,1532 320,1526 359,1556 516,1533 762,1581 958,1573 995,1601 1059,1589 1062,1556 919,1524 635,1529 489,1487 414,1505 370,1474 321,1500 103,1484"/>
                <Baseline points="108,1508 155,1508 202,1510 249,1512 297,1514 344,1517 391,1521 439,1525 486,1530 533,1534 581,1539 628,1545 675,1549 722,1555 770,1559 817,1563 864,1568 912,1571 959,1574 1006,1576 1054,1578"/>
                <TextEquiv>
                    <Unicode>vorgedachten Rubiß dienen 5 f mit undt ohne</Unicode>
                </TextEquiv>
            </TextLine>
            <TextLine id="r1l33" custom="readingOrder {index:32;}">
                <Coords points="109,1576 365,1580 623,1634 732,1615 865,1659 1057,1641 1070,1608 958,1572 111,1536"/>
                <Baseline points="115,1570 162,1569 209,1569 257,1570 304,1572 352,1574 399,1578 446,1581 494,1585 541,1589 589,1593 636,1598 683,1602 731,1606 778,1610 826,1613 873,1616 920,1618 968,1620 1015,1621 1063,1621"/>
                <TextEquiv>
                    <Unicode>marter bekandt undt uß gesagt, daß alß ihre</Unicode>
                </TextEquiv>
            </TextLine>
            <TextLine id="r1l34" custom="readingOrder {index:33;} person {offset:9; length:16;}">
                <Coords points="108,1648 385,1682 460,1653 512,1683 995,1713 985,1663 113,1577"/>
                <Baseline points="115,1626 158,1630 202,1632 246,1636 290,1638 333,1641 377,1644 421,1647 465,1650 508,1653 552,1656 596,1659 640,1662 683,1665 727,1669 771,1672 815,1676 858,1680 902,1684 946,1688 990,1694"/>
                <TextEquiv>
                    <Unicode>Eheman s Beörg Wollenburg genant In</Unicode>
                </TextEquiv>
            </TextLine>
            <TextLine id="r1l35" custom="readingOrder {index:34;}">
                <Coords points="100,1718 949,1767 978,1764 981,1720 103,1670"/>
                <Baseline points="107,1703 150,1705 193,1707 236,1708 280,1711 323,1713 366,1714 410,1717 453,1720 496,1722 540,1724 583,1727 626,1729 669,1733 713,1735 756,1738 799,1742 843,1745 886,1748 929,1752 973,1755"/>
                <TextEquiv>
                    <Unicode>humchwaldt, nit weit von den statt kauffen</Unicode>
                </TextEquiv>
            </TextLine>
            <TextLine id="r1l36" custom="readingOrder {index:35;}">
                <Coords points="94,1768 989,1818 984,1762 97,1719"/>
                <Baseline points="101,1747 145,1751 189,1755 233,1758 277,1761 321,1764 365,1765 410,1768 454,1770 498,1772 542,1774 586,1776 630,1778 674,1781 719,1783 763,1785 807,1787 851,1790 895,1794 939,1797 984,1801"/>
                <TextEquiv>
                    <Unicode>burg von den Soldaten erschossen und nider</Unicode>
                </TextEquiv>
            </TextLine>
            <TextLine id="r1l37" custom="readingOrder {index:36;}">
                <Coords points="101,1819 694,1849 775,1880 844,1858 975,1877 996,1854 843,1804 799,1832 451,1775 104,1785"/>
                <Baseline points="108,1805 152,1807 196,1809 240,1811 284,1813 328,1816 372,1819 416,1821 460,1824 504,1828 548,1831 592,1835 636,1838 680,1842 724,1846 768,1850 812,1853 856,1858 900,1861 944,1865 988,1869"/>
                <TextEquiv>
                    <Unicode>gemacht worden, seye sye ein zeit sampt ihrem</Unicode>
                </TextEquiv>
            </TextLine>
            <TextLine id="r1l38" custom="readingOrder {index:37;}">
                <Coords points="100,1879 433,1872 538,1919 784,1903 1022,1931 987,1880 915,1903 860,1869 105,1821"/>
                <Baseline points="108,1856 153,1857 198,1859 244,1862 289,1863 335,1866 380,1868 425,1871 471,1874 516,1877 562,1881 607,1884 652,1888 698,1892 743,1896 789,1900 834,1904 879,1909 925,1914 970,1919 1016,1924"/>
                <TextEquiv>
                    <Unicode>kindt, welches sie von gedachten (ihrem gemans</Unicode>
                </TextEquiv>
            </TextLine>
            <TextLine id="r1l39" custom="readingOrder {index:38;}">
                <Coords points="99,1923 387,1928 459,1972 627,1989 732,1960 832,1997 990,1993 993,1958 918,1926 405,1914 202,1869 102,1891"/>
                <Baseline points="106,1919 149,1918 193,1918 237,1919 281,1921 325,1922 369,1924 413,1927 457,1930 501,1933 545,1937 588,1940 632,1945 676,1949 720,1954 764,1959 808,1964 852,1969 896,1974 940,1980 984,1985"/>
                <TextEquiv>
                    <Unicode>sälig erzeüget, welches by 3 jahren alt undt zu</Unicode>
                </TextEquiv>
            </TextLine>
            <TextLine id="r1l40" custom="readingOrder {index:39;} place {offset:0; length:10;}">
                <Coords points="90,1984 349,1978 442,2020 711,2012 977,2050 980,2009 830,1996 807,1969 549,1985 525,1961 205,1949 96,1915"/>
                <Baseline points="97,1972 140,1971 184,1972 228,1973 272,1975 315,1977 359,1980 403,1983 447,1986 490,1990 534,1995 578,1999 622,2004 665,2008 709,2012 753,2017 797,2021 840,2024 884,2027 928,2030 972,2033"/>
                <TextEquiv>
                    <Unicode>Brunaberen im dorff nit meit von der statt</Unicode>
                </TextEquiv>
            </TextLine>
            <TextLine id="r1l41" custom="readingOrder {index:40;} place {offset:0; length:4;}">
                <Coords points="91,2039 265,2028 322,2057 373,2033 513,2081 589,2055 982,2114 986,2062 877,2040 819,2061 666,2015 607,2043 519,2011 450,2029 379,1986 250,2009 158,1977 95,1990"/>
                <Baseline points="98,2023 142,2023 186,2024 230,2026 274,2028 318,2030 362,2033 406,2037 450,2040 494,2043 538,2047 582,2051 626,2055 670,2060 714,2063 758,2067 802,2071 846,2075 890,2078 934,2081 978,2084"/>
                <TextEquiv>
                    <Unicode>Beun in der koßt an jetzo verdinget, sampt einen</Unicode>
                </TextEquiv>
            </TextLine>
            <TextLine id="r1l42" custom="readingOrder {index:41;}">
                <Coords points="87,2081 549,2105 625,2139 663,2114 893,2126 1020,2167 1034,2109 89,2048"/>
                <Baseline points="93,2075 139,2078 186,2081 232,2083 279,2085 326,2088 372,2091 419,2093 466,2096 512,2099 559,2102 606,2105 652,2108 699,2111 746,2115 792,2119 839,2123 886,2127 932,2132 979,2136 1026,2141"/>
                <TextEquiv>
                    <Unicode>landtkrämet vndt deßsen frauwe, herumb gezogligh</Unicode>
                </TextEquiv>
            </TextLine>
            <TextLine id="r1l43" custom="readingOrder {index:42;} place {offset:23; length:6;} person {offset:46; length:4; continued:true;}">
                <Coords points="86,2130 404,2172 657,2163 838,2209 946,2191 979,2225 1059,2208 1064,2145 832,2161 583,2109 358,2128 324,2098 89,2092"/>
                <Baseline points="93,2117 141,2122 189,2125 237,2130 285,2134 333,2138 381,2142 429,2146 477,2150 525,2154 573,2158 621,2162 669,2166 717,2169 765,2173 813,2177 861,2180 909,2182 957,2185 1005,2187 1054,2189"/>
                <TextEquiv>
                    <Unicode>undt letstlichen zu St Gallen den vorgehörten hanß</Unicode>
                </TextEquiv>
            </TextLine>
            <TextLine id="r1l44" custom="readingOrder {index:43;} person {offset:0; length:6; continued:true;}">
                <Coords points="100,2193 164,2222 242,2186 1054,2269 1030,2214 280,2176 209,2137 105,2137"/>
                <Baseline points="107,2185 154,2185 201,2186 248,2187 295,2189 342,2191 389,2193 436,2197 483,2200 530,2204 578,2208 625,2212 672,2215 719,2220 766,2224 813,2228 860,2233 907,2238 954,2242 1001,2247 1049,2251"/>
                <TextEquiv>
                    <Unicode>Caspar antroffen bei wolchem sie bereitß 2</Unicode>
                </TextEquiv>
            </TextLine>
            <TextLine id="r1l45" custom="readingOrder {index:44;} person {offset:23; length:11;}">
                <Coords points="99,2259 1001,2318 1005,2263 792,2261 749,2223 683,2244 623,2218 312,2232 271,2198 202,2228 103,2206"/>
                <Baseline points="107,2238 151,2239 196,2241 240,2243 285,2245 329,2248 374,2250 418,2253 463,2256 507,2259 552,2262 596,2266 641,2269 685,2273 730,2276 774,2281 819,2284 863,2289 908,2293 952,2297 997,2302"/>
                <TextEquiv>
                    <Unicode>jahr gesin, habe ihmme Hanß Caspar uffein zeit</Unicode>
                </TextEquiv>
            </TextLine>
            <TextLine id="r1l46" custom="readingOrder {index:45;}">
                <Coords points="95,2317 202,2338 532,2320 581,2358 643,2331 873,2366 974,2339 477,2271 98,2270"/>
                <Baseline points="102,2301 145,2300 188,2300 231,2300 275,2301 318,2302 361,2305 404,2307 448,2309 491,2312 534,2315 577,2319 621,2322 664,2326 707,2330 750,2333 794,2338 837,2341 880,2345 923,2349 967,2353"/>
                <TextEquiv>
                    <Unicode>d faltsche silber fronen zeit welche aber nit</Unicode>
                </TextEquiv>
            </TextLine>
            <TextLine id="r1l47" custom="readingOrder {index:46;}">
                <Coords points="95,2377 353,2365 586,2383 642,2416 763,2390 1044,2427 1047,2374 1015,2361 967,2387 914,2356 556,2361 496,2320 150,2341 99,2318"/>
                <Baseline points="102,2361 148,2359 195,2358 242,2358 289,2359 336,2360 383,2362 430,2365 477,2367 524,2371 571,2375 617,2378 664,2382 711,2386 758,2390 805,2393 852,2397 899,2400 946,2402 993,2405 1040,2406"/>
                <TextEquiv>
                    <Unicode>ihrem, sonderen deß vor angezognen döbsch ennelich</Unicode>
                </TextEquiv>
            </TextLine>
            <TextLine id="r1l48" custom="readingOrder {index:47;}">
                <Coords points="89,2432 430,2428 546,2466 661,2437 900,2459 942,2492 1048,2443 651,2421 605,2390 480,2410 91,2382"/>
                <Baseline points="96,2419 143,2418 190,2418 237,2418 285,2419 332,2420 379,2422 426,2423 474,2426 521,2428 568,2431 615,2434 663,2438 710,2441 757,2444 804,2447 852,2451 899,2453 946,2456 993,2460 1041,2462"/>
                <TextEquiv>
                    <Unicode>gesin, welche sie ihme hibsch annelin auch widerhunder</Unicode>
                </TextEquiv>
            </TextLine>
            <TextLine id="r1l49" custom="readingOrder {index:48;}">
                <Coords points="85,2495 722,2511 841,2552 982,2553 986,2491 763,2493 678,2451 513,2481 315,2437 87,2455"/>
                <Baseline points="92,2475 136,2477 180,2478 224,2480 269,2482 313,2484 357,2486 401,2488 446,2489 490,2491 534,2494 578,2496 623,2499 667,2501 711,2504 755,2507 800,2511 844,2514 888,2518 932,2523 977,2528"/>
                <TextEquiv>
                    <Unicode>vmbhingeben vndt eingehendiget, dan Ihrem daß</Unicode>
                </TextEquiv>
            </TextLine>
            <TextLine id="r1l50" custom="readingOrder {index:49;} person {offset:7; length:6;}">
                <Coords points="81,2548 976,2612 1054,2604 1058,2554 569,2546 376,2526 343,2493 84,2506"/>
                <Baseline points="88,2541 136,2541 184,2542 232,2542 280,2544 328,2546 376,2549 424,2551 472,2555 520,2558 568,2562 616,2566 664,2570 712,2574 760,2577 808,2581 856,2584 904,2586 952,2589 1000,2591 1049,2593"/>
                <TextEquiv>
                    <Unicode>Bibsch Anneli selbige nur uff zu behalten geben disers</Unicode>
                </TextEquiv>
            </TextLine>
            <TextLine id="r1l51" custom="readingOrder {index:50;} person {offset:0; length:12;}">
                <Coords points="88,2600 1036,2669 1038,2628 731,2609 621,2572 401,2593 137,2578 91,2548"/>
                <Baseline points="94,2595 140,2596 187,2597 234,2598 281,2599 328,2601 375,2603 421,2606 468,2608 515,2611 562,2613 609,2616 656,2619 703,2622 749,2625 796,2628 843,2632 890,2634 937,2638 984,2641 1031,2644"/>
                <TextEquiv>
                    <Unicode>Anneli trage ein grünen roth mit rothen blegenen</Unicode>
                </TextEquiv>
            </TextLine>
            <TextLine id="r1l52" custom="readingOrder {index:51;} place {offset:8; length:9;}">
                <Coords points="82,2668 309,2706 1017,2717 1061,2681 384,2626 83,2639"/>
                <Baseline points="88,2662 136,2663 184,2665 232,2666 281,2668 329,2670 377,2672 426,2673 474,2675 522,2677 571,2678 619,2680 667,2682 715,2684 764,2686 812,2688 860,2690 909,2692 957,2694 1005,2696 1054,2699"/>
                <TextEquiv>
                    <Unicode>uff dem breitfeld habe deß offt undt wilgetochten</Unicode>
                </TextEquiv>
            </TextLine>
            <TextLine id="r1l53" custom="readingOrder {index:52;} person {offset:0; length:6;}">
                <Coords points="68,2737 102,2746 150,2725 169,2731 181,2746 207,2747 222,2744 225,2713 203,2706 188,2689 155,2677 135,2689 123,2683 113,2688 103,2680 97,2685 73,2684"/>
                <Baseline points="76,2714 104,2713 132,2716 160,2719 188,2722 217,2724"/>
                <TextEquiv>
                    <Unicode>Bibsti</Unicode>
                </TextEquiv>
            </TextLine>
            <TextEquiv>
                <Unicode>Namen etlicher bösen angebnen vor¬
dechtigenn persohnen
Uß zug
uß dem Thurn rodel der statt sollothurn
zinstag den 6. martii 1690 hatt Hans Caspar
Lubi von dar uß dem zugerynett, seinen alters
by 91 jahren alt mit undt ohne marter bekhent
undt veriaruches, das ernurmalen kein faltsches
gelt gemacht, auch mit wüssen mit ußgeben oder
uß geli wellen heineß5 b
dienach gemelte
Luentzen haben mit dilff eineß meitlis by eitlichen
20 jahren alt Anna Maria sonsten hubsen annede
genant wüsse nit wo es doch einen, trage eine hinder
für kannen undt eine blauwe glyggen, ob welcher die
cloginem mit fleiß getrent, seye alle zinstag in 
statt Bemer uff denn wuchen marckt anzustreffen,
sy tags uff den breiffenfeldt by mochlermelter
teüg
statt Bern einüne angemacht ein yfenes

pfänli darüber gestelt undt falche silbere fronen
gemacht vermeine vochen. werden sie gossen haben
da die instrumenten, welche sie darzud gebraucht
nit gesechen, dann er nit by ihme by dem frünen
gesin sonderen ihnen uß Michel Ballenmägers
Hanß uff dem Rein zugeschanmyen haben damochlen
by 15 stuck gemelter faltsch silber fronen
gemacht, er Rubi habe keine angericht uffvorge
melt ein tag hatt Annna Maria Mülleri von
auffenbureg ihres alters by 28 jahren alt deß
vorgedachten Rubiß dienen 5 f mit undt ohne
marter bekandt undt uß gesagt, daß alß ihre
Eheman s Beörg Wollenburg genant In
humchwaldt, nit weit von den statt kauffen
burg von den Soldaten erschossen und nider
gemacht worden, seye sye ein zeit sampt ihrem
kindt, welches sie von gedachten (ihrem gemans
sälig erzeüget, welches by 3 jahren alt undt zu
Brunaberen im dorff nit meit von der statt
Beun in der koßt an jetzo verdinget, sampt einen
landtkrämet vndt deßsen frauwe, herumb gezogligh
undt letstlichen zu St Gallen den vorgehörten hanß
Caspar antroffen bei wolchem sie bereitß 2
jahr gesin, habe ihmme Hanß Caspar uffein zeit
d faltsche silber fronen zeit welche aber nit
ihrem, sonderen deß vor angezognen döbsch ennelich
gesin, welche sie ihme hibsch annelin auch widerhunder
vmbhingeben vndt eingehendiget, dan Ihrem daß
Bibsch Anneli selbige nur uff zu behalten geben disers
Anneli trage ein grünen roth mit rothen blegenen
uff dem breitfeld habe deß offt undt wilgetochten
Bibsti</Unicode>
            </TextEquiv>
        </TextRegion>
    </Page>
</PcGts>
