<?xml version="1.0" encoding="UTF-8" standalone="yes"?>
<PcGts xmlns="http://schema.primaresearch.org/PAGE/gts/pagecontent/2013-07-15" xmlns:xsi="http://www.w3.org/2001/XMLSchema-instance" xsi:schemaLocation="http://schema.primaresearch.org/PAGE/gts/pagecontent/2013-07-15 http://schema.primaresearch.org/PAGE/gts/pagecontent/2013-07-15/pagecontent.xsd">
    <Metadata>
        <Creator>prov=University of Rostock/Institute of Mathematics/CITlab|PLANET AI GmbH/Gundram Leifert/gundram.leifert@planet-ai.de:name=German_Kurrent_XVI-XVIII_M1(htr_id=19584)::::v=2.6.7
prov=University of Rostock/Institute of Mathematics/CITlab|PLANET AI GmbH/Tobias Gruening/tobias.gruening@planet-ai.de:name=de.uros.citlab.module.baseline2polygon.B2PSeamMultiOriented:v=2.6.7
prov=University of Rostock/Institute of Mathematics/CITlab|PLANET AI GmbH/Tobias Gruening/tobias.gruening@planet-ai.de:name=/net_tf/LA73_249_0mod360.pb:de.uros.citlab.segmentation.CITlab_LA_ML:v=2.6.7
Transkribus</Creator>
        <Created>2020-10-05T21:58:20.940+02:00</Created>
        <LastChange>2022-09-09T15:44:48.997+02:00</LastChange>
        <TranskribusMetadata docId="1334821" pageId="52360028" pageNr="22" tsid="114641784" status="IN_PROGRESS" userId="9570" imgUrl="https://files.transkribus.eu/Get?id=WGRSXNYDINHIJCCIUYEYBPRR&amp;fileType=view" xmlUrl="https://files.transkribus.eu/Get?id=CENGCREIHAKKXQMYYKLCFOTW" imageId="16091758"/>
    </Metadata>
    <Page imageFilename="IMG_9035.jpg" imageWidth="2448" imageHeight="3264">
        <ReadingOrder>
            <OrderedGroup id="ro_1687513766858" caption="Regions reading order">
                <RegionRefIndexed index="0" regionRef="r1"/>
                <RegionRefIndexed index="1" regionRef="r2"/>
            </OrderedGroup>
        </ReadingOrder>
        <TextRegion orientation="0.0" id="r1" custom="readingOrder {index:0;}">
            <Coords points="141,141 141,2996 1191,2996 1191,141"/>
            <TextLine id="r1l1" custom="readingOrder {index:0;}">
                <Coords points="178,173 500,225 693,209 1154,333 1123,264 879,230 819,190 183,137"/>
                <Baseline points="186,162 234,167 282,172 330,177 378,181 426,186 474,191 523,195 571,201 619,206 667,213 715,219 763,226 811,234 860,242 908,251 956,262 1004,272 1052,285 1100,300 1149,315"/>
                <TextEquiv>
                    <Unicode>und den nachgangen. hette inn auhwol darmit schedig</Unicode>
                </TextEquiv>
            </TextLine>
            <TextLine id="r1l2" custom="readingOrder {index:1;}">
                <Coords points="171,220 653,256 996,334 1028,315 1115,357 1133,327 677,213 501,224 178,170"/>
                <Baseline points="180,212 227,216 274,220 321,223 368,227 415,231 462,236 509,239 556,244 603,249 651,254 698,260 745,267 792,274 839,282 886,290 933,300 980,311 1027,321 1074,336 1122,350"/>
                <TextEquiv>
                    <Unicode>dorffen, wo er nit von deselbenn gesollenn were</Unicode>
                </TextEquiv>
            </TextLine>
            <TextLine id="r1l3" custom="readingOrder {index:2;}">
                <Coords points="165,268 510,283 810,346 875,327 930,369 1183,393 1168,323 1112,355 664,258 590,280 546,247 171,220"/>
                <Baseline points="174,257 224,261 274,266 324,270 374,274 424,280 474,284 524,289 574,293 624,298 674,305 724,310 774,316 824,324 874,331 924,341 974,349 1024,359 1074,368 1124,380 1175,393"/>
                <TextEquiv>
                    <Unicode>halten worden, künstenn hat er nützit wyters bekt</Unicode>
                </TextEquiv>
            </TextLine>
            <TextLine id="r1l4" custom="readingOrder {index:3;}">
                <Coords points="164,324 194,315 211,323 229,317 271,322 294,318 309,335 320,335 325,275 307,277 296,266 275,282 253,277 222,293 196,277 185,279 169,270"/>
                <Baseline points="173,309 201,312 229,312 257,314 285,317 314,324"/>
                <TextEquiv>
                    <Unicode>wollen.</Unicode>
                </TextEquiv>
            </TextLine>
            <TextLine id="r1l5" custom="readingOrder {index:4;}">
                <Coords points="337,326 511,341 563,371 685,357 962,394 1156,460 1144,403 1012,360 932,370 875,327 807,352 771,328 589,326 508,284 444,301 406,273 341,298"/>
                <Baseline points="345,321 385,325 425,329 466,332 506,336 546,339 587,343 627,347 667,351 708,355 748,360 788,364 829,371 869,377 909,384 950,391 990,399 1030,408 1071,418 1111,429 1152,440"/>
                <TextEquiv>
                    <Unicode>Deßwegenn er das erste mal lär, das anderen</Unicode>
                </TextEquiv>
            </TextLine>
            <TextLine id="r1l6" custom="readingOrder {index:5;}">
                <Coords points="177,368 669,430 733,406 1181,520 1186,482 1124,444 912,387 182,328"/>
                <Baseline points="186,354 235,360 285,366 334,370 384,375 433,380 483,384 532,389 582,393 631,398 681,402 730,408 780,414 829,421 879,429 928,437 978,447 1027,458 1077,471 1126,483 1176,500"/>
                <TextEquiv>
                    <Unicode>mit dem kleinen stein ufgezogen und hernach von mynen</Unicode>
                </TextEquiv>
            </TextLine>
            <TextLine id="r1l7" custom="readingOrder {index:6;}">
                <Coords points="178,432 885,475 1131,548 1161,498 812,422 768,445 733,406 663,436 575,399 480,419 184,367"/>
                <Baseline points="185,426 233,428 281,429 329,431 378,432 426,434 474,437 523,440 571,443 619,447 668,450 716,456 764,461 812,467 861,472 909,480 957,487 1006,496 1054,504 1102,513 1151,524"/>
                <TextEquiv>
                    <Unicode>ge st jun das schallenwerck erkent worden, da er</Unicode>
                </TextEquiv>
            </TextLine>
            <TextLine id="r1l8" custom="readingOrder {index:7;}">
                <Coords points="169,469 247,504 470,488 653,535 694,511 1028,546 1175,602 1171,518 1087,539 725,460 172,443"/>
                <Baseline points="177,465 226,470 276,476 325,479 375,483 425,486 474,490 524,493 574,495 623,498 673,502 723,507 772,511 822,516 872,523 921,531 971,539 1021,548 1070,560 1120,572 1170,587"/>
                <TextEquiv>
                    <Unicode>etlich tagen darnach ufgristen, dardurch er dann zu</Unicode>
                </TextEquiv>
            </TextLine>
            <TextLine id="r1l9" custom="readingOrder {index:8;}">
                <Coords points="172,524 241,552 360,534 583,560 613,589 689,564 881,605 918,590 923,539 842,557 768,522 652,535 611,512 501,517 470,488 408,515 176,479"/>
                <Baseline points="180,518 216,521 253,524 289,527 326,529 363,532 399,534 436,537 472,539 509,543 546,545 582,548 619,552 655,555 692,558 729,562 765,565 802,568 838,572 875,576 912,581"/>
                <TextEquiv>
                    <Unicode>kenen, was er für ein vogel sein müße.</Unicode>
                </TextEquiv>
            </TextLine>
            <TextLine id="r1l10" custom="readingOrder {index:9;} person {offset:0; length:15;} person {offset:25; length:13;}">
                <Coords points="154,667 935,706 1180,762 1192,713 1085,646 1016,686 968,651 626,655 473,612 413,650 309,587 160,589"/>
                <Baseline points="162,654 213,658 264,660 315,664 366,666 417,669 468,671 519,673 570,677 621,678 672,683 723,686 774,690 825,694 876,699 927,705 978,711 1029,719 1080,727 1131,736 1182,746"/>
                <TextEquiv>
                    <Unicode>Susanna Lepreux Weilandt Johans Cepren</Unicode>
                </TextEquiv>
            </TextLine>
            <TextLine id="r1l11" custom="readingOrder {index:10;}">
                <Coords points="169,723 688,725 751,762 963,749 1126,799 1167,752 770,693 688,716 508,675 173,667"/>
                <Baseline points="177,701 226,705 275,708 324,711 373,713 422,716 471,718 520,720 569,722 618,725 667,726 716,729 765,733 814,736 863,741 912,745 961,750 1010,756 1059,763 1108,771 1158,780"/>
                <TextEquiv>
                    <Unicode>deß buchtruchers seligenn dochter. ist umb das so sy</Unicode>
                </TextEquiv>
            </TextLine>
            <TextLine id="r1l12" custom="readingOrder {index:11;}">
                <Coords points="172,778 649,766 1185,845 1188,798 974,749 746,760 719,729 631,752 175,720"/>
                <Baseline points="180,752 232,754 285,756 337,758 390,760 442,761 495,763 548,765 600,767 653,769 705,771 758,775 810,777 863,782 916,787 968,792 1021,799 1073,806 1126,814 1179,824"/>
                <TextEquiv>
                    <Unicode>schantlich mit irer armen mmutter olzee hußgehalten, wie</Unicode>
                </TextEquiv>
            </TextLine>
            <TextLine id="r1l13" custom="readingOrder {index:12;}">
                <Coords points="172,824 386,799 423,832 605,845 887,821 1182,892 1185,843 948,789 175,777"/>
                <Baseline points="180,800 229,801 279,803 329,804 379,806 429,807 478,807 528,809 578,810 628,811 678,813 727,815 777,817 827,821 877,824 927,829 976,835 1026,842 1076,850 1126,858 1176,869"/>
                <TextEquiv>
                    <Unicode>ölliches im chergrichts annal zefinden ist von myner g</Unicode>
                </TextEquiv>
            </TextLine>
            <TextLine id="r1l14" custom="readingOrder {index:13;}">
                <Coords points="170,861 879,874 1172,924 1181,891 886,822 698,845 618,809 424,832 389,799 172,825"/>
                <Baseline points="177,849 226,849 276,851 326,851 376,852 426,852 475,854 525,855 575,857 625,858 675,861 724,863 774,866 824,869 874,873 924,877 973,883 1023,888 1073,894 1123,900 1173,908"/>
                <TextEquiv>
                    <Unicode>statt und landt verwisenn und ira darby ufgebundene</Unicode>
                </TextEquiv>
            </TextLine>
            <TextLine id="r1l15" custom="readingOrder {index:14;} place {offset:25; length:5;}">
                <Coords points="163,916 957,921 1170,969 1173,916 999,887 166,866"/>
                <Baseline points="171,900 220,900 270,900 319,900 369,902 419,902 468,903 518,904 568,905 617,906 667,909 717,910 766,913 816,916 866,919 915,923 965,927 1015,932 1064,937 1114,943 1164,948"/>
                <TextEquiv>
                    <Unicode>worden, ire by einem von Basel erzeügete zwey ehelich</Unicode>
                </TextEquiv>
            </TextLine>
            <TextLine id="r1l16" custom="readingOrder {index:15;}">
                <Coords points="173,974 665,968 816,979 883,1019 998,984 1074,1005 1076,950 670,909 595,933 175,912"/>
                <Baseline points="180,951 224,951 268,951 313,951 357,951 402,951 446,953 490,953 535,954 579,956 624,957 668,959 712,962 757,963 801,965 846,969 890,971 934,974 979,978 1023,981 1068,984"/>
                <TextEquiv>
                    <Unicode>kindt mit hinwegg zenommen den 12. julii 1689.</Unicode>
                </TextEquiv>
            </TextLine>
            <TextLine id="r1l17" custom="readingOrder {index:16;} person {offset:0; length:13;}">
                <Coords points="139,1090 428,1050 1189,1129 1191,1067 1150,1043 1063,1064 963,1001 902,1043 673,1001 578,1030 528,999 286,1008 141,1056"/>
                <Baseline points="147,1073 198,1070 250,1067 302,1065 354,1064 405,1062 457,1062 509,1062 561,1062 612,1064 664,1065 716,1067 768,1070 819,1072 871,1076 923,1080 975,1084 1026,1089 1078,1094 1130,1099 1182,1104"/>
                <TextEquiv>
                    <Unicode>Caspar Knoßes ist uff glychem tag von bege</Unicode>
                </TextEquiv>
            </TextLine>
            <TextLine id="r1l18" custom="readingOrder {index:17;}">
                <Coords points="167,1115 1198,1164 1199,1134 1117,1104 976,1086 919,1111 432,1053 383,1092 168,1084"/>
                <Baseline points="174,1112 224,1110 275,1110 326,1110 377,1110 428,1110 479,1110 529,1111 580,1112 631,1113 682,1115 733,1118 784,1119 835,1122 885,1127 936,1130 987,1134 1038,1139 1089,1144 1140,1150 1191,1155"/>
                <TextEquiv>
                    <Unicode>nen dritann fülers wegenn von myner g s gatt unnd</Unicode>
                </TextEquiv>
            </TextLine>
            <TextLine id="r1l19" custom="readingOrder {index:18;}">
                <Coords points="157,1201 225,1170 294,1193 554,1169 732,1209 731,1132 693,1122 615,1139 490,1118 446,1139 367,1118 227,1134 157,1110"/>
                <Baseline points="164,1164 192,1164 220,1164 248,1164 276,1163 304,1163 332,1163 360,1162 388,1161 416,1161 444,1161 472,1160 500,1160 528,1160 556,1160 584,1160 612,1160 640,1161 668,1161 696,1161 725,1161"/>
                <TextEquiv>
                    <Unicode>landtschafft verwisenn worden.</Unicode>
                </TextEquiv>
            </TextLine>
            <TextLine id="r1l20" custom="readingOrder {index:19;} person {offset:0; length:16;} place {offset:25; length:8; continued:true;}">
                <Coords points="179,1385 480,1370 573,1412 671,1381 834,1399 926,1445 1003,1408 1081,1425 1084,1356 909,1298 871,1323 743,1289 614,1319 457,1268 356,1338 300,1334 253,1284 183,1288"/>
                <Baseline points="186,1367 230,1368 274,1368 319,1368 363,1370 408,1370 452,1370 496,1371 541,1373 585,1374 630,1376 674,1377 718,1379 763,1382 807,1385 852,1388 896,1392 940,1397 985,1401 1029,1407 1074,1412"/>
                <TextEquiv>
                    <Unicode>Deinrics Puisher von St. Steffen¬</Unicode>
                </TextEquiv>
            </TextLine>
            <TextLine id="r1l21" custom="readingOrder {index:20;} place {offset:0; length:4; continued:true;} person {offset:9; length:16;} place {offset:37; length:9;}">
                <Coords points="142,1605 281,1602 366,1647 444,1616 898,1637 971,1678 1157,1664 1161,1596 842,1545 667,1599 524,1523 416,1519 143,1587"/>
                <Baseline points="149,1601 199,1601 249,1601 299,1602 349,1604 399,1605 449,1607 499,1610 549,1613 599,1616 650,1617 700,1620 750,1625 800,1627 850,1631 900,1634 950,1637 1000,1639 1050,1642 1100,1644 1151,1647"/>
                <TextEquiv>
                    <Unicode>Nach dem Heinrich Düscher pürtig von St Stessa eß den</Unicode>
                </TextEquiv>
            </TextLine>
            <TextLine id="r1l22" custom="readingOrder {index:21;} place {offset:0; length:14;}">
                <Coords points="154,1670 994,1697 1062,1736 1123,1715 1125,1674 1060,1648 970,1677 759,1635 157,1620"/>
                <Baseline points="162,1655 209,1655 257,1656 305,1656 352,1659 400,1661 448,1663 495,1665 543,1668 591,1671 639,1674 686,1678 734,1681 782,1684 829,1688 877,1691 925,1694 972,1697 1020,1700 1068,1701 1116,1704"/>
                <TextEquiv>
                    <Unicode>obersimmenthal, mit noch einem andren welcher</Unicode>
                </TextEquiv>
            </TextLine>
            <TextLine id="r1l23" custom="readingOrder {index:22;} person {offset:20; length:13;}">
                <Coords points="167,1727 326,1772 455,1738 676,1739 796,1778 1037,1758 1085,1803 1165,1765 1167,1732 950,1734 789,1688 528,1715 350,1667 169,1702"/>
                <Baseline points="174,1724 223,1724 272,1724 321,1724 370,1725 420,1727 469,1729 518,1731 567,1734 616,1737 666,1739 715,1743 764,1745 813,1748 862,1751 912,1752 961,1755 1010,1757 1059,1758 1108,1758 1158,1760"/>
                <TextEquiv>
                    <Unicode>einem fürgeben nach michel heißen und by strasßen</Unicode>
                </TextEquiv>
            </TextLine>
            <TextLine id="r1l24" custom="readingOrder {index:23;}">
                <Coords points="157,1819 255,1826 303,1790 344,1823 381,1795 456,1837 554,1821 598,1848 637,1820 738,1856 889,1819 961,1858 1134,1827 1136,1781 1081,1801 980,1758 861,1796 755,1754 603,1739 560,1768 514,1739 421,1766 330,1733 268,1759 230,1725 160,1761"/>
                <Baseline points="165,1787 213,1787 261,1787 309,1788 357,1790 405,1791 453,1793 502,1796 550,1799 598,1801 646,1803 694,1807 742,1809 790,1811 839,1814 887,1815 935,1817 983,1817 1031,1817 1079,1817 1128,1815"/>
                <TextEquiv>
                    <Unicode>burg daheimen sein solle, verschunnen frytags</Unicode>
                </TextEquiv>
            </TextLine>
            <TextLine id="r1l25" custom="readingOrder {index:24;}">
                <Coords points="148,1881 373,1852 513,1864 615,1920 710,1882 795,1919 885,1879 970,1924 1032,1890 1143,1910 1145,1848 149,1817"/>
                <Baseline points="155,1863 204,1861 253,1860 302,1859 351,1859 400,1859 449,1859 498,1860 547,1862 596,1863 646,1866 695,1867 744,1869 793,1871 842,1873 891,1874 940,1875 989,1877 1038,1877 1087,1877 1137,1877"/>
                <TextEquiv>
                    <Unicode>Den5. diß monatst zu zwogen unnderschidenlichen</Unicode>
                </TextEquiv>
            </TextLine>
            <TextLine id="r1l26" custom="readingOrder {index:25;} place {offset:15; length:13;}">
                <Coords points="166,1943 345,1970 405,1933 526,1969 759,1943 867,1980 955,1948 1080,1971 1134,1954 1135,1913 965,1925 881,1884 815,1922 685,1893 617,1917 369,1855 167,1909"/>
                <Baseline points="174,1928 221,1928 269,1926 317,1928 364,1928 412,1929 460,1929 507,1931 555,1932 603,1934 651,1935 698,1937 746,1938 794,1940 841,1940 889,1941 937,1941 984,1941 1032,1941 1080,1941 1128,1940"/>
                <TextEquiv>
                    <Unicode>mahlen im ampt schwarkenburg in zway Huser</Unicode>
                </TextEquiv>
            </TextLine>
            <TextLine id="r1l27" custom="readingOrder {index:26;}">
                <Coords points="175,2010 328,2040 539,2008 598,2055 673,2003 996,2058 1040,2025 1144,2031 1144,1978 1056,1954 952,1950 880,1992 766,1943 536,1988 427,1956 374,1985 175,1965"/>
                <Baseline points="182,2007 229,2006 277,2006 325,2006 373,2006 420,2006 468,2006 516,2006 564,2007 611,2007 659,2009 707,2009 755,2010 802,2010 850,2010 898,2010 946,2010 993,2009 1041,2009 1089,2007 1137,2006"/>
                <TextEquiv>
                    <Unicode>ebrochen, ob dem letstn aber verlagt, biß über</Unicode>
                </TextEquiv>
            </TextLine>
            <TextLine id="r1l28" custom="readingOrder {index:27;}">
                <Coords points="162,2090 380,2080 459,2123 590,2078 630,2116 674,2087 764,2110 867,2085 905,2118 1134,2083 1124,2029 961,2061 858,2026 817,2054 717,2047 674,2004 617,2058 538,2008 372,2012 304,2058 162,2022"/>
                <Baseline points="168,2081 218,2078 268,2075 319,2073 369,2073 420,2073 470,2073 521,2075 571,2076 622,2077 672,2078 723,2079 773,2079 824,2079 874,2079 925,2079 975,2077 1026,2075 1076,2072 1127,2067"/>
                <TextEquiv>
                    <Unicode>d schwarzdwaser verfalgt, endtlichen er düsch</Unicode>
                </TextEquiv>
            </TextLine>
            <TextLine id="r1l29" custom="readingOrder {index:28;} place {offset:7; length:14;}">
                <Coords points="145,2190 495,2135 791,2193 1016,2139 1146,2174 1146,2087 905,2117 833,2086 714,2121 557,2084 458,2124 366,2084 220,2132 145,2100"/>
                <Baseline points="152,2159 201,2153 250,2148 300,2145 349,2142 399,2141 448,2139 497,2139 547,2139 596,2139 646,2141 695,2141 744,2142 794,2144 843,2144 893,2145 942,2145 991,2144 1041,2143 1090,2142 1140,2139"/>
                <TextEquiv>
                    <Unicode>In der kilcheri kumpz ergriffen undt mhl</Unicode>
                </TextEquiv>
            </TextLine>
            <TextLine id="r1l30" custom="readingOrder {index:29;}">
                <Coords points="167,2235 315,2215 416,2262 589,2215 628,2244 769,2224 944,2262 1010,2224 1071,2258 1173,2182 953,2155 791,2194 501,2134 392,2192 166,2165"/>
                <Baseline points="174,2220 223,2217 273,2214 322,2213 372,2213 422,2211 471,2211 521,2211 570,2212 620,2213 670,2213 719,2213 769,2214 818,2214 868,2213 918,2213 967,2211 1017,2209 1066,2207 1116,2203 1166,2199"/>
                <TextEquiv>
                    <Unicode>unnd oberen gfengklich zugebracht. Ist er volgen</Unicode>
                </TextEquiv>
            </TextLine>
            <TextLine id="r1l31" custom="readingOrder {index:30;}">
                <Coords points="154,2304 199,2291 251,2339 321,2296 555,2280 671,2327 738,2285 1104,2302 1168,2296 1167,2233 908,2266 575,2231 407,2263 276,2215 153,2261"/>
                <Baseline points="161,2292 213,2289 266,2286 318,2285 371,2283 423,2283 476,2282 529,2282 581,2282 634,2282 686,2283 739,2283 791,2282 844,2282 897,2280 949,2279 1002,2277 1054,2274 1107,2271 1160,2265"/>
                <TextEquiv>
                    <Unicode>daruff den 12. diß ust jr lr benelch durch de</Unicode>
                </TextEquiv>
            </TextLine>
            <TextLine id="r1l32" custom="readingOrder {index:31;} person {offset:20; length:17;}">
                <Coords points="151,2370 390,2391 440,2351 537,2377 698,2344 1005,2372 1141,2350 1132,2293 945,2318 803,2289 689,2329 554,2281 264,2340 150,2302"/>
                <Baseline points="158,2361 206,2358 255,2356 304,2354 353,2352 402,2351 450,2349 499,2349 548,2348 597,2348 646,2348 694,2348 743,2346 792,2346 841,2345 890,2345 938,2343 987,2340 1036,2338 1085,2335 1134,2331"/>
                <TextEquiv>
                    <Unicode>ehrenüesten etc. Hr sammel Haß Buncht vom</Unicode>
                </TextEquiv>
            </TextLine>
            <TextLine id="r1l33" custom="readingOrder {index:32;} person {offset:8; length:12;} person {offset:38; length:5; continued:true;}">
                <Coords points="144,2453 554,2414 826,2439 925,2414 1008,2452 1177,2409 1176,2360 1091,2336 992,2382 829,2346 702,2395 446,2355 382,2391 142,2388"/>
                <Baseline points="150,2433 201,2429 252,2426 303,2423 354,2420 405,2418 456,2417 507,2415 558,2415 609,2414 660,2414 711,2414 762,2412 813,2412 864,2411 915,2409 966,2408 1017,2406 1068,2403 1119,2400 1170,2397"/>
                <TextEquiv>
                    <Unicode>rath hr lauid Müller alt schaffner zu Pette</Unicode>
                </TextEquiv>
            </TextLine>
            <TextLine id="r1l34" custom="readingOrder {index:33;} person {offset:0; length:6; continued:true;} place {offset:20; length:5;}">
                <Coords points="155,2502 272,2525 386,2483 602,2476 658,2507 878,2484 977,2524 1083,2489 1165,2511 1164,2407 1008,2455 752,2425 624,2456 561,2417 155,2455"/>
                <Baseline points="162,2496 211,2490 261,2487 311,2483 361,2481 410,2480 460,2478 510,2478 560,2478 609,2478 659,2478 709,2478 759,2480 808,2480 858,2480 908,2478 958,2477 1007,2475 1057,2474 1107,2469 1157,2465"/>
                <TextEquiv>
                    <Unicode>lingen, hr dann von Büren Großweybel im thu</Unicode>
                </TextEquiv>
            </TextLine>
            <TextLine id="r1l35" custom="readingOrder {index:34;} place {offset:3; length:6;}">
                <Coords points="135,2582 236,2558 358,2593 417,2545 607,2600 673,2549 954,2594 1171,2558 1144,2504 976,2524 941,2494 866,2529 808,2487 731,2525 428,2529 372,2495 134,2518"/>
                <Baseline points="141,2562 192,2558 243,2553 294,2551 345,2549 396,2549 447,2547 499,2547 550,2547 601,2549 652,2549 703,2550 754,2550 805,2550 857,2550 908,2549 959,2549 1010,2546 1061,2544 1112,2540 1164,2535"/>
                <TextEquiv>
                    <Unicode>zu Marhil alhie deßßwegen zu redt gestoßßen und</Unicode>
                </TextEquiv>
            </TextLine>
            <TextLine id="r1l36" custom="readingOrder {index:35;}">
                <Coords points="166,2661 427,2616 635,2623 698,2666 804,2624 1123,2628 1148,2558 1087,2591 820,2603 742,2571 575,2600 418,2545 360,2592 334,2569 225,2595 164,2556"/>
                <Baseline points="173,2628 221,2625 269,2622 318,2621 366,2619 415,2619 463,2618 512,2618 560,2618 609,2618 657,2618 705,2618 754,2618 802,2618 851,2618 899,2616 948,2615 996,2613 1045,2611 1093,2607 1142,2603"/>
                <TextEquiv>
                    <Unicode>examiniert worden, der hat nun nach dem er</Unicode>
                </TextEquiv>
            </TextLine>
            <TextLine id="r1l37" custom="readingOrder {index:36;}">
                <Coords points="157,2724 254,2747 292,2709 387,2722 451,2690 669,2720 785,2687 1028,2700 1168,2670 1167,2616 1064,2662 983,2621 904,2663 660,2667 501,2626 354,2673 280,2644 156,2670"/>
                <Baseline points="164,2703 213,2700 263,2697 313,2694 363,2693 413,2691 463,2690 512,2690 562,2690 612,2690 662,2690 712,2690 762,2688 812,2688 861,2687 911,2685 961,2684 1011,2681 1061,2678 1111,2674 1161,2669"/>
                <TextEquiv>
                    <Unicode>das erste mahl lahr und das 2 mal mit dem f</Unicode>
                </TextEquiv>
            </TextLine>
            <TextLine id="r1l38" custom="readingOrder {index:37;}">
                <Coords points="155,2784 1153,2782 1158,2701 908,2737 839,2697 571,2736 343,2702 239,2751 154,2722"/>
                <Baseline points="162,2775 211,2771 261,2768 310,2766 360,2763 409,2762 459,2762 508,2760 558,2760 607,2760 657,2760 706,2760 756,2760 805,2760 855,2760 904,2759 954,2758 1003,2757 1053,2754 1102,2750 1152,2747"/>
                <TextEquiv>
                    <Unicode>stei uffgezogen worden, bekendt unnd vernächen,</Unicode>
                </TextEquiv>
            </TextLine>
            <TextLine id="r1l39" custom="readingOrder {index:38;}">
                <Coords points="152,2847 279,2894 406,2838 544,2889 637,2842 818,2834 915,2871 1172,2843 1142,2780 541,2809 492,2775 407,2817 212,2778 152,2810"/>
                <Baseline points="159,2847 209,2843 259,2839 309,2837 360,2834 410,2832 460,2832 510,2832 561,2832 611,2832 661,2832 711,2832 762,2834 812,2834 862,2834 912,2832 963,2831 1013,2830 1063,2827 1113,2823 1164,2820"/>
                <TextEquiv>
                    <Unicode>r habe vor disem federwylen by ehrlichen meisten</Unicode>
                </TextEquiv>
            </TextLine>
            <TextLine id="r1l40" custom="readingOrder {index:39;}">
                <Coords points="171,2924 452,2903 514,2949 587,2911 1033,2904 1093,2945 1147,2917 1146,2831 1073,2875 836,2878 743,2838 547,2888 360,2844 278,2895 170,2881"/>
                <Baseline points="177,2916 225,2912 273,2909 321,2906 369,2904 417,2903 465,2903 514,2903 562,2903 610,2903 658,2903 706,2904 754,2904 802,2904 851,2904 899,2904 947,2904 995,2903 1043,2900 1091,2898 1140,2895"/>
                <TextEquiv>
                    <Unicode>gedient unnd gearbeitet, sunderlich aber gu</Unicode>
                </TextEquiv>
            </TextLine>
            <TextLine id="r1l41" custom="readingOrder {index:40;} place {offset:28; length:11;}">
                <Coords points="155,3016 493,2978 608,2976 705,3023 1115,2993 1102,2946 889,2952 833,2905 692,2954 637,2924 414,2949 330,2909 200,2959 155,2936"/>
                <Baseline points="162,2982 209,2981 256,2979 303,2979 351,2978 398,2978 445,2978 492,2976 540,2976 587,2976 634,2976 681,2976 729,2976 776,2976 823,2976 870,2978 918,2978 965,2978 1012,2978 1059,2978 1107,2978"/>
                <TextEquiv>
                    <Unicode>Samer sye er mehrenthailß d Calppgangen</Unicode>
                </TextEquiv>
            </TextLine>
            <TextEquiv>
                <Unicode>und den nachgangen. hette inn auhwol darmit schedig
dorffen, wo er nit von deselbenn gesollenn were
halten worden, künstenn hat er nützit wyters bekt
wollen.
Deßwegenn er das erste mal lär, das anderen
mit dem kleinen stein ufgezogen und hernach von mynen
ge st jun das schallenwerck erkent worden, da er
etlich tagen darnach ufgristen, dardurch er dann zu
kenen, was er für ein vogel sein müße.
Susanna Lepreux Weilandt Johans Cepren
deß buchtruchers seligenn dochter. ist umb das so sy
schantlich mit irer armen mmutter olzee hußgehalten, wie
ölliches im chergrichts annal zefinden ist von myner g
statt und landt verwisenn und ira darby ufgebundene
worden, ire by einem von Basel erzeügete zwey ehelich
kindt mit hinwegg zenommen den 12. julii 1689.
Caspar Knoßes ist uff glychem tag von bege
nen dritann fülers wegenn von myner g s gatt unnd
landtschafft verwisenn worden.
Deinrics Puisher von St. Steffen¬
Nach dem Heinrich Düscher pürtig von St Stessa eß den
obersimmenthal, mit noch einem andren welcher
einem fürgeben nach michel heißen und by strasßen
burg daheimen sein solle, verschunnen frytags
Den5. diß monatst zu zwogen unnderschidenlichen
mahlen im ampt schwarkenburg in zway Huser
ebrochen, ob dem letstn aber verlagt, biß über
d schwarzdwaser verfalgt, endtlichen er düsch
In der kilcheri kumpz ergriffen undt mhl
unnd oberen gfengklich zugebracht. Ist er volgen
daruff den 12. diß ust jr lr benelch durch de
ehrenüesten etc. Hr sammel Haß Buncht vom
rath hr lauid Müller alt schaffner zu Pette
lingen, hr dann von Büren Großweybel im thu
zu Marhil alhie deßßwegen zu redt gestoßßen und
examiniert worden, der hat nun nach dem er
das erste mahl lahr und das 2 mal mit dem f
stei uffgezogen worden, bekendt unnd vernächen,
r habe vor disem federwylen by ehrlichen meisten
gedient unnd gearbeitet, sunderlich aber gu
Samer sye er mehrenthailß d Calppgangen</Unicode>
            </TextEquiv>
        </TextRegion>
        <TextRegion orientation="0.0" id="r2" custom="readingOrder {index:1;}">
            <Coords points="1218,124 1218,3138 2370,3138 2370,124"/>
            <TextLine id="r2l1" custom="readingOrder {index:0;}">
                <Coords points="2235,189 2249,182 2263,185 2272,174 2281,177 2291,172 2296,175 2299,171 2313,171 2304,105 2292,105 2282,114 2268,118 2265,123 2251,125 2234,143 2228,143"/>
                <Baseline points="2238,165 2271,159 2304,156"/>
                <TextEquiv>
                    <Unicode>16.</Unicode>
                </TextEquiv>
            </TextLine>
            <TextLine id="r2l2" custom="readingOrder {index:1;}">
                <Coords points="1263,431 1442,420 1545,371 1643,390 1699,344 1736,370 1964,305 2159,301 2196,277 2189,232 2034,278 1940,214 1848,267 1745,253 1695,305 1566,306 1397,366 1292,321 1249,343"/>
                <Baseline points="1268,419 1314,410 1360,402 1406,395 1452,387 1498,379 1544,371 1590,364 1636,356 1682,348 1728,341 1774,334 1820,327 1866,320 1912,314 1958,307 2004,300 2050,294 2096,287 2142,282 2189,275"/>
                <TextEquiv>
                    <Unicode>Vndt wol by den 6. Jahren Im Landt vndwalden</Unicode>
                </TextEquiv>
            </TextLine>
            <TextLine id="r2l3" custom="readingOrder {index:2;}">
                <Coords points="1265,494 2047,351 2097,376 2253,340 2264,278 2050,327 1962,306 1755,372 1699,344 1644,390 1587,372 1257,446"/>
                <Baseline points="1269,474 1318,466 1368,458 1418,450 1468,441 1517,434 1567,425 1617,416 1667,409 1716,402 1766,395 1816,387 1866,379 1915,373 1965,365 2015,358 2065,351 2114,345 2164,338 2214,332 2264,326"/>
                <TextEquiv>
                    <Unicode>allein sye er verschumen jahrs kranck worden und</Unicode>
                </TextEquiv>
            </TextLine>
            <TextLine id="r2l4" custom="readingOrder {index:3;}">
                <Coords points="1261,568 1348,533 1421,548 1455,507 1690,506 1825,451 2119,446 2234,407 2225,348 2155,352 1250,493"/>
                <Baseline points="1262,530 1310,524 1358,518 1406,511 1454,505 1502,497 1550,491 1599,483 1647,476 1695,469 1743,462 1791,454 1839,448 1887,441 1936,433 1984,427 2032,421 2080,414 2128,408 2176,402 2225,396"/>
                <TextEquiv>
                    <Unicode>habe dergstalten böse schenckel bekommen, das imme</Unicode>
                </TextEquiv>
            </TextLine>
            <TextLine id="r2l5" custom="readingOrder {index:4;}">
                <Coords points="1267,620 1469,613 1561,554 1678,578 1738,535 1789,551 1995,491 2285,479 2278,430 1969,433 1705,509 1498,508 1260,569"/>
                <Baseline points="1271,593 1321,585 1371,578 1421,571 1472,562 1522,555 1572,547 1622,540 1673,533 1723,525 1773,518 1823,511 1874,504 1924,498 1974,492 2024,487 2075,481 2125,475 2175,471 2225,468 2276,465"/>
                <TextEquiv>
                    <Unicode>dieselbigen uffgebrochen und crever villerley und</Unicode>
                </TextEquiv>
            </TextLine>
            <TextLine id="r2l6" custom="readingOrder {index:5;}">
                <Coords points="1262,692 1375,650 1460,680 1553,626 1732,636 1783,591 1873,624 1989,561 2230,555 2248,473 2203,510 2131,476 2061,526 1889,514 1825,551 1667,582 1576,560 1469,613 1255,641"/>
                <Baseline points="1265,663 1314,654 1363,647 1412,638 1461,631 1511,624 1560,615 1609,607 1658,600 1707,593 1757,586 1806,579 1855,572 1904,567 1953,561 2003,555 2052,550 2101,545 2150,540 2199,537 2249,534"/>
                <TextEquiv>
                    <Unicode>raths daru�t gelisfen, also das er dahar nit mehr</Unicode>
                </TextEquiv>
            </TextLine>
            <TextLine id="r2l7" custom="readingOrder {index:6;}">
                <Coords points="1258,772 1316,729 1588,714 1941,630 2103,644 2298,596 2294,549 2163,544 2081,587 2019,560 1872,624 1558,628 1489,681 1375,651 1247,693"/>
                <Baseline points="1259,731 1310,725 1362,718 1414,711 1466,703 1517,695 1569,687 1621,679 1673,671 1724,662 1776,654 1828,646 1880,638 1931,632 1983,625 2035,618 2087,612 2138,608 2190,605 2242,600 2294,599"/>
                <TextEquiv>
                    <Unicode>arbeiten können sunders nothwendig dem almuß</Unicode>
                </TextEquiv>
            </TextLine>
            <TextLine id="r2l8" custom="readingOrder {index:7;}">
                <Coords points="1266,805 1342,831 1426,772 1514,803 1629,745 1754,776 1850,710 2175,702 2257,675 2249,616 2130,652 1936,636 1261,770"/>
                <Baseline points="1271,788 1319,784 1368,779 1417,773 1466,767 1515,761 1564,754 1613,748 1662,740 1711,731 1760,724 1808,718 1857,710 1906,703 1955,696 2004,690 2053,683 2102,679 2151,672 2200,669 2249,665"/>
                <TextEquiv>
                    <Unicode>nachziecht müßen, welcheß fun dan verursachet</Unicode>
                </TextEquiv>
            </TextLine>
            <TextLine id="r2l9" custom="readingOrder {index:8;} person {offset:44; length:5; continued:true;}">
                <Coords points="1267,867 1514,832 1584,867 1662,805 1767,837 1822,794 1996,799 2224,752 2241,712 2187,723 2121,683 1921,738 1850,709 1754,776 1626,763 1518,808 1426,771 1348,834 1261,823"/>
                <Baseline points="1272,858 1320,853 1368,848 1416,842 1465,835 1513,828 1561,822 1610,815 1658,809 1706,802 1755,795 1803,787 1851,781 1899,775 1948,769 1996,763 2044,758 2093,753 2141,748 2189,744 2238,741"/>
                <TextEquiv>
                    <Unicode>habe, das er ein gwüsle wybßperson, so sich Vrena</Unicode>
                </TextEquiv>
            </TextLine>
            <TextLine id="r2l10" custom="readingOrder {index:9;} person {offset:0; length:7; continued:true;}">
                <Coords points="1248,936 1503,936 1776,868 1861,901 1954,845 2088,866 2135,818 2347,839 2355,760 1913,791 1763,842 1680,806 1585,865 1511,836 1310,898 1241,871"/>
                <Baseline points="1253,918 1308,913 1363,909 1418,903 1473,897 1528,891 1583,885 1638,879 1693,872 1748,865 1803,859 1858,852 1913,845 1968,840 2023,834 2078,828 2133,824 2188,820 2243,818 2298,815 2354,813"/>
                <TextEquiv>
                    <Unicode>Steiner namse undt fürgebe, sy sye alhie uß der statt</Unicode>
                </TextEquiv>
            </TextLine>
            <TextLine id="r2l11" custom="readingOrder {index:10;}">
                <Coords points="1257,998 1317,977 1373,1009 1445,960 1599,1000 1661,945 1826,959 1957,916 1995,946 2055,906 2169,943 2249,900 2357,923 2352,849 2221,832 1861,901 1725,874 1504,936 1361,911 1254,963"/>
                <Baseline points="1262,975 1316,971 1370,967 1424,962 1479,957 1533,952 1587,947 1642,941 1696,936 1750,931 1805,924 1859,920 1913,915 1967,911 2022,905 2076,901 2130,897 2185,893 2239,890 2293,887 2348,885"/>
                <TextEquiv>
                    <Unicode>eürtign unnderwegs mit einem zwog ferigen döchteri</Unicode>
                </TextEquiv>
            </TextLine>
            <TextLine id="r2l12" custom="readingOrder {index:11;}">
                <Coords points="1222,1076 1493,1073 1642,1015 1924,1028 2027,978 2118,1007 2154,970 2258,985 2254,939 1674,950 1508,1001 1446,961 1371,1013 1213,975"/>
                <Baseline points="1227,1050 1278,1044 1329,1040 1380,1034 1431,1030 1482,1025 1533,1020 1584,1015 1635,1011 1686,1007 1738,1002 1789,998 1840,994 1891,989 1942,985 1993,980 2044,976 2095,971 2146,968 2197,963 2249,959"/>
                <TextEquiv>
                    <Unicode>So sy iren fürgeben nach von Frei ersten man habe,</Unicode>
                </TextEquiv>
            </TextLine>
            <TextLine id="r2l13" custom="readingOrder {index:12;}">
                <Coords points="1252,1151 1550,1096 1773,1117 1824,1073 2280,1085 2274,988 2014,992 1820,1050 1645,1016 1390,1085 1247,1071"/>
                <Baseline points="1257,1112 1307,1108 1358,1104 1408,1100 1459,1097 1510,1094 1560,1089 1611,1086 1662,1082 1712,1079 1763,1076 1814,1072 1864,1069 1915,1065 1966,1062 2016,1059 2067,1055 2118,1052 2168,1049 2219,1045 2270,1041"/>
                <TextEquiv>
                    <Unicode>zu sich genommen, derselbigen zwar die eheversprochen</Unicode>
                </TextEquiv>
            </TextLine>
            <TextLine id="r2l14" custom="readingOrder {index:13;}">
                <Coords points="1263,1212 1380,1191 1445,1218 1507,1164 1548,1195 1603,1168 1649,1202 1688,1160 1803,1190 2052,1123 2265,1148 2270,1093 2179,1063 2128,1094 2028,1072 1979,1108 1928,1070 1772,1123 1551,1100 1259,1153"/>
                <Baseline points="1268,1181 1317,1176 1367,1170 1417,1166 1467,1163 1517,1158 1566,1155 1616,1152 1666,1148 1716,1145 1766,1142 1815,1139 1865,1136 1915,1133 1965,1131 2015,1129 2064,1126 2114,1124 2164,1122 2214,1119 2264,1116"/>
                <TextEquiv>
                    <Unicode>und aber biß dahero noch nit halten könden, Nun</Unicode>
                </TextEquiv>
            </TextLine>
            <TextLine id="r2l15" custom="readingOrder {index:14;}">
                <Coords points="1256,1271 1908,1217 2039,1257 2144,1201 2287,1231 2283,1151 2126,1170 2056,1123 1802,1191 1649,1203 1600,1168 1555,1204 1506,1166 1449,1213 1254,1224"/>
                <Baseline points="1262,1244 1312,1241 1363,1239 1414,1236 1465,1232 1516,1229 1567,1227 1617,1223 1668,1221 1719,1218 1770,1214 1821,1212 1872,1209 1923,1206 1973,1205 2024,1202 2075,1200 2126,1199 2177,1197 2228,1196 2279,1196"/>
                <TextEquiv>
                    <Unicode>sye zwar nit wenig den das er ja an underschidenlich</Unicode>
                </TextEquiv>
            </TextLine>
            <TextLine id="r2l16" custom="readingOrder {index:15;}">
                <Coords points="1256,1326 1286,1307 1348,1355 1511,1312 1584,1344 1761,1288 2132,1317 2207,1272 2335,1302 2307,1241 2127,1226 2041,1258 1828,1226 1752,1266 1680,1227 1255,1275"/>
                <Baseline points="1262,1301 1315,1302 1368,1304 1421,1302 1475,1301 1528,1299 1581,1296 1634,1293 1688,1292 1741,1288 1794,1284 1847,1281 1901,1279 1954,1277 2007,1275 2060,1274 2114,1272 2167,1274 2220,1275 2273,1277 2327,1281"/>
                <TextEquiv>
                    <Unicode>orten, wo er solches in das verckrichten magen, aller</Unicode>
                </TextEquiv>
            </TextLine>
            <TextLine id="r2l17" custom="readingOrder {index:16;}">
                <Coords points="1252,1409 1360,1362 1510,1411 1682,1354 1812,1391 1876,1350 2310,1363 2309,1291 2039,1323 1937,1298 1872,1333 1760,1290 1585,1343 1515,1318 1460,1344 1403,1301 1251,1323"/>
                <Baseline points="1259,1365 1311,1365 1363,1364 1415,1363 1467,1362 1520,1361 1572,1359 1624,1358 1676,1356 1728,1355 1781,1353 1833,1352 1885,1350 1937,1349 1989,1349 2042,1349 2094,1347 2146,1348 2198,1349 2250,1350 2303,1352"/>
                <TextEquiv>
                    <Unicode>yts hunger gestellen mit hinzu etwas wenigs broth</Unicode>
                </TextEquiv>
            </TextLine>
            <TextLine id="r2l18" custom="readingOrder {index:17;}">
                <Coords points="1250,1464 1347,1425 1556,1457 1787,1424 1934,1467 2042,1423 2293,1430 2293,1378 2046,1402 1993,1372 1811,1393 1752,1358 1675,1407 1250,1407"/>
                <Baseline points="1257,1427 1308,1427 1359,1427 1411,1427 1462,1427 1514,1427 1565,1427 1617,1427 1668,1427 1720,1427 1771,1427 1822,1425 1874,1425 1925,1425 1977,1425 2028,1424 2080,1424 2131,1424 2183,1422 2234,1422 2286,1422"/>
                <TextEquiv>
                    <Unicode>genommen, allenn habe er keinen grossen diebstal</Unicode>
                </TextEquiv>
            </TextLine>
            <TextLine id="r2l19" custom="readingOrder {index:18;}">
                <Coords points="1249,1536 2256,1502 2256,1464 2171,1475 2098,1438 1858,1471 1792,1432 1710,1474 1609,1441 1436,1466 1372,1427 1249,1464"/>
                <Baseline points="1256,1497 1305,1497 1355,1496 1404,1496 1454,1494 1504,1494 1553,1494 1603,1494 1653,1495 1702,1496 1752,1496 1802,1496 1851,1497 1901,1497 1951,1497 2000,1497 2050,1497 2100,1497 2149,1497 2199,1497 2249,1496"/>
                <TextEquiv>
                    <Unicode>verbringen helffen u�ßgenommen, das all� letstlich der</Unicode>
                </TextEquiv>
            </TextLine>
            <TextLine id="r2l20" custom="readingOrder {index:19;} person {offset:11; length:6;}">
                <Coords points="1256,1565 1613,1598 1710,1575 1808,1606 1842,1582 1880,1616 1961,1577 2001,1608 2188,1587 2222,1576 2223,1514 2104,1494 2003,1551 1806,1506 1625,1540 1486,1510 1435,1541 1257,1535"/>
                <Baseline points="1263,1562 1310,1562 1358,1560 1405,1560 1453,1560 1500,1560 1548,1560 1595,1562 1643,1562 1690,1562 1738,1563 1786,1565 1833,1565 1881,1566 1928,1568 1976,1569 2023,1571 2071,1572 2118,1575 2166,1577 2214,1580"/>
                <TextEquiv>
                    <Unicode>obgedachte Michel (des er sunsten vor disem nit</Unicode>
                </TextEquiv>
            </TextLine>
            <TextLine id="r2l21" custom="readingOrder {index:20;} place {offset:21; length:10;}">
                <Coords points="1252,1641 1456,1629 1536,1666 1580,1633 1852,1633 1899,1672 1943,1632 2072,1638 2242,1699 2350,1648 2352,1593 2212,1584 2125,1628 1938,1580 1879,1614 1494,1568 1253,1609"/>
                <Baseline points="1259,1631 1313,1627 1367,1625 1421,1624 1475,1623 1530,1622 1584,1623 1638,1623 1692,1625 1746,1626 1801,1628 1855,1629 1909,1632 1963,1635 2017,1638 2072,1641 2126,1645 2180,1649 2234,1652 2288,1655 2343,1659"/>
                <TextEquiv>
                    <Unicode>gekendt habe uff dem Lengenberg inne angetroffen.</Unicode>
                </TextEquiv>
            </TextLine>
            <TextLine id="r2l22" custom="readingOrder {index:21;}">
                <Coords points="1229,1720 1428,1695 1543,1731 1594,1695 1650,1741 1720,1692 1856,1696 2053,1740 2217,1722 2341,1773 2344,1686 2201,1701 2096,1652 2038,1691 1950,1632 1900,1671 1852,1636 1231,1651"/>
                <Baseline points="1236,1704 1291,1700 1346,1697 1401,1694 1456,1692 1511,1691 1566,1689 1621,1689 1676,1691 1731,1692 1786,1694 1841,1696 1896,1699 1951,1702 2006,1706 2061,1709 2116,1715 2171,1718 2226,1723 2281,1728 2336,1733"/>
                <TextEquiv>
                    <Unicode>sye er mit demselben in die ambteyung schwartzen.</Unicode>
                </TextEquiv>
            </TextLine>
            <TextLine id="r2l23" custom="readingOrder {index:22;} place {offset:33; length:6;}">
                <Coords points="1251,1759 1321,1802 1360,1772 1511,1817 1581,1768 1623,1804 1760,1768 1816,1822 1894,1770 1947,1801 2282,1806 2284,1763 2198,1732 2083,1761 1945,1712 1824,1744 1580,1707 1499,1743 1333,1695 1253,1720"/>
                <Baseline points="1259,1755 1309,1755 1360,1757 1411,1757 1462,1758 1513,1758 1564,1758 1614,1760 1665,1760 1716,1761 1767,1763 1818,1764 1869,1766 1920,1767 1970,1770 2021,1773 2072,1776 2123,1781 2174,1785 2225,1790 2276,1796"/>
                <TextEquiv>
                    <Unicode>Burg gangen, daselbst namlich zu Rydome habe</Unicode>
                </TextEquiv>
            </TextLine>
            <TextLine id="r2l24" custom="readingOrder {index:23;}">
                <Coords points="1254,1862 1331,1832 1528,1882 1608,1849 1665,1891 1791,1846 2210,1880 2211,1824 1994,1782 1851,1820 1757,1767 1693,1803 1581,1769 1515,1815 1451,1784 1256,1801"/>
                <Baseline points="1262,1824 1309,1826 1356,1827 1403,1829 1450,1830 1497,1830 1544,1832 1591,1832 1638,1833 1685,1833 1733,1835 1780,1835 1827,1836 1874,1838 1921,1839 1968,1842 2015,1844 2062,1847 2109,1851 2156,1855 2204,1860"/>
                <TextEquiv>
                    <Unicode>gesagter sein gsfan ein� pänaren huß der sich</Unicode>
                </TextEquiv>
            </TextLine>
            <TextLine id="r2l25" custom="readingOrder {index:24;} person {offset:0; length:14;}">
                <Coords points="1247,1913 1392,1901 1450,1955 1558,1904 1749,1968 1823,1921 2225,1964 2267,1961 2270,1876 2128,1894 1786,1852 1661,1891 1454,1844 1425,1871 1395,1843 1249,1858"/>
                <Baseline points="1254,1899 1304,1899 1354,1899 1405,1901 1455,1901 1505,1902 1556,1904 1606,1905 1656,1907 1707,1908 1757,1910 1807,1913 1858,1916 1908,1919 1958,1920 2009,1925 2059,1928 2109,1929 2160,1934 2210,1937 2261,1940"/>
                <TextEquiv>
                    <Unicode>Peter Hoffeter namse uffgethan, sye volgendtß</Unicode>
                </TextEquiv>
            </TextLine>
            <TextLine id="r2l26" custom="readingOrder {index:25;}">
                <Coords points="1254,2001 1443,1970 1822,2042 2101,2015 2179,2059 2222,2023 2277,2036 2280,1981 2116,1982 2034,1942 1845,1972 1802,1939 1749,1971 1452,1956 1399,1899 1258,1921"/>
                <Baseline points="1263,1965 1313,1967 1363,1968 1414,1970 1464,1973 1515,1974 1565,1977 1615,1979 1666,1982 1716,1983 1767,1986 1817,1989 1867,1992 1918,1994 1968,1997 2019,2001 2069,2004 2119,2009 2170,2013 2220,2018 2271,2022"/>
                <TextEquiv>
                    <Unicode>In die stuben hingn gangen und habe inne heißen</Unicode>
                </TextEquiv>
            </TextLine>
            <TextLine id="r2l27" custom="readingOrder {index:26;}">
                <Coords points="1251,2049 1322,2077 1369,2041 1552,2038 1856,2116 1956,2075 2066,2117 2247,2108 2250,2060 2148,2025 2031,2058 1751,2011 1590,2027 1541,1989 1474,2017 1410,1975 1255,2002"/>
                <Baseline points="1260,2027 1309,2030 1358,2033 1407,2035 1456,2038 1505,2042 1554,2045 1603,2049 1652,2052 1701,2056 1750,2060 1799,2063 1848,2066 1897,2069 1946,2072 1995,2077 2044,2079 2093,2082 2142,2084 2191,2087 2241,2090"/>
                <TextEquiv>
                    <Unicode>vorü�en wart, welcheß er gethan, daruff habe</Unicode>
                </TextEquiv>
            </TextLine>
            <TextLine id="r2l28" custom="readingOrder {index:27;}">
                <Coords points="1248,2130 1328,2097 1703,2179 1789,2151 1845,2194 1913,2152 2316,2200 2319,2162 2064,2132 1993,2083 1830,2124 1669,2078 1470,2091 1395,2039 1253,2065"/>
                <Baseline points="1257,2099 1309,2102 1362,2105 1414,2108 1467,2112 1520,2115 1572,2119 1625,2122 1678,2127 1730,2131 1783,2136 1836,2139 1888,2144 1941,2149 1994,2153 2046,2159 2099,2163 2152,2168 2204,2173 2257,2178 2310,2184"/>
                <TextEquiv>
                    <Unicode>der anderemen trog uffgethan macht, das er aber die</Unicode>
                </TextEquiv>
            </TextLine>
            <TextLine id="r2l29" custom="readingOrder {index:28;}">
                <Coords points="1256,2183 1356,2231 1476,2189 1549,2231 1802,2220 1860,2271 1920,2230 2116,2269 2280,2267 2283,2237 2059,2215 1913,2152 1787,2193 1637,2145 1409,2142 1336,2102 1260,2134"/>
                <Baseline points="1263,2175 1313,2179 1364,2182 1414,2185 1465,2189 1515,2193 1566,2197 1616,2200 1667,2205 1717,2209 1768,2214 1819,2218 1869,2223 1920,2227 1970,2231 2021,2236 2071,2240 2122,2245 2172,2249 2223,2252 2274,2258"/>
                <TextEquiv>
                    <Unicode>10 l zu groben gelt, welche der pur klage oder</Unicode>
                </TextEquiv>
            </TextLine>
            <TextLine id="r2l30" custom="readingOrder {index:29;}">
                <Coords points="1249,2284 1548,2274 1654,2323 1757,2285 1802,2332 1866,2298 2041,2357 2124,2329 2296,2365 2321,2265 2213,2313 2116,2275 1520,2243 1439,2195 1255,2220"/>
                <Baseline points="1260,2240 1312,2244 1364,2247 1417,2252 1469,2256 1521,2260 1574,2265 1626,2270 1678,2275 1731,2280 1783,2286 1835,2292 1888,2296 1940,2302 1992,2307 2045,2313 2097,2319 2149,2325 2202,2330 2254,2336 2307,2342"/>
                <TextEquiv>
                    <Unicode>wie ersansten deru� genommen habe, das wüße er nit,</Unicode>
                </TextEquiv>
            </TextLine>
            <TextLine id="r2l31" custom="readingOrder {index:30;}">
                <Coords points="1239,2321 1363,2369 1456,2333 1520,2383 1770,2364 1854,2426 2206,2418 2268,2477 2321,2472 2329,2400 2258,2403 2207,2348 2127,2387 1978,2329 1899,2353 1850,2305 1785,2343 1703,2299 1639,2330 1507,2279 1243,2286"/>
                <Baseline points="1247,2307 1300,2312 1354,2320 1407,2326 1461,2332 1514,2337 1568,2345 1621,2349 1675,2356 1728,2362 1782,2368 1836,2373 1889,2379 1943,2386 1996,2392 2050,2398 2103,2406 2157,2411 2210,2420 2264,2427 2318,2435"/>
                <TextEquiv>
                    <Unicode>dan er habe sumne hieruon nüt gesagt und nit mehr</Unicode>
                </TextEquiv>
            </TextLine>
            <TextLine id="r2l32" custom="readingOrder {index:31;}">
                <Coords points="1255,2406 1357,2398 1396,2442 1473,2417 1675,2487 1777,2461 1859,2512 1913,2484 2095,2496 2141,2543 2206,2505 2279,2534 2285,2492 2193,2435 2112,2468 1913,2401 1758,2416 1674,2369 1541,2397 1262,2357"/>
                <Baseline points="1266,2378 1316,2385 1366,2392 1417,2400 1467,2406 1518,2412 1568,2420 1618,2426 1669,2433 1719,2438 1770,2445 1820,2451 1870,2458 1921,2465 1971,2472 2022,2478 2072,2486 2122,2494 2173,2502 2223,2510 2274,2520"/>
                <TextEquiv>
                    <Unicode>allß ein halben guldin so in einer füppen gewäsen,</Unicode>
                </TextEquiv>
            </TextLine>
            <TextLine id="r2l33" custom="readingOrder {index:32;}">
                <Coords points="1209,2468 1279,2456 1346,2519 1417,2486 1498,2538 1663,2535 1736,2568 1834,2527 1897,2586 1975,2600 2115,2596 2127,2512 1977,2524 1910,2484 1861,2513 1486,2431 1296,2439 1219,2395"/>
                <Baseline points="1218,2451 1262,2455 1307,2459 1351,2464 1396,2469 1441,2474 1485,2479 1530,2486 1575,2491 1619,2498 1664,2503 1709,2510 1753,2517 1798,2523 1843,2530 1887,2537 1932,2543 1977,2550 2021,2557 2066,2563 2111,2570"/>
                <TextEquiv>
                    <Unicode>unnd zwen manst kragen darnan zugestelt.</Unicode>
                </TextEquiv>
            </TextLine>
            <TextLine id="r2l34" custom="readingOrder {index:33;}">
                <Coords points="1252,2596 1261,2595 1269,2581 1273,2584 1276,2581 1285,2587 1311,2584 1290,2480 1274,2483 1270,2488 1257,2486 1246,2499 1233,2498"/>
                <Baseline points="1250,2549 1295,2540"/>
                <TextEquiv>
                    <Unicode>1</Unicode>
                </TextEquiv>
            </TextLine>
            <TextLine id="r2l35" custom="readingOrder {index:34;} person {offset:0; length:6;}">
                <Coords points="1224,2635 1308,2615 1473,2677 2329,2823 2338,2774 2018,2664 1511,2629 1357,2560 1301,2587 1238,2560"/>
                <Baseline points="1236,2606 1290,2615 1345,2625 1399,2635 1454,2645 1508,2654 1563,2664 1617,2673 1672,2684 1726,2692 1781,2703 1836,2713 1890,2722 1945,2732 1999,2742 2054,2752 2108,2761 2163,2770 2217,2780 2272,2789 2327,2799"/>
                <TextEquiv>
                    <Unicode>Ulli g�inen im riedt belanget, sye zwar nit wenigr</Unicode>
                </TextEquiv>
            </TextLine>
            <TextLine id="r2l36" custom="readingOrder {index:35;}">
                <Coords points="1240,2667 1381,2726 1479,2699 1693,2792 1821,2780 1855,2824 1936,2809 1971,2848 2019,2819 2081,2858 2257,2867 2263,2833 2165,2783 2030,2778 1960,2735 1806,2744 1249,2620"/>
                <Baseline points="1248,2661 1298,2671 1348,2680 1398,2689 1449,2699 1499,2708 1549,2718 1599,2727 1650,2736 1700,2746 1750,2755 1800,2765 1851,2774 1901,2783 1951,2793 2001,2802 2052,2812 2102,2822 2152,2832 2202,2842 2253,2852"/>
                <TextEquiv>
                    <Unicode>dan das sein pan ebenmeßiger gstalt in deßßelben</Unicode>
                </TextEquiv>
            </TextLine>
            <TextLine id="r2l37" custom="readingOrder {index:36;}">
                <Coords points="1248,2759 1795,2835 1985,2909 2049,2886 2157,2942 2282,2928 2353,2975 2389,2880 2250,2898 2021,2820 1971,2850 1263,2682"/>
                <Baseline points="1263,2723 1318,2735 1373,2747 1429,2761 1484,2771 1539,2784 1595,2795 1650,2806 1705,2817 1761,2828 1816,2839 1871,2849 1927,2861 1982,2872 2037,2882 2093,2892 2148,2902 2203,2913 2259,2923 2314,2934 2370,2943"/>
                <TextEquiv>
                    <Unicode>hu� gebrachen, er aber habe vor demselbigen gewartet</Unicode>
                </TextEquiv>
            </TextLine>
            <TextLine id="r2l38" custom="readingOrder {index:37;}">
                <Coords points="1220,2806 1461,2838 1663,2926 1716,2899 1901,2924 2132,3017 2298,3011 2309,2948 2238,2966 2034,2893 1955,2915 1803,2841 1732,2873 1688,2816 1445,2813 1232,2748"/>
                <Baseline points="1230,2793 1283,2802 1336,2811 1389,2820 1443,2831 1496,2841 1549,2852 1602,2864 1656,2874 1709,2886 1762,2897 1815,2908 1869,2920 1922,2929 1975,2940 2028,2950 2082,2959 2135,2968 2188,2976 2241,2983 2295,2990"/>
                <TextEquiv>
                    <Unicode>ie vun diser gwoy hembdt und 2 krägen heinß</Unicode>
                </TextEquiv>
            </TextLine>
            <TextLine id="r2l39" custom="readingOrder {index:38;}">
                <Coords points="1246,2863 1403,2896 1440,2945 1500,2920 1586,2979 1744,2958 1808,3007 2087,3066 2263,3053 2313,3088 2330,3000 2193,3029 2018,2955 1663,2926 1342,2807 1256,2810"/>
                <Baseline points="1253,2865 1308,2873 1364,2883 1420,2893 1475,2903 1531,2915 1587,2926 1643,2938 1698,2950 1754,2961 1810,2973 1866,2985 1921,2996 1977,3007 2033,3018 2089,3026 2144,3035 2200,3045 2256,3053 2312,3059"/>
                <TextEquiv>
                    <Unicode>geworffen, syendt sy darob srjagt, sein gspan endt</Unicode>
                </TextEquiv>
            </TextLine>
            <TextLine id="r2l40" custom="readingOrder {index:39;}">
                <Coords points="1252,2998 1275,2995 1287,3005 1295,3000 1317,3022 1341,3029 1355,3020 1366,3032 1382,3032 1403,3044 1415,2993 1402,2993 1387,2972 1368,2980 1359,2970 1348,2970 1331,2981 1318,2969 1301,2977 1294,2969 1259,2968"/>
                <Baseline points="1260,2990 1288,2993 1316,2999 1344,3007 1372,3014 1401,3020"/>
                <TextEquiv>
                    <Unicode>wore d</Unicode>
                </TextEquiv>
            </TextLine>
            <TextLine id="r2l41" custom="readingOrder {index:40;}">
                <Coords points="1245,2964 1535,2990 1658,3055 1935,3071 2327,3161 2342,3082 2262,3056 2175,3084 1989,3055 1730,2970 1436,2945 1264,2865"/>
                <Baseline points="1259,2928 1312,2939 1365,2950 1419,2962 1472,2973 1526,2984 1579,2994 1632,3006 1686,3016 1739,3027 1793,3038 1846,3048 1899,3057 1953,3066 2006,3076 2060,3085 2113,3094 2166,3102 2220,3109 2273,3117 2327,3123"/>
                <TextEquiv>
                    <Unicode>flache, er aber erwütscht und endtlich alher gefurt</Unicode>
                </TextEquiv>
            </TextLine>
            <TextEquiv>
                <Unicode>16.
Vndt wol by den 6. Jahren Im Landt vndwalden
allein sye er verschumen jahrs kranck worden und
habe dergstalten böse schenckel bekommen, das imme
dieselbigen uffgebrochen und crever villerley und
raths daru�t gelisfen, also das er dahar nit mehr
arbeiten können sunders nothwendig dem almuß
nachziecht müßen, welcheß fun dan verursachet
habe, das er ein gwüsle wybßperson, so sich Vrena
Steiner namse undt fürgebe, sy sye alhie uß der statt
eürtign unnderwegs mit einem zwog ferigen döchteri
So sy iren fürgeben nach von Frei ersten man habe,
zu sich genommen, derselbigen zwar die eheversprochen
und aber biß dahero noch nit halten könden, Nun
sye zwar nit wenig den das er ja an underschidenlich
orten, wo er solches in das verckrichten magen, aller
yts hunger gestellen mit hinzu etwas wenigs broth
genommen, allenn habe er keinen grossen diebstal
verbringen helffen u�ßgenommen, das all� letstlich der
obgedachte Michel (des er sunsten vor disem nit
gekendt habe uff dem Lengenberg inne angetroffen.
sye er mit demselben in die ambteyung schwartzen.
Burg gangen, daselbst namlich zu Rydome habe
gesagter sein gsfan ein� pänaren huß der sich
Peter Hoffeter namse uffgethan, sye volgendtß
In die stuben hingn gangen und habe inne heißen
vorü�en wart, welcheß er gethan, daruff habe
der anderemen trog uffgethan macht, das er aber die
10 l zu groben gelt, welche der pur klage oder
wie ersansten deru� genommen habe, das wüße er nit,
dan er habe sumne hieruon nüt gesagt und nit mehr
allß ein halben guldin so in einer füppen gewäsen,
unnd zwen manst kragen darnan zugestelt.
1
Ulli g�inen im riedt belanget, sye zwar nit wenigr
dan das sein pan ebenmeßiger gstalt in deßßelben
hu� gebrachen, er aber habe vor demselbigen gewartet
ie vun diser gwoy hembdt und 2 krägen heinß
geworffen, syendt sy darob srjagt, sein gspan endt
wore d
flache, er aber erwütscht und endtlich alher gefurt</Unicode>
            </TextEquiv>
        </TextRegion>
    </Page>
</PcGts>
