2448 3264
120 541 239 619 veing
245 219 1208 446 daruß genommen, solcheß alleß habendt sy aber
262 273 1201 486 mahlen in daß obergoltz dem erst gedachten
259 356 1198 566 Hortagen zu getragen, zeren kaßen hab nit sy
247 429 1201 622 genoßen, den driezen habent sy dorten gegen
268 484 1222 691 laßen. Die kleider aber habe deß Freyger
258 558 1187 737 frauw nach ehen getragen undt umb 3t
281 628 1197 809 verkaufft, darvon ihme ein gulden worden
250 751 1184 896 Dene habe er mit hilff Galli Müllers
269 818 1177 984 zu Ehen ein brott und ein kas genommen,
277 951 1187 1117 Vndt zu Vnderseewen seye er vnd der erst
273 1033 1187 1172 gemeldte Gälli Müller in ein hauß gangen
263 1109 1179 1230 daruß habent sy einleib brott undt ein
265 1181 728 1276 part hosen getragen
284 1268 1168 1413 Disder ist erstmahl lar, daß ander mit
299 1354 1177 1477 einem, daß dritt mit Jregl vnndt
285 1428 1187 1556 daß viertmahl mit dreyen steinen uff
316 1493 640 1580 gezogen worden.
260 1584 1192 1684 uff disere syne dest gesagten Hans Hoffers bekant, dies
267 1658 1192 1738 übertretnen eydts, schantliche und böse mißhandlung
265 1699 1191 1760 haben hochgemelt m g h und oberen h schult
251 1758 1191 1817 Räth und Burger, diser freyen und loplichen statt Ber¬
257 1787 1197 1853 uff iren eydt zu recht erkent und gesprochen, das man zun
249 1841 1191 1889 dem nachrichter benelchen, Der in oben us uffgwöhnliche
248 1884 1185 1951 richtstatt füren und daselbstenn mit dem schwert vom
244 1903 1188 1981 leben zum todt, nach dem Keiserlichenn Rechten, Hinrich
258 1957 1186 2028 sölle, den 27. ap 1639 ist dise urtheil an im verstachet
612 2022 754 2084 worden.
297 2060 1167 2159 Hanß Holtzer von Oberhaßli unnd
393 2141 910 2214 Muria Schmit von Uri
223 2185 1185 2287 Nach dem uff bschinem h ostertag zu der zeith der predi
228 2235 1171 2347 Niglausen bucher am Heimberg geseßen, auß seinem
236 2282 1170 2378 ein kübel vol anckn etwas fleisches, ein blauwen wyb
239 2328 1167 2415 ork sachszwirneten fadt, ungenar ein mut arbs, ein
238 2363 1169 2462 stückli schmär und ein fürtuch entrag worden, Hater si
231 2410 1177 2529 by obgemelten zweyen psonen, die er zu Niderwichte
236 2462 1168 2567 wylt, funde, darwegen dieselben dem freyweibelc
222 2504 1172 2624 Münsingen zugebracht und von dannen gfencklich alher
231 2550 1171 2658 hürt, auch gleichergstalten von obgemelten s d
224 2586 1163 2705 20 ap zu Marzili examinert worden, der
231 2688 553 2747 bekent, wie volget.
225 2656 1167 2793 Er habe dise wybspersohn an einem meymerit zu G
209 2720 1153 2849 im spittal angetroffenn und seye nun mehr by den
213 2755 1171 2894 jaren mit ira im landt umbher dem allmusen nacht
225 2805 1168 2930 zogen, er habe zwar derselben die ehe versprochen söllich
232 2852 1164 2964 aber bis dato nit noch nit bezogen, unlangest sye sy zu
217 2896 1161 3022 by Lützern kints niderkommen, das sye ungfert vor 3 welten
222 2924 1168 3060 zu Thun gstorbenn von Welchesti ynbunt znen noch zu
1296 154 2343 444 gefunder sachan hebenn, welche inen von zweyenn und ehar be
1298 198 2343 479 emannen, by kisen seyen verkaufft worden, dieselbigen seyen von dannen
1297 255 2368 526 hauff gegen diesbach gangen und hiemit nit gestendig sein wollen
1311 339 2364 607 aaraen e
1299 444 1624 565 e dipsen e
1294 380 2352 639 befragen wollenn, ist sy dermaßenn ein abscheümliche und
1288 422 2349 678 erschreckenliche kranckheit angestoßen, das sy darunder gefallen,
1297 463 2358 726 d dermasten grusamlich sich erhebt und umb sich gesihlen
1293 506 2372 769 gman mit ire nützet schaffen mögen. Derwegen man auch
1290 675 1711 815 ense asen mnsten
1278 631 2305 853 Die mens psohn aber ist das erste mal lär, das andermah mit
1292 678 2304 887 dem kleinen shein und das deite mal mit zweyen steinen
1293 843 1574 958 vhgzegen worden.
1302 829 2315 1009 Weilmen aber myn yhdan dise vsprechung nit kommen
1275 860 2349 1051 wellen, ist er darrüber durch vorermalte h den 26. dito
1283 917 2324 1097 nach verners mit der marter eramimert werden, und
1293 970 2323 1126 bwol er zum ersten nur den kleinen, zum 2 aber zwen.
1284 1019 2316 1161 und zum 3. mal 3 steinen ufgezogen, so hat er doch an
1273 1059 2337 1210 ders nüt bekenen wollen, dann das er und syn dirnen ungfert
1287 1103 2344 1244 vor einem zar oberthalb toffen umb ein sachen daruon sy niichts
1286 1158 2332 1281 gewüst, gfengeklich angenommen, vnd alhie In das schallenwerck
1281 1237 2314 1327 geschmit worden, Daruß sy hernach us antrib anderer die sy
1750 1277 2320 1355 Veswegen er mit dem aydt¬
1272 1302 1689 1390 darzu gewisen, entwichen,
1269 1324 2253 1438 sy aber mit einer glübt an eidtsstatt von ir g statt
1264 1389 2199 1487 und landt ewisenn worden, den 27. aprilis 1639.
1265 1490 2280 1572 Caspar Vttinger, welcher in der statt alhie ge
1426 1559 1898 1619 boren vnd erzogenn worden.
1266 1592 2350 1668 Ist gleichergestalten den 20. ab von vorermelten h examiniert
1264 1642 1824 1712 worden, der hat bekent wie volget,
1267 1690 2305 1766 Er habe sich nun ey den 5. juren sith das er syn tewyb Barbal
1282 1734 2351 1801 dëselmen geehrlichet, mit fischgern strickenn und andeer arbeit
1274 1781 2287 1842 ohne jemants beschwerdt erneret. Weill znn aber kinder
1264 1796 2298 1888 angefallenn, seye es Im auch ie letgere beschwerlicher worde¬
1273 1840 2291 1939 um seye er vor etwas tagen gan wichtnach kommen, daselbst
1261 1879 1883 1959 habe er die zeeygen so mit imme gfangen
1896 1918 2300 1994 werden, vnd den so von
1270 1926 2313 2033 Inen gangen (welche er doch zmuer niemalen, vnd gebent noch
1270 1966 2281 2079 gesechenn) angetroffene, zu denen hab er sich uff in begeren hin
1270 2004 2319 2121 gesellet und seye also mit inen über das waßer nach kirchtorff
1261 2034 2325 2183 gezogenn, daselbsten habe er vs einem keller, wie der vorgene
1256 2082 2258 2219 dte hingerichte Hanß Hofer, ouch bekent, by den dreyen maßen
1249 2115 2311 2272 wyn umb 1 oder 2 hz broth und imegeren käst, nemmen. hinauße
1251 2160 2289 2328 den ein holtz tragenen, vnd daselbsten mießen helffen, da sy dan
1264 2187 2285 2359 auch gefangen und alhar gefürt worden. Darzu aber habe ihun
1259 2229 1733 2334 der bittere hunger getribenn.
1255 2270 2276 2465 Weil man aber hinder imme etliche faltsihe kleine und grose
1270 2320 2285 2515 hüßel, dietrich und dergleichen diebische instrunert, funden
1261 2359 2296 2553 st er darrüber auch befragt worden, wohar er mit denselben
1254 2398 2316 2590 kommen sye und was er mit denen gethan habe, hater darvüb
1244 2430 2285 2630 geantwortet, dise sachen sey Imme von der Zenigen welcher
1245 2477 2304 2698 syherh syne gspanen und inn hierzu agfuren und der am mor
1247 2514 2288 2747 von inen henwegg über die ohnen pastiert seye, ze behalten geben.
1242 2600 1467 2667 gebrucht habe,
1245 2550 2294 2760 worden und habe er nit gewüßt, was es sye vilwenig, das er die
1231 2643 2297 2882 drittens gwoher von Hanß Hofer hievorgemelt angeben
1224 2692 2300 2933 werden, das er immee ungfert vor 3 wruchen, habe helffen zu alle
1241 2733 2281 2971 merdingen bendicht Balfingers srycher öffnen 3 käsen, etliche
1230 2776 1930 2973 rürk 2 synin umbhang, daruf nemmen und das
1234 2816 2309 3063 theil der kleideren verkaufft. So hat er darhen ganz nit bekentlich
1943 2918 2292 3029 vnd sich freuwein
1236 2900 1802 3057 worden, der im auch sölliches erhalten.
1239 2867 2291 3109 sein wellen, bis das im der gemelte Hofer underaugen gschelt
1864 3030 2275 3158 Wrswngen er den
