1127 2275
28 26 1089 372 esenden zudetindi
38 137 1094 434 er Soscher gebrochen, vnd zabint daruß
33 252 1073 496 gofen tuch, vnd etwas garns genomen,
34 295 1068 562 er aber habe Innen ußerthalbgewartet
21 373 1097 638 Vndhernach seinen theyl auuch daruon bekommen
35 462 1044 692 vnsten seye nit wenig, dann das er von
33 536 1078 770 Imes Jugendt an, allzeith zugroffen, bald
28 642 1056 842 I bald Brodt Käß, Würst, Schergen
34 707 1076 931 fleisch angken und andere asige spyten,
38 794 1050 993 sul mahlen nemmen helffen und selbst
35 867 1068 1072 genomen, das Ime die Zahl zu erzehlen, veit
44 949 1076 1131 e örther zenamßem unmüglich seye.
38 1176 1014 1290 diser ist den 11. julii 1640 mit dang vorgedachten
722 1245 1022 1314 ingerichtet.
41 1252 756 1339 micht Wältin mit dem strengen
38 1325 214 1403 worden.
41 1472 1011 1588 Margroth Kyburh von Endtuelch deß gesagt
44 1551 1033 1646 Nrlauf Müllers Corwys. ist ebenmeßig wie deß
45 1634 1022 1718 vorgedachten wältins frauw, mit dem oydt von ir g
40 1668 974 1774 statt und landt ewisenn wordene p 13. julii
43 1730 157 1810 1640.
532 1793 670 1884 15 por
438 1943 897 2077 Ie Mirtode eren
306 2040 896 2133 sr ee
273 2102 909 2205 d vd
549 2202 652 2263 4g
