2448 3264
37 707 160 798 klein
219 132 1125 365 Abermahlen daselbsten zu Edignouw einer
236 205 768 369 wnderen lechten gestaln
200 347 1163 555 em Lueerner gepiet habe er 2 laßen undt ein
216 408 816 573 stiffell mit anckl genommen.
205 569 1164 772 Item einen bauren zu vilbringen habe er mit hiff
220 666 1149 807 eieß genandt Caspare seye nit eingar langen
202 722 1156 869 perssohn, habe ein schartz bartli ein ladergeller undt
217 806 1145 939 ein rothe buchscheide, seye ein kramer undt zuheen
205 868 1169 1004 landt herumb den seiten späck undt 5rock nemmen
210 947 1127 1069 helffen, welches sy in daß Gali getragen undt
209 1028 1148 1128 der frauwen alda sy ungug gehabt den eint
221 1090 1151 1199 rock darvon gebent, den einth aber habe er behalten,
221 1147 1155 1279 undt einer ihme unbekhandten wybs persohn umb
227 1228 1125 1343 o bazen verkaufft. Den Gpack habnit sy
211 1312 378 1406 genoßen.
209 1373 1161 1516 Herners  zu Meri ein pfannen undt ein kübli voll
210 1468 529 1558 ancken gestoll.
372 1569 1074 1659 Nach volgende artickell habe er schon
408 1626 1021 1738 allereit zu Thun bekhendt.
202 1733 1104 1860 Alß daß er daßelbsten zum oberherren 5 t ge
203 1811 494 1903 nomen habe.
192 1882 1135 2009 undt hrn sculdtheyßen von Erlachs kuger 2 b
202 1970 946 2071 s ihme aber widerumb abgelagt worden.
165 2057 1128 2183 Damethin habe er mit hilff eißin seiner gspanen
196 2129 1093 2277 zu undersewen thuch uff dem marit genomen
196 2214 772 2321 uß welchem sy sich kleiden laßen
175 2298 835 2414 Ibem abenthalb Brienen un kößtli
177 2364 1120 2531 Im Eggi wyl habe er auch ein halben bäß gnommen.
163 2482 1124 2645 e ist daß erst mahl mit dem kleinsten
182 2558 1108 2720 tein, daß ander mit dem größeren daß drit mahl
177 2617 1072 2742 mit dem nachgroßen undt daß vierdte mahl
188 2669 1062 2808 mit allen viersteinen einßmahlß uffJogen
178 2741 1040 2877 worten, undt hat doch nit mehr bekhennen
172 2797 1077 2917 wellen, sonderlich aber will er khemeß wege
173 2847 1063 3006 bekhennen, daß er den albrecht wchmid von
183 2905 1003 3046 Muri habe uff dem stalden schlachen gelffen.
1517 157 2193 360 sas esbe
1548 328 1740 458 genelht.
1299 380 2312 645 Dißer ist auch uff muttmaßung, daß er über dar
1330 465 2249 676 ervor bekhandte debstäl noch vil mehr undt
1329 534 2290 740 andere boßestuck werde begangen haben, uff
1336 618 2313 802 glychem tag durch obgenandth meynen hohgeerten
1323 692 2323 868 herren spaachßherren hirzen zu Martzili pein
1337 760 2295 942 sich exammiert worden, hat aber uber disere
1316 861 2270 1009 zwen puntten mehrers nit bekhennen wollen,
1316 957 2241 1099 Alß daß er zu Waberen uß einem kaller mit
1329 1028 2286 1189 huff deß kleinen Casperß so zwilchig hoßen
1334 1143 2231 1254 undt ein willigen rok trage) brott genommen
1332 1237 1407 1306 habe.
1322 1285 2287 1394 undt an einem anderen ihme unbekhandten ohrt
1336 1370 1617 1443 widrumb brott.
1318 1468 2188 1609 Seyne gespanen seyendt auch mit hin gsin
1319 1606 2234 1741 der Mari Hanß so vey zu Muleren uffen
1310 1672 1667 1783 Lenghlerg dene.
1316 1779 2344 1950 undt Ufl, ein schwarzer gsell nit gart lang und
1316 1862 2309 2043 habe seyne strumpff auch von den hoßen abgeschniten.
1293 1984 2231 2216 Ist daß erstmahl mit dem kleinen steyn undt
1300 2141 1433 2222 worden.
1300 2078 2199 2288 daß ander mahl mit dem nachgehnden uffzogen
1294 2202 2259 2365 disebeide Christann sighrib und Hanß Hoffer
1327 2266 2255 2446 ündt mit ruten ußgestrichene und mit dem
1298 2321 2259 2496 Eydt von ir gd statt und landt verwisen worden.
1305 2368 2045 2526 Den 25. februar januarii 1639
1286 2429 2108 2635 Anna Schwytzer von Eudtnehre.
1302 2517 2284 2709 Ist uff argwohn eingezogen und derrüber ires läb
1317 2571 2304 2778 wäsens halbenn befragt worden. Weil sy aber usterth
1315 2621 2278 2824 einem unehrlichenn kint, welches sy inn irem hey
1305 2661 2257 2862 meterzeüget, vnd darumb zu Lantzburg abgebußt,
1322 2700 2285 2917 üzit weiters bekennen wellen, sonders gsprochen nach
1304 2761 2311 2991 Langnau zu Isaee Horn irem Leman mit dem
1303 2795 2292 3047 sy erst am montag zuuor hochzeith gehalten, zereisen,
1319 2841 2241 3068 endehrlich mit demselbenn huszehaltenn, ist sy mit
1298 2937 1596 3061 danui 185.
1315 2908 2235 3130 einer guten consar ledig gelaßen worden den 28.
2272 49 2339 137 6
