1216 2594
944 58 978 118 16
37 -14 1045 271 daryn sy bewilliget, zu Innen seyen noch
40 98 1014 339 in anderen starckheu gselln, den sy zuuor
42 186 1072 408 nir vnndt noch gesechen habe, geschlagenn,
42 264 1084 523 sehen also by den miteinanderen daruon
31 336 1100 606 gezogen, alß sy nn gan Niderdossen kommen,
26 431 1088 667 habent des beide maußpersohnen sy heise
36 503 1098 743 eketliche haltzer (so in der gaßen gelegen
50 605 1088 814 sitzen, vnd Ihnen daßelbsten warten,
34 695 1042 922 sy die manen abersgen hinzweschen In
38 790 1090 992 eines Bauren huß gangen, vnd sollen (wie
31 866 1002 1081 sy hernach von dem bauren berichtet
40 933 1077 1144 worden) ein schafftlin uffgethan, etliche
29 1029 1063 1207 Borer, vnd dergleichen handtwerek zeug
18 1130 1073 1310 daruß genomen haben, welches doch hernach
54 1225 1074 1371 dis bauren widerumb gefunden, die andren
56 1275 1100 1431 aber darob viagt, entluffen, Vnd Sy hier
63 1371 1075 1524 über gfencklich angenomen, vnd alhar ge¬
60 1490 414 1596 führt worden.
59 1639 1073 1742 Disere ist mit rutenn ußgeschmeitzt und her-
77 1721 1085 1784 nach mit dem eydt von ir g statt und landt
88 1751 1075 1853 verwisenn wordenn, Den 7. octobris a 1640.
60 1852 1037 1980 Bendicht Vantzenriedt, der alte Amann uff
486 1949 1076 2032 Nach dem derselbe vor etwas tag
72 1964 342 2032 dem Mutzliberg,
81 1973 1088 2085 zu Jetzgkhofen, ein pfardt genommen und sölliches hinüber an
81 2042 1097 2122 den Bieler sor gan Twan gefürt daselbsten uff dem
91 2091 1105 2155 berg inn ein weidt vedinget und hernach widrumb abgeten
86 2151 1113 2222 halt, sölliches an an, wo er könte zuuerkauffen, Ist er daruff
88 2182 1112 2266 zu Rydeuw ergriffen, der diebsthal imme ab und er gfengcklich
91 2224 1097 2314 angenommen, mit der marter examiniert, und wyl er nüt
96 2273 1094 2381 bekannen wollenn, alhar gefürt worden. by wellicher pier zu
86 2345 1092 2431 Sydaun gethanen bekantnus er gleichfals verbliben, deßwegen
775 2382 823 2423 inn
88 2399 1093 2497 dann nicht  vff ein gute Consar hin, der gfangenschafft
102 2423 732 2528 erlaßen habenn d. 23. Octob. 1610.
