1184 3264
171 106 1168 237 Hanß Tyremwechter und ine beide Tewyber aber
186 156 1177 283 groffenn, gfengeblich alhar gefürt und volgents uß hochgen
185 217 1188 335 eyner g h und oberen beuelch, zinstags den 5. decer
182 255 1188 390 durch hr Gabrieb von Wettenwyl deß kleinen sr phill
173 313 1176 430 Kilchberger, deß großenn rahts und hr grostweibel uon
170 363 1175 454 Büren gantz ernsthafft und mit betröüwung der marter
180 408 1182 506 ein jedes innsonderheit hierumb befragt und ern miner
170 459 1188 555 worden. Die habenn nun bekent und verzächenn wie voll
179 499 546 591 get, Erstlichen
147 558 1163 673 Barbara Jordi Votter Vielandts eheliche
179 647 1162 724 hußfrauw, Es seye nit weniger dann das gedachter zu
164 690 1167 771 eheman, aller erstlichenn, deß garns inn acht genommen,
175 736 1166 827 und hab sölliches dem obgemeltenn Hansen Tyrenwechte
171 793 1155 873 angezeigt, imme daby auch angemütet, er sölle mit im
158 852 1159 925 dahin gahn sy wollen etwas darvon hinwegg nemmen, sy
178 891 1156 989 venwechter aber hab im sölliches erstlichen abgeschlagen,
175 951 1168 1037 und daby anzeigt, wie sy lychtlichenn hierdurch in grnst
171 993 1175 1080 unglück gerahtenn möchten, sy die beide wyber haben hun
154 1046 1162 1130 irem shomen dis auch starck widerrachten und einstendigge
166 1090 1163 1169 bertann, es sölle sich deßenn überhebenen, darby es domalen
173 1161 1159 1235 auch verblibenn. Inn etwas tagen hernach seye iu man
161 1196 1147 1285 der bemelte vattar Wielandt widerumb an iren hußman
146 1247 1147 1320 den gesagt ein eyrenwachter gewachsten. und sonil mit
144 1301 1160 1370 imme geratt, das er auch darynn bewilliget, seyen, also mit
171 1352 1171 1412 einanderen darnon gezogen vnd habenn den diebstal bruhe
165 1390 1157 1460 hernach denselbigen getheilt, da sich einem Jeden vngfert by den
163 1438 1163 1518 22 pfurden gezogenn, welches sy irem man nach cryber
161 1485 1156 1554 tragenn und daselbstenn vertauffen holffenen, sunsten habe er
167 1531 1147 1590 iben. Ires wüßens niemalen nichts genommen oder heimb
149 1579 1161 1669 den das hus gebracht, es were villichter dises auch nit beschidt
148 1636 1156 1688 wo inne nit syne geltschulden und dise arme teiner
158 1684 1160 1762 zeith darzu vernesachet hate, pette hiemit den lieben gott
165 1721 1164 1808 und ein fromme hochwyse oberkeit umb gnad und verheichung
145 1820 1165 1939 Chrischen wäber Hanß Tyrenwechters ehlicht
157 1917 1160 1986 hußfrauw, hat bekent, das des erstenmahls alls gesagte
146 1972 1136 2024 Peter Wyelandt Irem Huswirth von disem garn vnndt
144 2022 1152 2098 wie liechtlich sy darzukommen möchten andütung gethan
142 2060 1145 2138 er alls zugleich die beide wyber imme söliches
144 2104 1167 2213 desselben mahls sonil abgewerth, das einmal nützi
137 2164 1158 2273 daruß worden, Heenach aber sye er wider an gesagt,
134 2220 1136 2344 Iren Eheman gewachenn, Vndt habe Ime sein noth in
130 2283 1150 2391 deren er schulden halben dismahlenn stecke unndt das
135 2329 1146 2444 er nothwendig gelt haben müsse, erzelt undt darb
126 2382 1150 2508 vermeldet im fahl er dyrenwechter ir eheman, fuch
114 2450 1144 2563 zu disem anschlag nit sehelffenn welle undt er
129 2491 1159 2654 gleichwol etwas daruon bringen werde, wie er de
134 2584 1139 2699 soliches eigendtlich verhoffe, werde es fue denmahle
122 2630 1119 2752 grüwen, es habe zwar erstlichen er man darzu
118 2691 1135 2809 nit verstechenn wollen, sy die beide twyber haben
97 2765 1136 2874 Inen auch soliches mit ernst gewerth unnd aber
110 2811 1148 2937 by inen nit süil erhalten mögen, dan das sy leid
117 2876 1147 3003 mit einanderen hingezogen, den diebstal verricht
