1156 2881
1019 88 1090 149 81.
29 137 1066 266 jhra erstlich ein mansshemli abgeforderet
33 194 1026 317 und wyl sy eben domahlen kheinss umb denn
30 263 1037 370 weg hate, sonderen etliche uff dem esterich
34 333 1059 460 hiengen, sye sy hinuff geloffen und habe eins
17 402 1044 550 geholt, jm hinunder gehen seyen gar unseglich
17 476 1017 606 vil katzen von allerley farben (derenn
18 542 1011 684 sy doch zuouor kheine gesechen) mit einem
16 634 1002 753 erschrockenlichen geschrey vor ihra die stägen
13 712 1016 822 hinab geloffen, under anderem habe sy auch
22 766 1007 899 wahrgenommen, das eine von disen katzen
21 842 1047 976 jnn denn offenwinckell gesprungen, deren
22 932 1049 1051 sy nachgangen, es seye aber so wol dieselbe alss
27 991 980 1113 auch die anderen samptlich vor jhrenn
26 1074 976 1190 augen verschwunden, uff welches müesse sy
22 1145 995 1263 gezeügin jhra noch zwey linlachenn uss
34 1227 1050 1340 einem trog herfür geben und alss sy darinnen
28 1292 1020 1408 ein mit silber beschlagnen bstecki messer
31 1353 1010 1477 erblickt, habindt sy jhra dieselbigen auch
28 1427 1035 1551 abgeforderet, mit vermelden sy seyen gar guot
25 1498 1033 1615 zuo jhrem vorhalten, die habe sy jhnnen auch
30 1575 1002 1696 zuogestelt, gleich daruff ch heüschindt
45 1640 1048 1749 sy ihra der gezeügin auch gelt da gebe sy
30 1707 1024 1840 ihnen in goldt und silbersorten 56 kronen die
25 1797 1003 1913 habint sy in 8 fatzenetlin (so sy gezeügin
31 1875 1018 1987 ihnen ebnermassen darzuo geben) ingebunden,
28 1936 993 2055 hernach habindt sy die lynlachen uff denn
27 2008 967 2125 boden gespreitet und die 8 fatzenetlin
26 2080 1084 2194 vollen gelt jetweder in einen eggen uff die beide
18 2156 1011 2278 lynlachen geworffen, hernach sye der man
23 2236 1083 2350 hinder sich zuo jedem theil gangen und habe also
24 2303 1016 2410 das gelt rücklingen in jeden eggen eingewicklet,
25 2372 958 2485 uff welches forderen sy ihra der gezeügin
24 2438 1019 2569 schwartz thuoch ob mit vermelden er müesse
19 2516 961 2641 in der nacht selbiges uff einen krützweg
34 2599 1019 2708 spreiten, jtem er müesse auch ein dägen und
23 2669 1040 2789 ein schwartz fürthuoch haben, dan in der nacht
