1184 3259
202 83 1165 342 Sy welte mit dem selbigen gäldt etliche
210 181 1159 374 käsen kauffen, jren grämppel dar¬
204 253 1162 433 mit tryben und verhoffentlich nit nur
223 325 1132 467 den zinss von bemeltem gäldt
204 380 1118 546 sonderen auch das hauoptguott selbsten
197 441 1129 605 wo sy nuor ein zimlich termin darzu
202 524 1157 690 erlangen möchte, widerumb zuerlegen
213 589 1145 729 hiemit disse versezte unnütze sachen
200 643 1125 778 alles under dem schein, alss wann
209 724 1148 865 es schönne goldts stuockh weren
194 787 1157 917 an sich zelösen und noch darzuo ein
202 848 1154 969 feinen gewinn und vortheyl zuoer¬
210 913 1123 1027 halten, denn sy hernach mit jra
198 981 1130 1074 der gefangnen theillen welte,
198 1038 1126 1157 allein seye von nöthen, das sy zuo dem
203 1108 1128 1196 truoggli under dem nammen einer
189 1175 1147 1291 gewüssen juongen frauwen, welche nit
193 1242 1135 1344 haben welle, das jr man solches jn
194 1298 1084 1411 erfahruong brächte, villweniger
176 1374 1145 1482 dass dasselbig geöffnet werde, ein
179 1434 1128 1543 handtg'schrifft lege, welche vermöge,
178 1487 1112 1601 dass wass hieruff entlehnt werde,
178 1556 1106 1646 dass sy sölches ordenlich wideruomb
183 1620 1101 1737 bezahlen welle und hierzu eine so
173 1678 1133 1796 Madlena Fellenberg heissen sölle er¬
187 1737 1120 1847 namsset, nachdem sy beide nuon
175 1805 1105 1912 dissen anschlag erzelter massenn
175 1867 1115 1986 beschlossen, seye die gefangne zu mr.
178 1925 1099 2035 Hr.s Uolerich Peyr abents des gürtlers
179 2004 1127 2097 hussfrauowen jren nachpürin gangen
182 2046 1128 2154 habe derselben angezeigt, es habe jra
168 2106 1126 2200 die obgenante juonge frauow, jnn
154 2163 1125 2266 disem trügglin etliche goldtstuckh, so
163 2228 1095 2351 by den 22 kronen werth seyen jrem
169 2278 1123 2406 man hinderrucks zuogestelt und sy ge¬
170 2335 1115 2463 petten, sy sölle dasselbige etwen by
159 2395 1122 2532 vertrauowten personen ordenlich verpüt¬
155 2455 1125 2596 schieren und noch under jrem nammen
157 2508 1118 2683 ein handtgschrifft darzu schreiben lassen
135 2605 1114 2751 dass wass daruff entlehnt werde, das
152 2662 1099 2824 sölches jnnert gewüsser zeith sampt
128 2718 1106 2876 dem zinss bezallen welle, bette also
147 2810 1112 2967 sy die gürttlerin alss jre nachpürin
149 2885 1083 3020 welle jra hierinen souoil dienen
892 2930 1035 3010 dass
