2448 3264
93 110 622 239 Vns Egger von Leitung u
122 190 728 322 Ulrich Tschannen von Karpelen
133 252 732 374 Ulrich Hünig von Ursebach
131 309 533 394 Ursula Roggenbach
124 347 659 464 Erena Sren von Schintznacht
113 410 374 503 Ulrich Marti
462 984 552 1064 N
107 1039 537 1149 Withelin Mutze
103 1118 445 1205 Willhelm Lyser.
101 1193 466 1268 Weerli Mabila.
433 1868 490 1973 3
721 363 783 417 16
720 432 763 475 0
700 475 776 547 de.
896 1113 1009 1204 12.
898 1219 974 1280 1
939 240 1136 335 238.51
945 308 1012 370 3.
1355 79 2305 345 Uarbara Bruggian von Nider
1682 252 1780 312 öütz.
1291 198 2297 449 Ist juegen begangnen vierten fälers zun hurey und
1307 251 2328 489 ehebruch mit rutene außgeschmeitzt und mit dem eybt
1300 313 2279 527 von ir g statt und landt verwisenn worden, den
1289 425 1788 579 egt 00 e
1251 463 2290 717 Madlena Shallenbergerin Hans
1344 576 2093 760 Schwyngrubers ehrliche hußfrauw
1244 669 2338 867 Itwegenn daß sy den 21. Nouembris, verschinenen
1303 731 2298 889 1636 jarr jeen sohn irem leman zutauffene
1303 769 2349 939 aßenn, nun aber vor einem ehrwirdigen chorgricht
1292 810 2340 984 alhie bekantlich worden und mit einer glübt an eidts
1306 875 2323 1037 tatt bestettiget, das derselbe nit Ires Eemans, son
1295 922 2324 1079 dars eines anderen so Ulrich Schwyngruber heiste, syr
1297 984 2341 1118 iostundtlang an das halstysenn gesteltt worden. Den
1280 1084 1649 1181 octobris 1653.
1411 1305 2239 1426 Criltina zum otem von
1581 1393 1839 1510 Beientz
1261 1572 2176 1692 Visereit wege begangnen dritten fahlers
1266 1649 2269 1775 in fhuren unndt ehebruch mit ritten usage-
1280 1720 2286 1835 gneiht unndt mit den erdt von ihr gnade
1244 1795 2266 1931 Statt vnndt handt verwißen worden vff
1230 1876 1841 1979 Den 18. octobris eb
1306 2043 2119 2169 Nichaus Müller von Attiswyl
1312 2108 2085 2209 Andtras und uns Egger gebruder vonn
1323 2160 2117 2277 Teittingenn solothurner gebiets und Bar-
1327 2211 2089 2327 Bara Toggwyler Heinrich Pflugeisens
1325 2262 2087 2373 von Roggwyl us dem ampt ahrwangenn
1588 2323 1725 2383 hewyb.
1247 2358 2283 2551 Nach dem disere obgemeltenn personen uff Samstag den
1245 2428 2248 2598 20. octobris e638 ann einem holtz by hindalwanck
1252 2476 2303 2647 da sy ey einem feiner an der stras geseßenn, gfencklich an
1247 2513 2253 2695 genommene und volgents alhar znn myner g hz und
1236 2561 2283 2737 oberenn gfangenschafft gebracht, sindt sy darauff uß in
1241 2601 2309 2813 sbeuelch uff montag den 29. ermelten monats, inn beywe-
1235 2657 2310 2859 senn zur und anhärenn, der wolgeachten frenuesten frommen,
1239 2695 2273 2903 fürsichtigen und wysenn herrenn Jacob Grusers deß
1242 2741 2313 2969 kleinen, daniel gatschets und hr. grrstmeibels von Büren
1232 2805 2327 3012 deß greßenn rechts ires thun und laßenes halbenn und ero
1234 2844 2313 3068 rumb sy dergstaltenn inn den höltzeren und an den straßen
1238 2884 2289 3109 seiner angemacht und sich darbey uffgehaltenen habint, im
1233 2998 1447 3072 absonderlich
1236 2933 2279 3161 Thurn zu Marzili examiniert und befragt wordenen
2312 22 2366 79 1.
