2448 3264
72 2001 157 2058 reue.
76 2058 122 2099 oot
219 158 1208 418 Mderiae Trebes eberetns der lube ei
224 219 1185 441 und oberen holtz ehrliche hußfrauw, ist auch von der gleicdl
218 255 1196 489 unzügswegenn, gleich wie schon hievor den 26. ab 188
214 323 1200 531 widerumb gfengeklich abhar gebracht und doch uff ire en
234 365 1201 567 schuldigung hin, das sy an einem aborth zhus und ir man
225 426 1209 621 gantzlai sye, dahar sy wol etliche mal uß forcht etwas bi
215 473 1215 668 verwerten, dgleichen gsindt beherrbergen muse, habe dochait
211 508 1210 718 iren diebstälenn kein gemeinschafft, uff ein gute censunt
227 570 1199 750 end das sy inn das künfftige, sölliches underlaßen und dal
218 621 1201 802 argwönigen leüten weder gort noch platz gebenn söll
211 655 1192 840 abermalenn ledig gelaßenn worden, Den 29. aprillis
205 710 449 793 Anno 1689
190 886 1167 1051 Vetter Tschantz sunst Omuri Vetterli
598 997 752 1057 genamet.
212 1037 1178 1206 Nach dem gegenwertiger) vetter Eschantz pürtig
209 1111 1182 1245 dießbach sunst der Muri vetterli genampt, etwas meh
209 1155 1169 1290 dann vor zweyen zarenn, umb das er by dem letstalhe
214 1207 1169 1317 hingerichtenn Hans Hafer, welcher zu Burgdorff einer
214 1256 1195 1371 gewüßtenn mans persohn, einen seckel mit gelt entfrömbden
220 1297 1184 1423 so Im aber widerumb abgenommen worden, sich aufenrthu
202 1353 1184 1476 n sich also dem müßiggang und bättel hiemit gentzliche
211 1403 1175 1497 ergebenn, gfengeblichenn alhar gebracht, inn das schallen
190 1437 1184 1556 werck geschmidet und ein gute zushlang darrinnen enthaltn
179 1501 1186 1611 worden, der meinung es wurde imme dise vätterliche züch
200 1531 1176 1632 tigung dergstaltenn zur bißerung dienen laßenn, das er
197 1590 1178 1695 als ein noch gar jung knab sein lebwesenn enderen und
202 1655 1176 1737 einem ehrlichenn meister dienen wurde, So hat es
195 1710 1183 1783 doch an imme nit dergstaltenn gefrüchtet, dann das er in
206 1738 1192 1828 einem angefangnen bösenn lebenn immerzu fort gefaren
193 1797 1171 1868 ehrlichenn lütenn das seige nimmen und also nit vil anders
191 1846 1168 1903 als böses stifftann holffann, dorwegen er dann an dem
193 1890 1154 1957 letstabgewichnen meyenmarckt zu Thun gfangeklich
194 1939 1167 2021 eingezogene, by den acht tagenn lang also anthalten und
199 1992 1151 2069 entlichenn wegenn seiner gugent und das er mit dem
183 2041 1151 2106 erbgrindt behafftet, uff ein gute consur und darrüber
193 2077 1164 2160 ehoffende beßerung hin, widerumb ledig gelaßen worde
181 2138 1153 2195 welches aber an imme ebenn so wenig, als die vorgende
191 2177 1161 2250 üchtigung perfangenen, dann so baldt er darrüber alhe
159 2218 1143 2305 Inn die statt kommen, hat er an einem zinstag an der
176 2272 1168 2348 anckenn wag, einer gwüßenn jungen mans persohn eine
181 2314 1161 2391 seckel mit gelt ußt den hosenn genttmn, darob er aber er
172 2360 1167 2451 griffenn und mynen g5 ß und oberen gfengeklichen
175 2403 1159 2501 zugebracht worden, welche dann benölchenn, das er hierru
165 2439 1144 2543 ber mit zimlicher und doch nothwendiger marter solle
178 2491 1144 2570 befengt und examiniert werden, daß ist nun uff frytag
165 2532 1140 2623 Den 24. dis monats beschechenen, Also hat er inn byß
166 2571 1142 2692 und geganwürtigkeit der fermuesten frommen, fürnemmen
169 2608 1120 2719 fürsichtigen und wysenn herren Ulrichen Bitzi deß
171 2659 1131 2755 kleinen zdauidt müllers, dest grosen rehts sdanid von
166 2687 1156 2799 bürent großweibels und anderer myner g sr und ot
169 2738 1138 2848 Dieneren der weiblen mehr, alhie zu Marzili mit und
165 2790 1009 2905 ohne marter bekent und erhaltene wie volget
138 2834 1149 2949 erchtlichen habe er mit hilff des hieaben angezognen und bet
222 2876 1152 2992 igerichten Hans Hafers, den man sünsten schläppi gehähtn
172 2939 1111 3032 und der inne zu disem lebenn angewisene habe ver
174 2957 1144 3083 ehr er inn das schallenwerck kommen für zu Rychingen
138 3083 775 3182 Heinesi so sich früdli unaise und dann
1187 2524 1215 2563 2
1187 2613 1228 2680 13
1301 231 2349 474 helben kübes vol gesätnen anekenen, genommen, das habnet sy
1307 285 2352 520 an mosttragenn und umb 2 l verkaufft, daruon imme
1297 438 1702 576 en enden
1287 381 2332 645 daniethin so seye er darby gewesenn als gesagter Hofer
1316 463 2303 668 ner gwüßenn mans persohn zu Burgdorff, den farkelt
1287 496 2363 736 genoommen, darrüber sy aber beidt erwütsiht und er daruff
1285 582 2091 775 hin alhar inn das thallenwerck gefürt worden.
1287 659 2366 830 ungferdt vor einem jar habe er uff dem kurtzenburg ab einer
1286 705 2346 880 stangen ein hembdt und ein par hosenn, so er hernach angelegt
1283 806 1815 927 und getragenn, Hanregg genommen.
1294 844 2341 987 tem zu Schorren ob thun us einer stuben ein mun par
1291 921 1846 1037 schuch, so er angelegt, entfrömbdet
1281 962 2349 1097 zu Könntingen habe er mit hilff deß obanzognen hofers und
1269 1039 2277 1147 Pridlis nachts us einem puren hust ein syten schwynin
1277 1078 2353 1199 pfeisch und ein steckenn mit würst nemmen helffen, welches
1278 1138 2348 1249 sy hernach einem gwüsten körber, so by den weyeren aller-
1286 1184 2109 1281 jecht by Ansoltingen wohne, umb 2 l verkaufft,
1285 1265 2342 1351 So habe er mit hilff einest gesellen, den man den napftelli
1285 1339 2278 1408 aise by der glütsch 2 käsen nommen helffen, die sy auch
1268 1374 2062 1453 dem erstgedachtin karber umb 11f verkanfft.
1262 1439 2335 1562 Gleichergestalten habe er mit obiger hilff anethalb Lieracheren
1274 1500 2290 1592 ust einem huß heiters tags 20 allen wulbin tuch nemmenn
1271 1540 2283 1653 helffen, welches sy auch dem eben zotgenampten karber e
1268 1581 1458 1662 kaufft habent
1283 1660 2321 1790 Nit hilff deß hieobenouch angezognen Fridlins und eines
1262 1700 2300 1833 jingen frömbden gesellen, so sich Müheli mamse und der
1275 1747 2266 1889 sich mit deß Luterbach krämers dochter behrlichet habe.
1252 1789 2329 1941 dißmalen mit derselben und einem kram im landt umb
1260 1831 2339 1983 herzieche sich vast uff allen mürete sowol alhiemals anderst
1243 1883 2316 2041 dro im landt finden laße, habe er zu Belpp uß einem hus
1259 1929 2320 2098 2. Giebenn nemmenn helffen, welche michelis frauw bei
1260 1968 1969 2090 haltenn und jedem 3. bz herus gebern,
1263 2047 2271 2233 deßelbenn gleichen uff dem Balprberg, habent sy ab einer
1252 2136 1462 2205 entfroudet.
1258 2095 2301 2309 schangen, 2 krägen und 2 wülline wanesel, so sy angelegt
1249 2174 2312 2434 Eben mit obiger hilff und Marit Schnyders von Wttendorff
1261 2245 2287 2472 sunst mitz genamet, habint sy änrth gümmenen tags us
1242 2324 1404 2398 genommen,
1263 2299 2289 2547 iner stuben in leibbroth und ust einem par hosen 8 h
1255 2484 1401 2563 getangen,
1248 2376 2297 2648 Abermahen mit hilff gesagten mitzen, habe er zu Biel
1246 2448 2306 2718 einem krämer 2 berith hüt, nanmen helffen, die habent sy
1246 2582 1365 2652 mester,
1233 2517 2230 2816 enn en
1247 2627 2298 2963 vnr eeen
1249 2680 2227 2951 fendlins, sye er nachts by der bensenbrung he eee
1241 2806 1436 2896 nenmen halfen
1244 2715 2276 3008 Keller den feüdli mit einem faltschen schlüstel geoffnet
1239 2776 2272 3078 gangen und habe 6 leibenbrach und heren kisen darus
1241 2956 1429 3046 s�i wngn
1251 2846 2241 3183 ne
1238 2913 2219 3203 ven
