1161 3061
184 1655 1076 1768 Christoffel Fügelschärer genant
360 1747 787 1851 von Feldtkirch
192 1999 1083 2119 Nachdem vor etwz abgeloffner tagenn ein
170 2077 1070 2198 gwüsser umbschweiffender landtstrycher
137 2149 1089 2267 Tiryax Krämer und meüssfanger mit Christ¬
154 2214 1038 2343 offell Fügellschärer genampt pürtig
160 2286 1084 2412 von Feldtkirch, mit seiner beysich habenden
145 2364 1083 2484 frouwen, zuo Thun in der statt meister
140 2413 1081 2563 Bendicht Engimans eines schuochmacherss
108 2467 1081 2614 (der sich dissmahlen in frantzösischen diensten
100 2567 1047 2712 uffhaltet) ehewyb Fronegck Müller
142 2597 1081 2787 genambt, weliche wyn bey der pindten uss¬
132 2678 1092 2849 geben, dargstaltenn mit glattenn worten bereedt,
116 2718 1094 2897 dass als ob ein grosser schatz von gelt jnn gelt jrem keller
135 2765 1098 2953 vergrabenn lege und das sy durch mitel jrer kunst denselbigen
134 2818 1086 3003 herfür bringenn und sy also jnsgemein dardurch rych
132 2879 1078 3060 machen könten, das sy die bemelte wynschenckin nit user
