1152 2260
186 107 1124 277 fürgehalten, das er gross unrecht gethan
182 211 1115 340 das er diser armen fr. souil gelt ab¬
200 273 1133 417 genommen habe und doch nit eigentlich
190 353 1116 466 wüsse, ob die khunst, welicher er
185 425 1110 536 von gesagtem fahrenden schuoler
195 490 1126 623 erlernet, warhafft, guot oder böss
191 565 1107 686 syge, worüber habe er sich der¬
194 641 1130 776 gstalten über sy erzürnt, das er jhra
196 723 1132 837 gethröüwt, wan sy etwas daruon
194 787 1139 902 werde sagen, so well er sy umbringen,
198 855 1058 989 also das sy jm entlouffen müessen
204 947 1127 1077 glychwol hab er sy umb etwz wenig
198 1028 1099 1147 an der handt verwundt gestalten, das
512 1086 635 1157 selbs
169 1095 1122 1226 sy sich bey jhra entschlossen mit jhrem
143 1168 1104 1297 uffsatz und khind, von jhm hinweg
146 1250 1091 1380 und hinuss über den Schwartzwald
195 1342 1154 1456 in Schwaben zeziechen, syen aber darüber
176 1408 1104 1526 alhier gefencklich yngezogen worden.
219 1494 1096 1612 Disse ist mit ruoten ussgeschmeizt und mit dem
202 1579 1126 1672 eydt von mghn und oberen statt und landt
223 1638 1136 1751 verwisen worden. Den 1. Septembris ao 1640
