1458 3146
981 27 1066 88 52
5 84 1052 456 pdteraoen t
10 175 1081 528 en e
17 367 1060 667 Alldem dieselbige, als ein Junge Vmbschwei¬
25 485 978 729 unde weibs person, mit nach anderen mehr vor
38 520 1080 779 vons verwichner tagen von Gertzenste gefencklich
30 598 1052 842 gelhar gebracht, vnd Volgendts den 27. vndt 30
19 684 1067 893 Wiemonats, uß beuelch myhrn vndt Oberen, durch
24 747 1067 958 Heeren Jacob Gruser, ir 9 geliepten mit raht
22 834 1097 1023 unbschein und gegenwürtigkeit Herren Abraham
38 905 1013 1091 guts, herren Jacob Kummen beid des großen
33 985 1040 1149 achts und herren Großweybell Feerbers
38 1052 1088 1200 zar begangenschafft und labwäsens halben, exami
45 1141 993 1262 nirt und befragt worden, Hat sy darüber
48 1209 1044 1321 volgender maßen geantwortet, es seye nit weniger
46 1266 1097 1380 dann nachden sy vor etwas zeits uß dem schallen
50 1340 1052 1443 werk alhie ledig gelaßen worden, das sy sich daruff
57 1420 1013 1520 zu dem jüngst mit dem strangen hingerichteten
42 1482 1098 1595 Niclaus Müller irem bruder begeben, mit welche
42 1558 963 1655 ein sy etwas wenig zeits im landt umbhart
39 1588 1033 1722 gtzogen, und do derselbige Eestlichenn mit einem
55 1675 1045 1780 seinem gspanen, einem bauren zuo Lißach, dem
55 1737 1084 1844 sy heiters tags in das huß gegangen und by den
53 1780 1098 1906 1 l uß einem trag, den sy uffgebrochen, gestollen,
55 1847 1063 1963 daß sy domahlen vor dem huß die wacht
46 1883 1030 2027 halten sollen, sy habe sich aber darab entsetzt
48 1970 1073 2099 seye von demorth hinweg, biß nach Hettiswyl
44 2042 1105 2167 gegangen, daselbsten sy irem bruder und gespanen
47 2067 1071 2230 gewartet, alß sy nun zu Fra kommen, hab nit sy
49 2156 1029 2280 im von dem gestolnen gäldt by den 25 t fur
50 2203 1085 2361 iren theil zugestelt, welche sy zwar erstlichen uß
52 2264 1104 2417 gschlagen, hernach aber angenomen und dieselbigen
51 2317 1124 2458 In etwas täges darnach ires hingerichteten bruders
55 2361 1104 2528 frauwen, welche groß schwanger geweßen überant
61 2427 1085 2572 wortet, die habe selbiges des Pfisters frauwen
53 2479 1083 2651 dem reyn by der papir Müllin daß Leste
67 2530 1075 2683 bnd gegen dem grauwen holtz, allwo nit nur sy
72 2584 1097 2735 sonderen noch allerley anderß schölmen gsindt vill,
74 2666 1076 2793 mahlen dorten zherberig gewesen, gebehalten geben,
64 2693 1059 2854 und nach ihrer erledigung dorten widerumb hinweg
72 2751 1078 2915 kommen undere diebstähl hab sy gar nit verbringen
68 2805 1030 2958 solffen, der mehre theil sachen aber, so iubeide
64 2883 1143 3034 ingerichtete brüeder, hin und har im landt entfrömk
73 2926 1128 3077 et habindt sy Wilhelm Liser einem potten, welcher
65 2986 1109 3110 sich drüßen zu Brunnaderen ufhaltet und der
