<?xml version="1.0" encoding="UTF-8" standalone="yes"?>
<PcGts xmlns="http://schema.primaresearch.org/PAGE/gts/pagecontent/2013-07-15" xmlns:xsi="http://www.w3.org/2001/XMLSchema-instance" xsi:schemaLocation="http://schema.primaresearch.org/PAGE/gts/pagecontent/2013-07-15 http://schema.primaresearch.org/PAGE/gts/pagecontent/2013-07-15/pagecontent.xsd">
    <Metadata>
        <Creator>prov=University of Rostock/Institute of Mathematics/CITlab|PLANET AI GmbH/Gundram Leifert/gundram.leifert@planet-ai.de:name=German_Kurrent_XVI-XVIII_M1(htr_id=19584)::::v=2.6.7
prov=University of Rostock/Institute of Mathematics/CITlab|PLANET AI GmbH/Tobias Gruening/tobias.gruening@planet-ai.de:name=de.uros.citlab.module.baseline2polygon.B2PSeamMultiOriented:v=2.6.7
prov=University of Rostock/Institute of Mathematics/CITlab|PLANET AI GmbH/Tobias Gruening/tobias.gruening@planet-ai.de:name=/net_tf/LA73_249_0mod360.pb:de.uros.citlab.segmentation.CITlab_LA_ML:v=2.6.7
Transkribus</Creator>
        <Created>2020-10-05T21:58:26.458+02:00</Created>
        <LastChange>2022-09-09T15:47:46.683+02:00</LastChange>
        <TranskribusMetadata docId="1334821" pageId="52360726" pageNr="149" tsid="114642494" status="IN_PROGRESS" userId="9570" imgUrl="https://files.transkribus.eu/Get?id=HFKZSZOQLVGQVXQOGNYCYNIR&amp;fileType=view" xmlUrl="https://files.transkribus.eu/Get?id=LRRYGIAJBMHIZSUYCJLWTHRM" imageId="16091886"/>
    </Metadata>
    <Page imageFilename="IMG_9162.jpg" imageWidth="1209" imageHeight="3046">
        <ReadingOrder>
            <OrderedGroup id="ro_1687513770670" caption="Regions reading order">
                <RegionRefIndexed index="0" regionRef="r1"/>
                <RegionRefIndexed index="1" regionRef="r2"/>
            </OrderedGroup>
        </ReadingOrder>
        <TextRegion orientation="0.0" id="r1" custom="readingOrder {index:0;}">
            <Coords points="122,196 122,350 168,350 168,196"/>
            <TextLine id="r1l1" custom="readingOrder {index:0;}">
                <Coords points="113,330 126,332 140,340 150,340 159,333 172,334 180,241 173,240 169,243 161,236 149,246 144,245 130,254 119,253"/>
                <Baseline points="122,296 168,300"/>
                <TextEquiv>
                    <Unicode></Unicode>
                </TextEquiv>
            </TextLine>
            <TextEquiv>
                <Unicode></Unicode>
            </TextEquiv>
        </TextRegion>
        <TextRegion orientation="0.0" id="r2" custom="readingOrder {index:1;}">
            <Coords points="141,147 141,2957 1168,2957 1168,147"/>
            <TextLine id="r2l1" custom="readingOrder {index:0;} person {offset:0; length:13;} place {offset:18; length:10;}">
                <Coords points="199,182 892,238 1120,315 1173,293 1180,220 1132,200 933,161 758,180 628,137 586,161 510,94 378,138 318,75 211,56"/>
                <Baseline points="206,181 254,185 302,188 350,191 398,194 446,197 494,199 542,202 590,205 638,208 686,212 734,216 782,220 830,225 878,231 926,237 974,244 1022,252 1070,263 1118,273 1167,285"/>
                <TextEquiv>
                    <Unicode>Maria Puterin von Murßhausen</Unicode>
                </TextEquiv>
            </TextLine>
            <TextLine id="r2l2" custom="readingOrder {index:1;}">
                <Coords points="170,320 698,323 856,343 903,386 1005,359 1148,406 1151,361 1059,304 875,317 821,278 692,292 510,239 393,270 276,191 181,187"/>
                <Baseline points="178,298 226,300 274,302 322,304 371,305 419,307 467,309 515,311 564,313 612,315 660,318 708,321 757,325 805,330 853,334 901,340 950,346 998,354 1046,362 1094,371 1143,382"/>
                <TextEquiv>
                    <Unicode>Naschdem vor etwas abgewichner tagen,</Unicode>
                </TextEquiv>
            </TextLine>
            <TextLine id="r2l3" custom="readingOrder {index:2;}">
                <Coords points="174,395 275,384 334,427 453,384 599,437 650,400 957,412 1015,460 1087,439 1142,471 1173,470 1177,415 1019,362 968,401 907,393 856,343 754,377 611,323 544,358 496,324 390,361 179,320"/>
                <Baseline points="182,373 231,376 280,378 329,380 379,381 428,383 477,384 527,386 576,388 625,390 675,393 724,396 773,399 822,403 872,408 921,413 970,420 1020,428 1069,436 1118,445 1168,457"/>
                <TextEquiv>
                    <Unicode>hienachgemelte zunff man und ein wybspr</Unicode>
                </TextEquiv>
            </TextLine>
            <TextLine id="r2l4" custom="readingOrder {index:3;}">
                <Coords points="184,485 435,465 518,497 573,461 659,526 726,477 1043,501 1161,543 1164,481 1087,439 904,468 776,413 641,406 600,437 452,384 324,441 187,430"/>
                <Baseline points="192,457 240,458 288,460 336,461 384,462 433,463 481,463 529,465 577,466 625,467 674,469 722,471 770,474 818,477 866,481 915,485 963,490 1011,497 1059,503 1107,512 1156,521"/>
                <TextEquiv>
                    <Unicode>son im gricht Affhalteren, der landt¬</Unicode>
                </TextEquiv>
            </TextLine>
            <TextLine id="r2l5" custom="readingOrder {index:4;} place {offset:7; length:12;}">
                <Coords points="201,559 417,552 480,590 588,545 919,558 1120,603 1156,560 1063,521 943,544 724,479 646,530 581,503 471,518 409,476 203,520"/>
                <Baseline points="208,539 255,540 302,541 349,542 396,542 443,543 490,543 537,544 584,545 631,546 678,547 725,549 772,551 819,554 866,557 913,561 960,566 1007,572 1054,579 1101,586 1148,595"/>
                <TextEquiv>
                    <Unicode>nogtey Drachselwald, Als ob dieselben</Unicode>
                </TextEquiv>
            </TextLine>
            <TextLine id="r2l6" custom="readingOrder {index:5;}">
                <Coords points="201,634 354,618 448,661 482,632 624,630 781,680 868,637 1066,697 1164,669 1166,606 1065,624 993,597 941,627 705,569 656,596 307,575 202,604"/>
                <Baseline points="208,622 255,623 303,624 350,624 398,624 445,625 493,625 540,625 588,626 635,627 683,627 730,629 778,630 825,632 873,634 920,637 968,641 1015,645 1063,649 1110,654 1158,661"/>
                <TextEquiv>
                    <Unicode>in der nacht zuuor etlich Impen angriffen</Unicode>
                </TextEquiv>
            </TextLine>
            <TextLine id="r2l7" custom="readingOrder {index:6;}">
                <Coords points="183,720 504,699 604,744 642,710 689,746 829,709 904,746 939,719 1172,743 1166,658 1069,700 845,640 794,682 671,689 534,636 475,664 377,626 186,645"/>
                <Baseline points="190,702 238,702 287,702 336,701 385,701 434,701 482,701 531,701 580,702 629,702 678,703 726,705 775,706 824,708 873,711 922,714 970,718 1019,722 1068,726 1117,731 1166,737"/>
                <TextEquiv>
                    <Unicode>Und nit nur Villgong daruß genommen, und</Unicode>
                </TextEquiv>
            </TextLine>
            <TextLine id="r2l8" custom="readingOrder {index:7;}">
                <Coords points="192,798 633,772 856,821 978,801 1085,862 1174,822 1176,775 1091,731 903,746 854,711 732,765 661,722 592,755 498,721 232,752 195,721"/>
                <Baseline points="199,774 247,774 295,774 344,774 392,774 441,775 489,775 538,776 586,777 635,778 683,779 731,781 780,783 828,785 877,788 925,791 974,795 1022,798 1071,803 1119,808 1168,813"/>
                <TextEquiv>
                    <Unicode>noch vill deßelben hiruestet hetit, sofene¬</Unicode>
                </TextEquiv>
            </TextLine>
            <TextLine id="r2l9" custom="readingOrder {index:8;} place {offset:11; length:12;}">
                <Coords points="197,862 355,903 428,854 535,910 655,853 739,862 785,906 874,873 917,911 1000,871 1165,897 1168,826 1085,861 997,816 838,833 764,792 706,839 484,789 335,829 199,797"/>
                <Baseline points="204,852 251,852 299,851 347,850 395,850 443,849 490,849 538,850 586,850 634,851 682,852 729,854 777,855 825,858 873,861 921,864 968,867 1016,871 1064,876 1112,881 1160,887"/>
                <TextEquiv>
                    <Unicode>klich nach Drachselwald gebracht, weit</Unicode>
                </TextEquiv>
            </TextLine>
            <TextLine id="r2l10" custom="readingOrder {index:9;}">
                <Coords points="197,972 261,940 423,990 491,940 634,984 699,936 864,932 972,993 1037,954 1149,961 1149,917 1109,894 991,921 869,884 768,915 690,878 609,917 454,876 245,920 198,898"/>
                <Baseline points="204,935 253,935 302,934 352,934 401,933 451,933 500,932 549,932 599,932 648,932 698,932 747,933 797,934 846,936 895,938 945,940 994,943 1044,947 1093,951 1143,956"/>
                <TextEquiv>
                    <Unicode>hernach Alhaus gwahrsamlich vberschickt</Unicode>
                </TextEquiv>
            </TextLine>
            <TextLine id="r2l11" custom="readingOrder {index:10;}">
                <Coords points="196,1008 377,1008 451,1070 536,1015 651,1067 756,1008 845,1064 904,1018 964,1064 1026,1026 1152,1043 1152,1000 1027,962 962,997 839,936 770,969 689,943 604,988 489,939 428,991 262,942 196,984"/>
                <Baseline points="202,1011 249,1010 296,1009 343,1008 390,1007 437,1006 484,1006 532,1005 579,1005 626,1005 673,1005 720,1006 767,1007 814,1008 862,1010 909,1012 956,1014 1003,1018 1050,1021 1097,1025 1145,1031"/>
                <TextEquiv>
                    <Unicode>worden: haben Ir Gu hieruff be¬</Unicode>
                </TextEquiv>
            </TextLine>
            <TextLine id="r2l12" custom="readingOrder {index:11;}">
                <Coords points="200,1113 361,1122 465,1084 546,1133 598,1084 946,1095 1053,1103 1125,1151 1154,1053 200,1047"/>
                <Baseline points="206,1093 253,1090 300,1088 347,1086 394,1084 441,1083 488,1082 535,1082 582,1081 629,1082 676,1082 723,1083 770,1084 817,1085 864,1087 911,1089 958,1090 1005,1092 1052,1094 1099,1096 1147,1098"/>
                <TextEquiv>
                    <Unicode>fohlen, das sy hierüber ernst-wortlich</Unicode>
                </TextEquiv>
            </TextLine>
            <TextLine id="r2l13" custom="readingOrder {index:12;}">
                <Coords points="193,1168 1145,1182 1145,1152 1059,1103 992,1129 881,1099 791,1123 581,1106 541,1141 193,1123"/>
                <Baseline points="199,1172 248,1170 297,1169 347,1167 396,1166 446,1165 495,1164 544,1163 594,1162 643,1162 693,1161 742,1161 792,1162 841,1162 890,1163 940,1164 989,1166 1039,1167 1088,1169 1138,1172"/>
                <TextEquiv>
                    <Unicode>sollen Exammert vnd befragt worden</Unicode>
                </TextEquiv>
            </TextLine>
            <TextLine id="r2l14" custom="readingOrder {index:13;}">
                <Coords points="154,1269 278,1287 371,1244 440,1281 505,1236 790,1234 952,1246 1015,1288 1150,1266 1150,1191 801,1170 718,1204 421,1166 303,1222 260,1190 215,1229 154,1208"/>
                <Baseline points="161,1242 210,1240 259,1239 308,1238 357,1236 406,1235 455,1234 505,1233 554,1233 603,1232 652,1232 701,1232 750,1232 799,1233 849,1233 898,1234 947,1236 996,1238 1045,1240 1094,1243 1144,1246"/>
                <TextEquiv>
                    <Unicode>aß ist volgendts auch den letsten tag vor¬</Unicode>
                </TextEquiv>
            </TextLine>
            <TextLine id="r2l15" custom="readingOrder {index:14;}">
                <Coords points="181,1343 376,1362 499,1321 732,1343 777,1315 924,1367 963,1332 1134,1312 1133,1263 1021,1297 871,1241 812,1269 662,1242 464,1259 434,1289 372,1261 260,1307 180,1290"/>
                <Baseline points="186,1328 233,1326 280,1324 327,1322 374,1319 421,1318 468,1316 515,1314 562,1313 609,1311 657,1310 704,1309 751,1308 798,1308 845,1307 892,1307 939,1307 986,1308 1033,1309 1080,1310 1128,1312"/>
                <TextEquiv>
                    <Unicode>schmer Herpstmonats 1640 beschechen, die</Unicode>
                </TextEquiv>
            </TextLine>
            <TextLine id="r2l16" custom="readingOrder {index:15;}">
                <Coords points="181,1450 315,1394 467,1433 671,1386 814,1443 917,1392 1054,1435 1162,1390 1161,1315 1004,1371 954,1342 852,1365 803,1327 746,1353 692,1318 474,1340 391,1381 179,1345"/>
                <Baseline points="186,1402 234,1399 283,1397 331,1395 380,1393 428,1391 477,1389 525,1388 574,1386 622,1385 671,1384 719,1383 768,1383 816,1383 865,1382 913,1382 962,1382 1010,1383 1059,1383 1107,1384 1156,1385"/>
                <TextEquiv>
                    <Unicode>haben nun in bysein und gegenwürtigkeit</Unicode>
                </TextEquiv>
            </TextLine>
            <TextLine id="r2l17" custom="readingOrder {index:16;} person {offset:28; length:7; continued:true;}">
                <Coords points="170,1478 322,1522 420,1469 538,1503 584,1465 651,1500 718,1461 904,1460 1008,1498 1079,1458 1153,1475 1153,1433 989,1438 916,1392 827,1437 503,1407 413,1448 318,1398 169,1451"/>
                <Baseline points="176,1471 224,1470 273,1469 321,1468 370,1466 418,1465 467,1463 515,1462 564,1460 612,1458 661,1456 710,1455 758,1454 807,1453 855,1452 904,1452 952,1452 1001,1452 1049,1453 1098,1455 1147,1457"/>
                <TextEquiv>
                    <Unicode>der ehrennesten etc Herren, Abraham</Unicode>
                </TextEquiv>
            </TextLine>
            <TextLine id="r2l18" custom="readingOrder {index:17;} person {offset:0; length:10; continued:true;} organization {offset:15; length:7;} person {offset:23; length:9;}">
                <Coords points="192,1560 330,1547 425,1584 525,1542 792,1538 859,1576 1000,1531 1078,1568 1130,1552 1129,1480 1016,1505 907,1470 815,1519 709,1474 552,1515 489,1478 413,1502 374,1479 292,1533 236,1488 191,1498"/>
                <Baseline points="199,1550 245,1548 291,1547 337,1545 383,1544 430,1542 476,1541 522,1540 568,1539 614,1538 661,1537 707,1536 753,1535 799,1534 845,1533 892,1533 938,1532 984,1532 1030,1532 1076,1532 1123,1532"/>
                <TextEquiv>
                    <Unicode>von Werths des kleinen Hanß yths</Unicode>
                </TextEquiv>
            </TextLine>
            <TextLine id="r2l19" custom="readingOrder {index:18;} person {offset:18; length:14; continued:true;}">
                <Coords points="212,1647 315,1612 398,1651 485,1611 631,1622 685,1661 795,1606 1098,1616 1113,1576 997,1531 895,1586 718,1547 471,1592 380,1557 211,1580"/>
                <Baseline points="217,1617 261,1616 306,1614 350,1613 395,1611 439,1610 484,1609 528,1608 573,1607 617,1606 662,1606 706,1605 751,1604 795,1604 840,1603 884,1603 929,1603 973,1603 1018,1602 1062,1602 1107,1602"/>
                <TextEquiv>
                    <Unicode>des Jungeren, vnd Hierommes Vonn</Unicode>
                </TextEquiv>
            </TextLine>
            <TextLine id="r2l20" custom="readingOrder {index:19;}">
                <Coords points="179,1637 186,1637 190,1633 202,1643 208,1640 216,1640 212,1583 205,1583 197,1579 193,1583 191,1580 187,1579 184,1583 176,1584"/>
                <Baseline points="185,1619 208,1618"/>
                <TextEquiv>
                    <Unicode></Unicode>
                </TextEquiv>
            </TextLine>
            <TextLine id="r2l21" custom="readingOrder {index:20;} person {offset:0; length:12; continued:true;}">
                <Coords points="178,1718 245,1692 288,1734 353,1681 495,1675 1073,1677 1156,1708 1155,1630 1099,1614 822,1655 772,1617 724,1660 591,1658 486,1612 397,1652 354,1614 272,1651 177,1637"/>
                <Baseline points="183,1689 231,1686 279,1682 327,1679 376,1677 424,1676 472,1675 521,1674 569,1674 617,1674 666,1674 714,1674 762,1674 810,1675 859,1675 907,1675 955,1675 1004,1674 1052,1674 1100,1672 1149,1670"/>
                <TextEquiv>
                    <Unicode>Graffenridts, den Amans Im Raht¬</Unicode>
                </TextEquiv>
            </TextLine>
            <TextLine id="r2l22" custom="readingOrder {index:21;} organization {offset:14; length:12;}">
                <Coords points="186,1779 237,1796 361,1755 507,1801 557,1762 799,1780 859,1751 958,1793 1038,1740 1116,1757 1096,1676 943,1723 764,1682 695,1728 630,1702 557,1727 498,1693 348,1691 288,1734 249,1696 185,1715"/>
                <Baseline points="192,1760 237,1756 283,1753 329,1750 375,1748 421,1747 467,1746 512,1745 558,1744 604,1743 650,1743 696,1743 742,1742 788,1742 833,1742 879,1741 925,1741 971,1740 1017,1739 1063,1737 1109,1735"/>
                <TextEquiv>
                    <Unicode>huß, beid des großen rahts, bekhendt</Unicode>
                </TextEquiv>
            </TextLine>
            <TextLine id="r2l23" custom="readingOrder {index:22;}">
                <Coords points="186,1847 249,1840 339,1886 414,1828 471,1854 555,1815 629,1832 700,1814 793,1841 896,1823 895,1767 856,1751 796,1782 756,1755 622,1801 567,1773 528,1802 300,1761 251,1796 184,1799"/>
                <Baseline points="192,1837 226,1833 261,1831 296,1828 331,1825 366,1824 401,1822 436,1821 471,1820 506,1819 541,1819 575,1818 610,1818 645,1817 680,1817 715,1816 750,1816 785,1815 820,1813 855,1812 890,1810"/>
                <TextEquiv>
                    <Unicode>vndt Srachen wie Volget</Unicode>
                </TextEquiv>
            </TextLine>
            <TextLine id="r2l24" custom="readingOrder {index:23;}">
                <Coords points="776,1873 782,1872 788,1864 795,1862 789,1840 780,1843 776,1848 770,1849"/>
                <Baseline points="780,1864 789,1862"/>
                <TextEquiv>
                    <Unicode></Unicode>
                </TextEquiv>
            </TextLine>
            <TextLine id="r2l25" custom="readingOrder {index:24;} person {offset:15; length:13;} place {offset:33; length:5; continued:true;}">
                <Coords points="168,1922 997,1887 1089,1940 1143,1900 1142,1842 1000,1860 949,1819 853,1884 762,1850 629,1884 534,1847 486,1879 384,1849 328,1888 166,1846"/>
                <Baseline points="174,1912 222,1909 270,1907 318,1906 366,1904 414,1903 462,1902 511,1901 559,1900 607,1900 655,1899 703,1899 751,1898 799,1897 848,1896 896,1895 944,1894 992,1893 1040,1891 1088,1889 1137,1886"/>
                <TextEquiv>
                    <Unicode>Alß erstlichen Maria Suterin von Murß¬</Unicode>
                </TextEquiv>
            </TextLine>
            <TextLine id="r2l26" custom="readingOrder {index:25;} place {offset:0; length:6; continued:true;} place {offset:23; length:14; continued:true;}">
                <Coords points="186,2013 410,1982 514,2028 589,1993 628,2027 705,1981 836,2020 899,1967 1102,1964 1101,1935 913,1913 844,1950 607,1917 492,1962 401,1936 359,1959 235,1908 184,1929"/>
                <Baseline points="192,1988 237,1985 282,1983 327,1982 372,1979 417,1978 462,1977 508,1976 553,1974 598,1973 643,1972 688,1971 733,1970 778,1969 824,1967 869,1965 914,1963 959,1961 1004,1959 1049,1956 1095,1952"/>
                <TextEquiv>
                    <Unicode>hausen, allernechst by Fryburg uß dem</Unicode>
                </TextEquiv>
            </TextLine>
            <TextLine id="r2l27" custom="readingOrder {index:26;} place {offset:0; length:9; continued:true;}">
                <Coords points="164,2074 215,2065 267,2107 377,2053 564,2048 688,2096 731,2053 1112,2037 1121,2005 1007,1965 912,1976 864,2025 694,1987 641,2029 406,1999 340,2028 162,2016"/>
                <Baseline points="170,2059 217,2057 264,2055 311,2053 359,2052 406,2050 453,2049 500,2047 548,2046 595,2045 642,2043 689,2042 737,2040 784,2039 831,2037 878,2035 926,2033 973,2031 1020,2028 1067,2026 1115,2023"/>
                <TextEquiv>
                    <Unicode>Breyßgouw sein zimlich jung meitlin</Unicode>
                </TextEquiv>
            </TextLine>
            <TextLine id="r2l28" custom="readingOrder {index:27;}">
                <Coords points="167,2188 256,2138 326,2182 430,2137 528,2169 620,2109 768,2148 828,2101 929,2104 1009,2151 1058,2108 1131,2113 1128,2043 957,2045 875,2082 749,2053 700,2098 563,2047 399,2089 330,2071 264,2109 162,2075"/>
                <Baseline points="170,2130 217,2128 265,2126 312,2124 360,2123 408,2122 455,2120 503,2119 551,2117 598,2116 646,2114 694,2113 741,2111 789,2109 837,2107 884,2104 932,2101 980,2098 1027,2094 1075,2091 1123,2086"/>
                <TextEquiv>
                    <Unicode>Euh seyen ungfehrd ein jahr das sy uß</Unicode>
                </TextEquiv>
            </TextLine>
            <TextLine id="r2l29" custom="readingOrder {index:28;} place {offset:0; length:8;}">
                <Coords points="174,2207 367,2245 540,2192 629,2235 892,2148 947,2181 1046,2172 1086,2208 1122,2178 1120,2139 957,2154 831,2101 738,2147 606,2158 565,2131 526,2170 431,2137 333,2184 173,2179"/>
                <Baseline points="180,2207 226,2203 273,2200 320,2197 366,2195 413,2193 460,2191 506,2190 553,2189 600,2188 647,2186 693,2185 740,2184 787,2182 833,2180 880,2178 927,2175 973,2172 1020,2168 1067,2163 1114,2158"/>
                <TextEquiv>
                    <Unicode>wringend hungers noht mit Mairn</Unicode>
                </TextEquiv>
            </TextLine>
            <TextLine id="r2l30" custom="readingOrder {index:29;}">
                <Coords points="162,2326 322,2278 547,2320 635,2267 745,2302 798,2259 926,2252 1004,2291 1053,2245 1137,2245 1134,2174 1083,2212 1008,2186 937,2231 852,2192 581,2245 507,2206 387,2256 225,2207 158,2246"/>
                <Baseline points="166,2279 214,2277 262,2275 310,2272 358,2271 407,2269 455,2267 503,2265 551,2264 599,2262 648,2260 696,2258 744,2256 792,2254 840,2251 889,2248 937,2246 985,2242 1033,2239 1081,2234 1130,2230"/>
                <TextEquiv>
                    <Unicode>uf oder tregeren, uß Irem Heymat</Unicode>
                </TextEquiv>
            </TextLine>
            <TextLine id="r2l31" custom="readingOrder {index:30;}">
                <Coords points="173,2366 510,2334 642,2378 831,2319 1144,2315 1140,2252 940,2295 879,2255 781,2306 642,2267 550,2321 427,2294 341,2329 254,2293 171,2340"/>
                <Baseline points="178,2357 225,2353 273,2349 321,2345 369,2342 417,2341 465,2338 513,2335 561,2334 609,2332 657,2329 704,2328 752,2325 800,2322 848,2320 896,2316 944,2312 992,2309 1040,2304 1088,2299 1136,2293"/>
                <TextEquiv>
                    <Unicode>alhas in diße landtgezogen und dem lieben</Unicode>
                </TextEquiv>
            </TextLine>
            <TextLine id="r2l32" custom="readingOrder {index:31;}">
                <Coords points="170,2431 400,2417 462,2464 543,2412 589,2431 695,2398 771,2442 817,2393 1006,2403 1150,2369 1148,2333 985,2329 949,2364 897,2329 827,2364 737,2338 658,2380 383,2354 304,2399 166,2367"/>
                <Baseline points="176,2424 224,2420 272,2416 321,2413 369,2410 418,2408 466,2405 514,2403 563,2401 611,2399 660,2397 708,2395 756,2393 805,2390 853,2388 902,2384 950,2381 998,2377 1047,2372 1095,2367 1144,2361"/>
                <TextEquiv>
                    <Unicode>Allmuosen nachgangen, Vngefehrd Vos einem</Unicode>
                </TextEquiv>
            </TextLine>
            <TextLine id="r2l33" custom="readingOrder {index:32;}">
                <Coords points="155,2537 268,2489 323,2518 456,2472 547,2501 585,2470 861,2463 924,2498 970,2458 1115,2451 1111,2394 1080,2388 1005,2429 805,2407 768,2442 679,2407 601,2443 537,2413 449,2462 209,2428 152,2473"/>
                <Baseline points="159,2497 206,2492 253,2487 301,2484 348,2480 396,2478 443,2475 491,2473 538,2470 586,2468 633,2466 680,2464 728,2462 775,2460 823,2458 870,2455 918,2452 965,2449 1013,2445 1060,2442 1108,2436"/>
                <TextEquiv>
                    <Unicode>halben Jahr, Seye auch deß henachgemelte</Unicode>
                </TextEquiv>
            </TextLine>
            <TextLine id="r2l34" custom="readingOrder {index:33;} person {offset:0; length:13;}">
                <Coords points="160,2584 248,2619 348,2550 528,2593 587,2541 767,2568 1111,2515 1083,2457 919,2507 868,2477 818,2518 703,2461 609,2515 463,2479 158,2537"/>
                <Baseline points="166,2571 212,2566 259,2562 306,2557 353,2554 400,2551 447,2549 494,2546 541,2543 588,2542 635,2539 681,2537 728,2535 775,2533 822,2530 869,2527 916,2524 963,2521 1010,2516 1057,2511 1104,2506"/>
                <TextEquiv>
                    <Unicode>Melches suter zu bruder eben iu</Unicode>
                </TextEquiv>
            </TextLine>
            <TextLine id="r2l35" custom="readingOrder {index:34;}">
                <Coords points="160,2689 212,2661 266,2692 353,2635 550,2625 596,2660 849,2592 1020,2641 1142,2577 1135,2498 977,2558 906,2533 845,2579 729,2548 155,2629"/>
                <Baseline points="164,2656 212,2649 261,2643 309,2638 358,2633 406,2630 455,2626 503,2623 552,2619 600,2616 649,2614 697,2611 746,2608 794,2605 843,2601 891,2597 940,2593 988,2587 1037,2581 1085,2575 1134,2567"/>
                <TextEquiv>
                    <Unicode>gleichem wesen zu Ira kommen, Vnd doch nit</Unicode>
                </TextEquiv>
            </TextLine>
            <TextLine id="r2l36" custom="readingOrder {index:35;}">
                <Coords points="149,2747 298,2773 408,2710 507,2702 575,2742 695,2687 789,2711 907,2661 1051,2691 1133,2650 1130,2613 1078,2605 1021,2642 944,2615 864,2656 805,2624 697,2655 656,2623 498,2680 373,2652 257,2707 146,2706"/>
                <Baseline points="154,2733 202,2726 251,2720 299,2715 348,2710 397,2706 445,2701 494,2698 542,2695 591,2691 640,2689 688,2685 737,2682 785,2678 834,2674 883,2670 931,2666 980,2661 1028,2656 1077,2650 1126,2643"/>
                <TextEquiv>
                    <Unicode>lang by Ira bliben, sonders seye von Jra</Unicode>
                </TextEquiv>
            </TextLine>
            <TextLine id="r2l37" custom="readingOrder {index:36;}">
                <Coords points="154,2857 401,2778 597,2804 629,2768 735,2789 878,2751 945,2784 1003,2743 1084,2745 1120,2695 1016,2720 921,2685 882,2720 831,2691 574,2743 446,2725 380,2769 258,2748 147,2773"/>
                <Baseline points="156,2810 204,2803 252,2796 300,2791 348,2786 396,2781 444,2777 492,2773 540,2770 588,2766 636,2763 684,2760 732,2756 780,2753 828,2750 876,2746 924,2741 972,2737 1020,2732 1068,2726 1116,2719"/>
                <TextEquiv>
                    <Unicode>gescheiden, Sy aber habe (leider) Imerzu¬</Unicode>
                </TextEquiv>
            </TextLine>
            <TextLine id="r2l38" custom="readingOrder {index:37;}">
                <Coords points="138,2921 359,2863 513,2851 557,2884 604,2843 907,2816 951,2840 1015,2799 1113,2810 1133,2749 966,2765 924,2804 829,2771 756,2816 652,2774 543,2824 375,2795 133,2868"/>
                <Baseline points="141,2887 190,2880 240,2874 289,2868 339,2863 388,2858 438,2854 487,2849 537,2846 586,2842 636,2839 685,2835 735,2831 784,2827 834,2824 883,2819 933,2814 982,2810 1032,2803 1081,2797 1131,2790"/>
                <TextEquiv>
                    <Unicode>dem Bättel nachzuchen mueßen, biß dru¬</Unicode>
                </TextEquiv>
            </TextLine>
            <TextLine id="r2l39" custom="readingOrder {index:38;}">
                <Coords points="156,3000 246,2960 288,2988 381,2932 453,2977 558,2925 611,2953 788,2897 928,2892 1014,2927 1148,2872 1141,2788 862,2870 596,2852 556,2885 497,2856 379,2903 211,2886 150,2917"/>
                <Baseline points="158,2942 207,2936 256,2931 305,2927 354,2923 403,2920 452,2917 501,2914 550,2911 599,2909 649,2906 698,2903 747,2900 796,2896 845,2892 894,2888 943,2882 992,2876 1041,2869 1090,2862 1140,2852"/>
                <TextEquiv>
                    <Unicode>schmnee Frerlings zeitlida die wärch und</Unicode>
                </TextEquiv>
            </TextLine>
            <TextEquiv>
                <Unicode>Maria Puterin von Murßhausen
Naschdem vor etwas abgewichner tagen,
hienachgemelte zunff man und ein wybspr
son im gricht Affhalteren, der landt¬
nogtey Drachselwald, Als ob dieselben
in der nacht zuuor etlich Impen angriffen
Und nit nur Villgong daruß genommen, und
noch vill deßelben hiruestet hetit, sofene¬
klich nach Drachselwald gebracht, weit
hernach Alhaus gwahrsamlich vberschickt
worden: haben Ir Gu hieruff be¬
fohlen, das sy hierüber ernst-wortlich
sollen Exammert vnd befragt worden
aß ist volgendts auch den letsten tag vor¬
schmer Herpstmonats 1640 beschechen, die
haben nun in bysein und gegenwürtigkeit
der ehrennesten etc Herren, Abraham
von Werths des kleinen Hanß yths
des Jungeren, vnd Hierommes Vonn

Graffenridts, den Amans Im Raht¬
huß, beid des großen rahts, bekhendt
vndt Srachen wie Volget

Alß erstlichen Maria Suterin von Murß¬
hausen, allernechst by Fryburg uß dem
Breyßgouw sein zimlich jung meitlin
Euh seyen ungfehrd ein jahr das sy uß
wringend hungers noht mit Mairn
uf oder tregeren, uß Irem Heymat
alhas in diße landtgezogen und dem lieben
Allmuosen nachgangen, Vngefehrd Vos einem
halben Jahr, Seye auch deß henachgemelte
Melches suter zu bruder eben iu
gleichem wesen zu Ira kommen, Vnd doch nit
lang by Ira bliben, sonders seye von Jra
gescheiden, Sy aber habe (leider) Imerzu¬
dem Bättel nachzuchen mueßen, biß dru¬
schmnee Frerlings zeitlida die wärch und</Unicode>
            </TextEquiv>
        </TextRegion>
    </Page>
</PcGts>
