2448 3264
364 225 1214 463 ungeferdt vor einem jahr habe er uff
382 330 1208 500 dem furdenberg ab einer stangh en
379 391 1210 584 gombt und ein par hoßen, so er hernach
354 465 1219 649 angelegt und getragen hinweg genommen.
358 558 1214 765 Item zu Eiherren ob thum ußenen
367 672 1211 835 Stuben ein nur bar  gchuch, so er
377 738 927 853 angelegt, entfrombdet.
358 871 1206 998 zu Rontzingen hab er mit Holff des oban
368 935 1217 1075 zognen Hoffers und Fridliß nachts
383 1020 1189 1124 us einem hauß ein seiter gchwynen
381 1075 1197 1181 fheischen undt ein stecken mit wurdt
375 1142 1212 1257 nemmen helffen, welches sy einem körber
377 1224 1204 1324 So bey den wyeren allernechst bey ans
384 1280 1204 1392 soltingen wohne umb 2l verkaufft
329 1406 1209 1539 Wo habe er mit hilff eines gesellen
329 1485 1141 1599 Den man Napf Ulli namst bey der
380 1542 1211 1658 glütsch zwen kaßden nemmen helffen
340 1606 1182 1721 Die s auch dem erst gedachten korber
384 1669 1122 1797 umb ein kronen verkauffe
345 1779 1122 1912 Gleichergstalten habe er mit obiger
384 1847 1211 1987 hlff anethalb Turracheren uß einem
325 1911 1190 2063 Hans Heiters tagßero ellen wollin
366 1973 1155 2104 tuch nemmen helffen, welches sy auch
350 2026 1129 2163 dem eben jez genambten karber
363 2138 804 2243 verkaufft habent.
352 2232 1214 2401 mit Holff des hiob angezognen fridlis
377 2301 1219 2444 und eines jungen frombden jungen gesellen,
384 2372 1162 2519 o sich mucheli namse und der ich mit
343 2443 1210 2596 deß Jaterbach kramers dochter ver
369 2503 1204 2654 ehtlichen habe, dißmahlen mit der
367 2555 1147 2726 selben und einem kram im landt
374 2628 1209 2785 dembber zuche sich vast uf allen allen
356 2669 1173 2857 Mariten, so wolt alhier alß
356 2729 1190 2948 anderstwe im andtfinden laßen
2253 72 2354 160 13
1369 196 2304 455 habe er zu Belp uß einem hauß zwo
1323 252 2295 505 gippen nemmen helffen, welche Michelins
1374 317 2288 553 frauw behalten undt jedem drey baße
1370 504 1681 646 geraußgell
1342 503 2307 749 Deßgleichen uff dem Balpbarg hab nit
1377 584 2272 817 sy ab einer tangs zwen kragen undt
1384 643 2353 885 zwey wülline wamsell, so sy angelegt
1376 800 1725 924 entfrömbdet.
1343 854 2182 1065 Eben mit obiger holff und Marik
1387 921 2270 1106 chnyders uff Utendorff sonst
1393 988 2238 1167 st genambt, hab nit sy anethalb
1409 1090 2116 1214 summmen tagß uß einer stuben
1393 1153 2122 1276 2 leib brott, vndt vß einen
1376 1227 2105 1343 par hoßen 8 batt genommen.
1367 1381 2180 1516 Abermahlen mitholff gesagten mizen
1408 1469 2321 1591 habeer zu kiel einem kramer zwen
1405 1524 2313 1649 breit bust nemen helffen, die hab nit
1346 1619 1639 1749 sy getragen.
1398 1732 2276 1880 undt zu Nydauw einem krammer zwey
1397 1825 1921 1933 zusamen gelegte meßer.
1391 1950 2272 2087 Mitholff des erst gesagten Marizen
1391 2017 2280 2167 und des vorgenambten fridlins seye
1390 2083 2296 2208 er nachtsder bey der senßenbruck in
1394 2144 2231 2282 einen keller den fridthi mit einem
1394 2216 2284 2366 faltschen wohlnstell geoffnet gangen
1388 2266 2336 2448 und habe 6 leibenbroch und 2 kästen
1373 2349 1859 2477 daruß nemmen helffen
1372 2440 2322 2647 zu Wyleraltingen uß einer gippen
1377 2542 2270 2698 so in der stuben gegangen, hab nnt
1373 2587 2313 2787 sy ein kronen genommen, darvon ihme
1399 2682 2038 2848 einhalben gulden worden.
