1254 3071
401 122 1174 308 Cucia AHolter Von dec
501 239 1149 382 tingen Golorhurner gebiets
211 326 1193 574 Nachdem dise Personverungenahr acht Jahrenn
204 450 1195 645 zu Sollothurn fenklich unzogen, nachvolgende
183 525 1219 713 Cartickel bekendt unnd derenthwegen mit
197 617 1232 788 Ruten vßgehauwen, geseichnet, vnnd von Statt
215 686 1207 861 und landtgewisen worden. Isst sy irem
211 746 1208 936 fürgeben nach mit iren kinden hin und uider
194 846 1232 1013 In j hr landen umbher zogen, zwar der fur
876 958 1131 1040 aber keine
212 947 1219 1089 same etwas überläßig gsin, flachwichtige
219 1022 1237 1184 diebstäl verbringen, helffen, jedoch iß sy sam
198 1097 1207 1252 ds iren kinden vor 2 jahren, kllelüchtige
211 1171 1204 1338 Prrfli alhie gefencklich ynzogen, vnndt
223 1276 1214 1440 (allß die der Landtschaffh nit allein vber¬
218 1346 1238 1522 lägen, sunders auch an etlichen arten zugreifen
206 1417 1194 1595 Helffen sambt irem Son andreß Eggern
188 1516 1213 1664 von Statt vnndt Landtverwisen, In eine
169 1575 1215 1740 Jahr darnach widrumb alhie in bandt gelegt
212 1688 1212 1804 nichts anders dan obstath angeben, gleichwol
212 1761 1173 1881 aber alls Einstarke vmbschweiffende
205 1863 1211 1968 verdächtige person die vorige wahrnungene
211 1939 1221 2082 nit befertziget, mit ruten geschmeitzt undt
214 2017 1226 2163 mit dem lydt von Stats undt landtprr
203 2112 1202 2233 vnnd alls sy vnlangen zufruhtouff by
207 2193 1229 2316 büsergselschafft erdappet, vnd mit Inen ghr
217 2270 1204 2384 lich alhargfart worden, hatt sy volgendts
202 2344 1204 2475 Mrachen den Kuati an berusten
212 2438 349 2506 worden.
199 2489 1212 2675 Erstlichen habe sy vor ungenahr- 8 oder 9 jahren
208 2621 1219 2745 mit einem namens r Rysißwyler nachby
196 2669 1218 2825 Sollothurn bim fröschenwyer uß einem spycher
204 2764 1224 2883 4. müt korn stälten helffen, welches ein landt
219 2812 1158 2969 man von oberweil mit seinen rossen by
