1233 3115
85 -64 996 229 heer habe inn seiner vorganden examina vion
88 -15 1084 260 ehenn, so er doch gleich wol sihon domitenn begangen hatte,
86 37 1049 309 allen ein rotenn wüllinen lybrock, den hrr hernach uff
10 199 85 252 a
2 235 101 301 ang
-2 225 330 358 en
19 209 927 481 ete e
37 286 1061 555 glenn en fryburg birt uff dem langenbarg, habe er
28 339 1086 604 sener laubenn, heiters tags swen wyben rörk genommen
19 437 746 662 gen e
26 510 1045 731 ay habe er zu Biberen heiters tags uß einer stuben ein
15 529 1097 785 tern vnd ein par geschlißenn schuch (die er angentz angleith
25 716 202 832 ht
17 669 1067 905 dnners zu Veerren balm us eines puren huß heiters tags
19 772 734 960 by hembdt, vnd ein käst, den er genoßenn,
30 846 1091 1033 Mlaffeyenn us eines furen hus ein leib broth und i käs
14 977 1050 1133 Wnner daruon, ein par wüllin wyber strünppff und ein
37 1037 853 1177 den wyberhut, so er hernach vmb 8 hz. verkaufft,
12 1107 1100 1260 Edemethin by Plaßzelg 2. hembder, so er harnach demschmit
32 1171 1080 1292 mit der denstenn im fryburg gebiet, umb 12 bz verkaufft,
37 1261 1089 1380 zu rechthalten inn gleichem gebiet, ein nüw par schuch und 2
26 1324 1059 1427 wyber heind, daß er auch dem jetzgemelten schmitt umb
23 1399 243 1473 15 bz verkauff.
30 1444 870 1553 Item zu Bratelen im sasel gebiet, 3 leib broth,
44 1527 1078 1616 zu Husi einhalben kust, vnd ein par wüllin strumpff, die er
42 1608 297 1684 umb 6 bz erkaufft,
44 1678 1067 1766 sy mülhusenn ust einem zust 2 aüwe par schuch, die er herr
37 1736 382 1807 nach vmb. 14 bz. grkaufft,
24 1813 1100 1904 vauer von dannen 2 mannen und 2 wyber hembder, daruß er
44 1864 229 1926 22 bz erläßt,
46 1934 1082 2020 dannethin zu Herenschwanden, ein par zwilchhosen, darfür
33 1966 506 2060 imme hernach 2 l worden.
22 2041 1095 2141 ud By der wägmüli alhie, habe er uf einem hafen ein stuck rint
42 2083 527 2175 fleisch gezogen, so er geüstenn,
38 2145 907 2262 Item zu worb  leibbroth, den er auch genoßenn,
56 2237 1076 2354 uff dem kurtzenberg ein leibbroth und ein angwunnen kuß.
51 2292 1067 2386 Bebroth habe er geesten, den kast aber einem bätelman vmb
53 2347 312 2427 galden erkaufft,
27 2385 1112 2498 zu anistburg ab einem hag ein hembd, so er angentz ange¬
57 2439 300 2531 est, vide 13
56 2499 1105 2613 d Metlen habe er und ein clsäster ein schwartzen korb den
56 2550 1095 2654 uff dem shorrenn verkaufft und ein nideren hut entrag
60 2596 1079 2694 So habe er mit hilff Caspar Konbers us dem Elsäf, welcher
58 2643 1108 2740 sichsampt einer seiner schwester by dem wirth zu Wylerol
56 2679 1113 2777 ringenn ufhaltet zu Tann im Fryburger gebiet, 5 küseme,
64 2728 1106 2810 und ein kübel mit ancken nemmen und denselben dem wirth zu
66 2764 1127 2873 Uyleraltingenn zutragenn helffen. Der habe inen diß alles wüst
65 2814 1105 2896 entlich das es gstolen gsin, abgemmmen und inen 6 tag, darumb
59 2844 497 2929 zonsten und getrincken geben,
78 2907 1112 2996 Seitharo aber das er letstlichen alhie mit rut ußgestrichen
68 2956 1078 3029 gezeichnet und widerumb mit dem eydt verwisen werden, habe
66 2996 775 3082 ernachbeschribne diebstäl begangen. namlich
