1151 3264
1045 191 1116 246 32.
46 217 1118 386 gereckt unnd ihm anzeigt er sölle seinen bruderron daruß
41 322 1075 423 und sunst niemandtsandren zu trinken geben. Item
51 380 1047 497 erselbs sölle auch daruon trinken, also habe er
39 421 1121 564 zweyen seinen brüderen den myel in die gendt geben
58 477 1071 596 welche beid daruß getrunkenn, vnndt was noch
22 539 1083 651 übrig im myel war (welches sunsten gantz wolhe
15 613 1103 725 lecht und unanlieblich anzesecht gwäsen) ime widrum
36 660 1124 785 zugstelt, das haber auch von grundt uß hinyn getruncken,
47 716 1089 855 Woruff synme angentzallerleg böse anfechtungen
49 790 1061 909 in sin gefallen, vndt habe Inne allsbald geluset
55 850 1096 980 etwas getödenn jemurdenselbstern, ja alles böses
9 928 1040 1036 anzefahlen, wider dan auch seinen glu� an heimen
-1 995 1096 1110 vilmal gebüeßt und sye ihm nichts anders obgelegen
50 1056 1107 1174 gwäs, dan wan er sich mir mit töden ersetigen köndte,
54 1119 1096 1239 in disen seinen bös und fülen gedanken sye er etwas
56 1199 1104 1278 mehr alls vor 2 monaten in seines netren brndicht
39 1250 1080 1365 Martinß stal gangen, daselbsten habe er sich mit
48 1321 1068 1419 einem rothh ferigen Kalbeli unchheißenlich vere
50 1378 1072 1484 gangen uff darob er aber
62 1438 1062 1540 sye gefunden unnd verragt worden, uf dise seine
43 1502 1038 1604 bekandtnuß habendt vor und wölermelte e
51 1569 1011 1671 examinatores inne befragt, ob er dan dise
52 1622 1037 1753 Vnchrißenliche thatt eigendtlich vnd an Ime
57 1691 1115 1822 selbs würcklich erstatet habe oder nur ihnn welhen
44 1761 1059 1884 Item ob er imme nit selbsten nrecht thüye, hat
54 1817 1118 1952 er zum 2 mal gesagt, da es sye geschechenn, letstlich
51 1893 1057 2025 aber er habe soliches allein thun wollen, er sye aber
52 1964 1061 2092 dros vertagt worden, so bald aber seine elterenn
45 2028 1013 2152 d geschrey von Ime Vernomen, habind gy Inne
46 2095 1085 2240 Hinwegg geschafftn und sye er daruf nach bynfelden
44 2152 987 2258 gezogen und sich by den darin ligh den Soldaten
44 2225 1068 2367 ufgehaltenn. Wyl er aber dörten gunger lydle
51 2286 1100 2431 müssenn sye er von dannen widrumb hinwegg heimg
48 2331 1107 2503 wertsgangen, daselbsten er aber angentz ergrisfen
38 2408 1095 2573 und alhar gefurth worden schnußen sölle das Kalbeli
45 2479 1105 2646 uf anordnen deß h Predinantz von Füegisperg durch
43 2541 1035 2719 einen wasenmeister getöbet und über ein velsen
35 2602 1073 2746 hinab geworfen worden sei Damit aber hochge
50 2663 1070 2810 dacht myn gh und oberen, gleichwol die gwüßheit
48 2709 1105 2848 diser sachen erfaren mügict, haben j g derselben diener
34 2754 1102 2907 dem freyweybel von Constorff benolchen, deßweg eigentlich
45 2804 1111 2952 iem erfarung zebringn,  jas für unbstendt
41 2854 1068 2992 dandt wo diser arme junge gesell daheimen, khanden sein
52 2904 1087 3034 möchten, der hat nun hierrüber hochgedacht m s h und
45 2944 1093 3115 oberten gschrifftlichen berichtet. Weswegen dann dieselben
