1188 2926
52 -2 1162 232 Wo vs undt He Jacob Turmans, des Jungeren
88 61 1147 298 mitwen arhusung, habent sy beid auch
71 179 1152 368 nächtliches wyl 100 strangen flachßen.
57 257 1160 437 und 20 trangen ander und gmein gaarn,
71 358 416 511 zeteiuldet.
52 426 1059 624 deßelben gleichen h Hanß Ludwig Von
61 547 1021 710 Wertz 4 strangen sclachin garn.
57 636 1150 797 Eouelter sein gspan, habe Ime auch bekendt
56 730 1143 882 daß er Nachts, hinder meines gnedigen herren
58 798 1103 973 Schultheißen von Erhachs behusung, gar Vill
312 903 408 953 dacht
68 884 1146 1040 strangn daha garn zi weg genomen habe,
53 1038 1108 1204 Vob obgleich erzellg damahlen nit darby
63 1119 1076 1265 gewesen, so habe Im doch sein gspann
49 1196 806 1342 giefnonsein Ducaten geben.
57 1307 1115 1426 Vnd Letstlichso habe er gellg eintzig, die Zie¬
63 1379 1115 1514 vor gedaschten 77 strang garn, hinder dem
69 1453 1102 1569 alckhentzin weg genommen, nach Fryburg ge-
63 1528 1115 1651 tragen und 6 lb 3 bz daruß erläst.
29 1605 1096 1743 4 alß er die wacht gehapt, und seinen
72 1671 1114 1803 gang verrichten sollen. Diß alles aber
66 1743 1109 1855 seye Ime von Hertzen leyd, begehre selbiges
52 1818 1057 1931 zu ersen, vnd pätte hiemit vmb gnad
49 1896 423 2006 und verzeichung.
47 2002 1070 2091 ein theil daruon zeuerkauffen geben, mit Emelden die
49 2066 1091 2126 jinge frauw so im das vorige verkaufft, sye ein alte frauw
59 2108 1109 2193 die habe ein sohn und sye an der matten zhust, sy habe
47 2147 1057 2219 im nit mehr abnemmen wellen, us forcht es möchte us
57 2191 1087 2265 kommen, also habe er Holg den überrest so nach by
52 2238 1075 2336 den 28. t gsin, einer gremleren vnd dem zith gloggen
67 2283 1092 2380 thurn Margneth Gerrig genampt das l6 umb 4 l obaufft
53 2328 664 2403 darum sye zin ein durhaten worden.
44 2444 1081 2572 Velerich Marthi ein alter 70. Jani
49 2534 1067 2647 ger Greber, von Vorderen Fultingen
43 2594 1040 2706 uß der kilchhor Ruegisperg, ist gleicher
48 2652 1071 2761 gestalten durch obbemelte herren, warumb
43 2709 1020 2805 er gfeneelich alhar gebracht, ex ammert
56 2763 1018 2879 und befragt worden, der hat bekendt wie
807 2845 927 2925 wolgen
