1230 2819
551 106 957 248 Nichel Baldwag,
199 210 1194 423 Nach dem michtl Baldawäg von gefangenen
238 307 1191 472 schibenlich angeben worden, Alß solle er allerlich
227 370 1199 543 lunerenn gesindt, beherigen, statt vnd platz gebt
214 408 1202 590 Item auch mit innen eßen unnd trincken und
229 479 1195 636 Aunna dergstalten sich verhalten, daß menigklich
232 528 1205 697 von norrdt gezeügen wüßen, haben meingned
226 583 1196 747 Herren vndt oleren ihne gfrncklich annkemt
228 644 1198 798 unnd volgentz durch herren Großweybell Leerber
226 684 1189 831 seinethalben by der gmeindt zu Bollingentochines
237 747 1186 882 sontags den 15. non 1c690 bericht ynemmen
227 801 1192 952 die haben nun elen daß freige, was von ihr
229 851 1188 991 belagt worden, nit mus bestettziget, sonderen
220 913 1191 1056 angezeigt, daß er durch den aman und ehrb
224 965 1187 1128 keit daselbsten daruon abgetahn, underschidenlich
221 1033 1183 1156 gewahrnet worden, so aber an ime nit vill
226 1098 1192 1225 erueckt, woruff dann hochgedacht mein gnedig herren
235 1158 1184 1288 und oberren ir gnaden gelieften mit raht herre
214 1214 1188 1333 Jacob Grüser undt Herren Großweybel Lerber
215 1288 1188 1404 dero dienen anbenolchen, ime Baldawäg sölche
216 1340 1173 1447 fürgehalten und ein verfrechung darüber angehe
219 1399 1166 1505 daß ist nun volgendts den eb dito bechechen
205 1461 1177 1569 Hat sich aber hieruff anderist nit verprechen bhe
213 1517 1170 1622 dann daß es zwar nit weniger seye, daß
218 1582 1176 1664 Willerley leüthen, theils bättleren und theils
215 1635 1169 1729 deren, die sich für krämer ußgeben, herber
215 1698 1177 1778 geben oder in denen förchten stehen müße, w
219 1747 1171 1830 er sölches abschlachen sölte, daß ime er
222 1788 1171 1885 widerfahren wurde, daß er abes so gar sonder
211 1844 1170 1911 kundtschafft mit innen gehapt oder vill mit je
214 1892 1169 1992 greßen und getruncken habe, daß sye nit and
217 1955 1167 2050 dann das er wohl im fürgang dem einen ode
212 2016 1164 2103 anderen möchte einen ehren trunckh abgenommen
209 2090 1157 2163 haben, daß er aber dergleichen perohnen sein
213 2120 1162 2222 pferdt wynn darmit darmit abgeholen geen,
198 2172 1160 2262 habe, deßen könne er sich nit erinneren, es
202 2226 1155 2305 aber wohl ime unwüstet durch seine die
216 2285 1155 2381 bechechen ein patte hiemit vmb gnad vndt
212 2344 372 2405 und etc.
189 2391 1154 2483 Diser ist umb 50 lb gestrafft und daby dem Ammar
202 2462 1154 2543 zu Bollingenn benölchenn worden, iwen deßwege
186 2505 1150 2584 Offtmalenn heimbgesuchenn, vnd von disem fulen
200 2545 1152 2640 ynzugen abzestechenn, wo nit so werde er darum
192 2596 1153 2680 daskünfftige desto herter abgestrafft werden. ist also
200 2648 1141 2741 ein gute censer der gfangenschafft erlaßen worden,
195 2704 471 2778 15 no 1640.
1186 1757 1235 1815 45
1185 1867 1228 1916 der
1189 1968 1235 2025 i
1178 2026 1234 2091 alb
1178 2099 1237 2149 ven
1181 2464 1236 2540 r
1176 2550 1237 2618 sige.
1195 1411 1236 1455 1111
