1207 3084
983 22 1096 83 121.
32 117 1097 305 Pefflichenn habeit zwar ire elteren sy anfengeklichen
36 204 1110 370 uud einer nayeren gschieket undt sy dergstalten nagen lehrnen
28 247 1097 436 laßenn sy harnach mit anderen meitlanen, so sy zuo tra
40 326 1056 472 genomen, selbsten uff die stören gezogen undt sich ehrlich
37 379 1090 536 darmit fürbringen können, Nach dem habe sy sich an einem
41 424 1073 574 füeyer Knthoni erman genampt, welcher domahlen by
32 471 1141 634 Ir sigmundt von Wattenwyllen im dienst gewesen gehanckt
32 559 1111 682 der habe fra die eheversprochen, undt sy darüber geschwen
48 624 1082 725 jeret, welches irem vatter sehr übell gfallen, der hab
48 677 1095 782 svon diser ursachwegenn, undt das sy sich gentzlich dem umb-
56 735 1055 850 schweiffen undt müeßiggang ergeben, von im gestoßen,
38 791 1118 893 Also seye sy nach mictäli schinen 1639 jars umb die zeit
38 841 1101 938 als man das vych yngestelt, zuo ermeltem kneyer (welch
36 906 1105 1003 h landtvogt Morlot das vych abempfangen hate gangen, undt
48 956 1102 1043 habe by im gewohnt, byß das er widrumb salp gfahrene
41 1008 1108 1114 innert, wellcher zeit seye sy auch von im schwanger worden.
40 1069 1100 1151 Undt wyll sy inzwüschen einen 10 pfündigen wäß, den jra
43 1125 1107 1202 ermelter füeyer gegeben, einer frauwen so domahlen in h.
42 1175 1055 1268 amber andrest seligen kein änet der aren gewohnt, das
41 1217 1088 1317 pfundt umb 3  btzag verkhaufft undt edoch niemahlen kein
54 1274 1115 1364 gelt, ungeacht sy ira daßelbige offtermahlen genorderet
57 1333 1085 1414 von Ira bring mögen, seye sy endtlich hinuß gangen inn
57 1407 1096 1461 die stubengestigen, 53 ingelt unndt 2 fürtürcher
56 1453 1048 1513 daruß genommen, undt sich daruon gemacht, es seye aber
61 1498 1106 1570 ermalte frauw jraangentz nachgeylt, sy erwüscht undt
69 1538 1119 1602 sonie zuowegen gebracht, das sy alhie gfengeklich eingezoge
61 1600 1078 1663 gen, tra der frauwen ire abgenomen sachen widrumb
54 1631 1137 1721 zuogestelt, undt sy also drüberhin der gfangenschaffthanch
65 1679 366 1761 erlaßen worden.
38 1784 1096 1865 Als sy aber in verschinen summer umb die zeit gamanbaldt
74 1845 1068 1922 verembdet hat, noch schwangere lybsgewesenn, habe einer, so sich
84 1870 1114 1947 Hans Billenegger namte, welcher uß der heiteren by Belxbür
71 1926 1120 2003 stig seye khentschafft zuo jra gemacht, unndt fleischliche bywonnen
68 1968 1117 2053 by ira gehapt, angezeigt, wan sy der frücht, so sy von ermeltem
79 2010 1089 2093 Anthoni ehrman dem kneyer, der ira doch ohne das nutzit mehr
78 2062 1111 2150 nachfrage, undt nütguts thun wede, led erden möchte, so wolte
80 2093 1106 2181 er sy hernach ehelich, undt er wolle nach mitlentrachtemen,
77 2145 1071 2216 das daß kindt von Fra komme, knn einem sontag darnach
76 2192 1117 2268 traffe ermelter Billenegger mit noch iren zwayen, darund
73 2228 1104 2325 der eint Marti unndt der ander Hans Heiße, deren zue
88 2286 1119 2367 nammen aber ira unbekant seyen, sy alhie in der statt wi-
80 2321 1113 2415 drumbann undt fürrindt sy in Hans Rudolff Dünckhis Keller
86 2389 1141 2450 allwo sy mit inen trinckhen müeßen, nin habe ermelter Marthi
86 2416 1132 2501 etwas præparierten tranckhs in einem becher gedachtem
85 2464 1129 2554 Willenegger zuogestalt, der habe ira hernach sölliches zuo
88 2507 1097 2595 erkelch geben, das seye trub grüenlacht undt gantz pitter
87 2560 1119 2633 gewesen, vndt nachdem sy sölches wüßentlich uffwas end
92 2605 1127 2697 es gescheche getrunckh die nacht auch albereith yngetrungen
95 2657 1126 2730 habe sy sich hinuß uß der statt gegen hr. landtvogts morlots
100 2693 1012 2774 Schüren, allwo sy iren underschlauff hate, begebenn
106 2740 1066 2819 undt als sy nach zuo der schüren khommen, seye ein pferdt
96 2796 1100 2873 welches under einem baum gelegen undt deßen sy nütz it
103 2842 1125 2927 geachtet hate, gechlichen uffgstrungen, darab sy dermaßen
100 2887 1127 2967 erschrockhenn, das sy in derselben nacht genäsene, undt seye
94 2923 1089 2992 das kindt todt uff die weld kommen, das habe sy by fra
110 2980 1114 3070 behaltenn, ohne das einiher muterment sich sy der enden gwüße
