4032 3024
2102 1438 2471 1620 Margaritha Sie
2110 1604 2443 1714 Franz Lundlic
2112 1667 2450 1817 von Grasemeind
2118 2417 2477 2551 Keller magdt seÿ
2120 2520 2447 2645 herren landervögten
2130 2611 2314 2686 Stettler
2452 305 3585 497 Rud Pali Faustumque st
2443 442 3586 621 Reipublica Patria ques nostra.
2578 604 3271 766 Sit poena ad Pavios
2517 703 3185 838 et melio ad omnes.
2601 826 3432 999 Montags den 12. septembris 1732.
2878 949 3125 1077 Preces
2720 1042 3422 1195 Mutghe Neüner von Mehlinen
2819 1156 3115 1260 Assessores
2488 1197 3775 1399 Mehls. Dec. Dic. Dr. decano et Dr. Prof. S. Vatteras
2495 1361 3760 1531 Margaritha Herren von Wegenfeld bringt an sie
2497 1471 3757 1632 befinde sich schlanges von herren Franz ludwig von
2495 1559 3755 1732 Graffenend sein jungen von der sie bey 5
2496 1663 3772 1820 mahlen beschlaffen und im mertz letschon bey herren provis
2473 1754 3766 1904 Gortdi geschlangeret haben und sich dermahlen bey herrn
2477 1829 3719 2018 landtschreiber secronet zu Chatenn der aufhalten.
2483 1927 3741 2104 Egn: So an herr vogt zu Sonen ihne aber diese klag
2474 2024 3718 2204 zu red zu stoßen und so er nicht bekennen wollte
2468 2117 3747 2278 vatter deß kindts zu sein, solches von haut über 14
2473 2211 2969 2396 ag her zu halten.
2501 2348 3707 2478 Ward der fr landtvogtin Stettleren kellermagd, so
2508 2436 3749 2606 hohgend dem Gottes dienst am sontag wein außge
2487 2523 3311 2706 schrekt mit 10 lb buß klegt.
3660 195 3757 288 A
