4032 3024
462 226 483 286 4

467 930 554 990 bähr
565 919 686 979 Elstbech

440 1085 560 1145 Einanuiel
580 1075 720 1135 heuzicher,

489 2031 586 2091 obd

527 2404 652 2464 obd.

764 248 977 308 beständig
1013 239 1095 299 auf
1131 229 1226 289 sein
1261 218 1379 278 hievor
1416 205 1664 265 angebenen
1712 203 1867 263 damich
1902 216 2020 276 Galdt

766 341 831 401 als
844 330 985 390 Vatter
1025 314 1154 374 deßen
1167 298 1361 358 beharret
1387 283 1517 343 setze;
1543 277 1634 337 haben
1646 275 1710 335 Min
1724 276 1828 336 gnädigen
1841 281 1931 341 Heren
1944 286 1982 346 des

730 437 804 497 H.
817 422 954 482 Praef.
979 399 1203 459 frundtlich
1228 378 1402 438 aneinen
1415 367 1589 427 willen,
1615 364 1827 424 Kläger,
1852 367 1938 427 nach

748 516 851 576 ihrer
864 497 1138 557 follendeten
1151 478 1267 538 vindt
1294 468 1384 528 hette
1436 459 1566 519 allhas
1592 457 1671 517 ver
1696 457 1748 517 sie
1774 459 1825 519 zu
1852 465 1994 525 halten,

750 599 832 659 fürs
867 585 985 645 einte

793 725 895 785 fürs
942 715 1112 775 Andere
1169 706 1259 766 dann
1294 700 1373 760 aben
1384 697 1442 757 Min
1453 694 1544 754 gnädigen
1556 691 1636 751 Hern
1647 690 1692 750 auß
1737 689 1817 749 dem
1875 688 1953 748 2ten

777 797 932 857 puncten
979 786 1109 846 seines
1157 778 1240 838 Sed
1287 774 1324 834 zu
1359 770 1560 830 ersuchen
1596 769 1762 829 gehabt,
1786 769 1857 829 wie
1892 770 1952 830 daß

746 895 899 955 Eebeth
924 886 1027 946 Jähr
1053 881 1116 941 von
1156 874 1284 934 Wyll
1322 868 1386 928 der
1411 858 1744 918 schwängerung
1782 850 1872 910 und
1885 846 1962 906 et¬

755 989 821 1049 baß
865 981 1076 1041 violations
1098 971 1176 1031 halb
1209 960 1397 1020 Beklagt
1441 951 1497 1011 den
1530 943 1763 1003 Studionum
1829 943 2017 1003 Emnanuch

769 1069 1002 1129 Bunzigfer
1042 1061 1112 1121 von
1139 1054 1332 1114 Graub,
1361 1044 1497 1104 welche
1525 1038 1580 1098 des
1607 1034 1677 1094 H.
1690 1029 1828 1089 Praef.
1842 1024 1951 1084 umb

742 1166 795 1226 ihre
830 1159 920 1219 klag
955 1153 999 1213 zu
1044 1145 1195 1205 füehren
1231 1136 1364 1196 nacher
1400 1129 1542 1189 Graub
1587 1123 1783 1183 geliesen
1801 1121 1934 1181 habe,

746 1260 873 1320 Wann
883 1252 961 1312 aber
1000 1244 1059 1304 das
1088 1233 1314 1293 Seandalum
1372 1223 1422 1283 an
1470 1218 1539 1278 dem
1607 1214 1705 1274 orth,
1725 1214 1764 1274 wo
1784 1214 1823 1274 es
1852 1216 1989 1276 auf¬

765 1336 961 1396 gebrochen
984 1326 1168 1386 rindiciert
1201 1318 1342 1378 werden
1365 1312 1473 1372 soll,
1506 1307 1593 1367 und
1614 1305 1659 1365 sie
1691 1303 1768 1363 ihre
1779 1303 2006 1363 schwanger¬

707 1435 858 1495 schafft
871 1426 912 1486 zu
952 1419 1117 1479 Geburg
1144 1411 1375 1471 eröffnet,.
1389 1406 1458 1466 So
1485 1404 1525 1464 en
1554 1402 1595 1462 in
1608 1399 1718 1459 gnädige
1731 1395 1841 1455 Herne
1868 1390 1881 1450 H

750 1522 893 1582 Praf.
905 1512 1096 1572 ersuchen
1120 1502 1275 1562 bollen,
1299 1497 1406 1557 diese
1442 1493 1514 1553 sach
1538 1492 1573 1552 zu
1622 1488 1788 1548 arfflen
1812 1486 1908 1546 und

729 1616 769 1676 zu
824 1606 1172 1666 veranstallten,
1198 1597 1279 1657 daß
1319 1594 1387 1654 de
1427 1590 1534 1650 Ashe
1561 1588 1602 1648 in
1629 1585 1723 1645 ihres
1750 1579 1937 1639 genißt

741 1702 851 1762 lauth
880 1697 990 1757 Chrg.
1018 1692 1116 1752 Srd.
1143 1687 1353 1747 Examinie
1381 1684 1436 1744 nM
1450 1682 1505 1742 in
1520 1681 1630 1741 gnädigen
1644 1681 1811 1741 Hercher
1854 1681 1937 1741 ger

733 1787 935 1847 nichtliche
963 1776 1107 1836 ausag
1136 1768 1338 1828 berichtet
1366 1759 1611 1819 werdent.

754 1912 924 1972 Graub
960 1904 1080 1964 Ihnen
1106 1899 1238 1959 obiges
1274 1895 1529 1955 notificieren
1564 1894 1649 1954 mit
1673 1896 1890 1956 anzinen,
1902 1899 1940 1959 ob
1963 1900 2011 1960 sie

761 1995 825 2055 sich
857 1987 1059 2047 wunden
1103 1981 1294 2041 gestellt
1327 1978 1433 2038 und
1465 1978 1550 2038 bey
1592 1978 1646 2038 sie
1688 1978 1881 2038 angeben
1902 1979 1987 2039 habe

750 2084 801 2144 zu
833 2078 1009 2138 berichten,
1041 2070 1196 2130 mithin
1228 2065 1279 2125 sie
1320 2062 1467 2122 wider
1497 2058 1538 2118 in
1560 2057 1612 2117 ihr
1654 2057 1840 2117 habmath
1872 2057 1903 2117 zu

715 2157 883 2217 beisen,
905 2147 1021 2207 umb
1073 2138 1243 2198 allorth
1274 2133 1391 2193 lauth
1422 2127 1728 2187 abgangenen
1781 2125 1939 2185 befelch

721 2241 779 2301 in
802 2233 905 2293 ihrer
951 2221 1135 2281 genißt
1158 2209 1446 2269 Examinicrt
1468 2203 1515 2263 zu
1572 2201 1790 2261 werden.

771 2359 973 2419 Churnen
1026 2352 1081 2412 an
1107 2348 1173 2408 H.
1202 2345 1336 2405 Fred:
1362 2343 1415 2403 den
1457 2341 1725 2401 Hunzigker
1751 2341 1846 2401 über
1872 2341 1899 2401 5.
1914 2342 2006 2402 tag¬

759 2438 844 2498 her
868 2434 916 2494 zu
952 2429 1099 2489 halten,
1111 2427 1147 2487 un
1171 2425 1233 2485 Min
1245 2423 1341 2483 gnädigen
1354 2422 1438 2482 Heren
1462 2422 1536 2482 baß
1584 2422 1657 2482 von
1681 2422 1767 2482 ihme
1803 2423 1996 2483 gescheiben

733 2514 800 2574 ns
835 2511 903 2571 zas
936 2509 971 2569 zu
1016 2506 1175 2566 schiken,
1187 2504 1334 2564 damit
1368 2503 1482 2563 seine
1515 2501 1606 2561 hand
1640 2500 1709 2560 oder
1743 2499 1834 2559 Mar
1856 2498 1958 2558 actes

729 2587 876 2647 erkent
894 2582 1006 2642 berden
1032 2578 1171 2638 könne.

2314 409 2455 469 frarckin

2135 483 2328 543 Gauties
2340 470 2474 530 Harnen.

2111 583 2225 643 Dubuis
2254 568 2415 628 Samuel.

2110 661 2231 721 Varnere
2267 648 2396 708 Jean.

2469 269 2886 329 Schwartzenburg
2930 264 3018 324 Vide
3051 259 3205 319 voriges
3237 255 3370 315 Man:
3402 253 3480 313 Wie
3501 253 3578 313 hind
3600 256 3731 316 bereits

2470 346 2568 406 zeith
2579 343 2689 403 etbaß
2733 339 2854 399 zeiths
2875 335 3051 395 berichtet
3073 328 3248 388 worden,
3270 325 3346 385 waß
3391 323 3599 383 gestalten
3620 322 3707 382 Su¬

2497 430 2573 490 ane
2607 424 2770 484 Gauthier
2802 419 2890 479 eine
2934 414 3163 474 Reffugierte
3219 410 3284 470 sich
3305 406 3578 466 schwangeren
3601 400 3698 460 leibs

2481 514 2552 574 auß
2592 512 2715 572 dieser
2746 508 2859 568 Statt
2889 505 2970 565 und
2991 502 3033 562 in
3073 499 3196 559 deßen
3227 495 3360 555 Amost
3380 489 3544 549 begeben,
3554 487 3676 547 belches

2485 598 2563 658 unß
2596 589 2843 649 veranlaßet
2866 582 2934 642 dem
2978 580 3045 640 He.
3056 576 3237 636 Pfarrh.
3248 573 3292 633 zu
3337 571 3562 631 Altligen,
3584 569 3639 629 als

2502 678 2633 738 belchem
2689 671 2732 731 sie
2777 668 2831 728 dem
2875 663 3041 723 verlauth
3073 658 3139 718 nach
3161 655 3226 715 ihre
3260 647 3611 707 schwangerschafft
3621 636 3699 696 und

2503 763 2612 823 deren
2633 753 2786 813 erheber
2818 747 2992 807 eröffnet
3024 743 3111 803 haben
3132 739 3273 799 sollte,
3296 733 3587 793 anzubefehlen,
3598 722 3674 782 vnß

2452 859 2609 919 deßen,
2620 849 2654 909 so
2676 843 2778 903 ihme
2811 837 2868 897 diß
2891 832 2980 892 orths
3015 828 3048 888 in
3082 826 3274 886 Wüßen,
3296 823 3363 883 den
3396 821 3644 881 benötigten

2485 943 2630 1003 bericht
2654 928 2968 988 einzufenden,
2992 917 3053 977 der
3101 913 3198 973 dato
3234 908 3319 968 auch
3343 901 3668 961 eingelangt,

2457 1040 2535 1100 deß
2573 1028 2757 1088 einhalts
2796 1017 2847 1077 daß
2899 1013 2952 1073 die
2991 1003 3199 1063 Gauthier
3225 996 3291 1056 sich
3317 993 3356 1053 zu
3409 983 3707 1043 Wallisematt

2484 1117 2624 1177 Kinder
2665 1108 2854 1168 Albligen
2876 1101 2955 1161 auf
2975 1094 3136 1154 halte,
3155 1086 3246 1146 und
3275 1081 3336 1141 der
3356 1068 3677 1128 Schlängerung

2488 1206 2579 1266 halb
2601 1196 2747 1256 Beklagt
2770 1188 2883 1248 habe,
2894 1184 2950 1244 1.
2974 1179 3051 1239 Jean
3108 1173 3266 1233 Varnera
3300 1167 3367 1227 von
3402 1162 3526 1222 Kole,
3548 1156 3638 1216 zbey

2491 1299 2578 1359 Tag
2614 1288 2776 1348 hernach
2789 1280 2863 1340 aber
2900 1274 2963 1334 als
2987 1270 3038 1330 sie
3074 1265 3125 1325 zu
3161 1261 3236 1321 dem
3297 1254 3372 1314 H.
3397 1246 3595 1306 Pfarrh.
3607 1240 3682 1300 ins

2493 1386 2590 1446 hauß
2639 1377 2833 1437 können,
2857 1367 2906 1427 sey
2942 1354 3173 1414 allhiesigen
3197 1336 3584 1396 Ballenmeister

2466 1478 2632 1538 Famuel
2661 1466 2838 1526 Dubuis.
2877 1457 2975 1517 Wie
3015 1451 3103 1511 nun
3142 1444 3259 1504 obiges
3299 1439 3357 1499 dem
3406 1436 3466 1496 El.
3485 1435 3602 1495 Praef.
3622 1435 3720 1495 Krind

2496 1560 2691 1620 gemacht
2714 1548 2864 1608 worden
2898 1540 2978 1600 sein
3001 1535 3117 1595 soll;
3151 1530 3312 1590 hättend
3346 1526 3427 1586 wir
3461 1525 3553 1585 Vaß
3599 1525 3644 1585 zu

2478 1655 2592 1715 Ihmer
2615 1645 2842 1705 versechen,
2878 1635 2957 1695 daß
2992 1631 3037 1691 er
3071 1626 3163 1686 unß
3208 1620 3323 1680 deßen
3356 1618 3460 1678 part
3494 1615 3676 1675 gegeben

2484 1743 2605 1803 Wann
2627 1733 2715 1793 aber
2748 1726 2869 1786 solcheß
2913 1720 3034 1780 anch
3056 1716 3166 1776 nicht
3199 1711 3430 1771 beschechen,
3452 1709 3594 1769 habend
3617 1708 3704 1768 wir

2460 1831 2675 1891 denselben
2698 1812 2923 1872 fründtlich
2945 1803 3117 1863 anzinen
3149 1799 3333 1859 wollen,
3365 1799 3429 1859 sich
3450 1799 3591 1859 dieser
3623 1801 3698 1861 sach

2494 1917 2655 1977 genaub
2699 1905 2731 1965 zu
2774 1892 3119 1952 erkundigen,
3151 1886 3248 1946 und
3281 1885 3366 1945 Vnß
3410 1884 3474 1944 deß
3529 1881 3679 1941 hedanß

2511 2001 2734 2061 kommenden
2757 1987 2934 2047 berichten
2969 1984 3005 2044 zu
3051 1979 3216 2039 laßen,
3240 1978 3368 2038 mithi
3403 1976 3486 2036 aber
3509 1975 3557 2035 zu
3592 1974 3720 2034 verg¬

2479 2090 2709 2150 ansalten,
2743 2079 2813 2139 daß
2859 2073 2904 2133 die
2939 2067 3111 2127 Gauthier
3146 2061 3273 2121 nicht
3296 2057 3525 2117 evadiern,
3550 2058 3698 2118 sedig

2472 2186 2588 2246 Ihrer
2626 2164 2972 2224 Bevorstechenden
2997 2153 3164 2213 genißt
3202 2150 3317 2210 durch
3343 2149 3433 2209 zbey
3471 2146 3701 2206 beeydigte

2473 2275 2621 2335 mäner
2663 2254 2932 2314 examiniert
2966 2242 3141 2302 werden.

2486 2386 2574 2446 NB.
2602 2379 2661 2439 der
2675 2375 2734 2435 H.
2762 2368 2892 2428 Dabuis
2908 2359 2994 2419 soll
3024 2352 3111 2412 auf
3125 2346 3285 2406 sonstag
3314 2339 3458 2399 uttiert
3488 2336 3663 2396 werden.
