4032 3024
524 243 551 303 6

468 442 593 502 hüngl.
608 430 748 490 Elstboch.

460 594 621 654 Munger
634 586 752 646 Jacob.

491 1206 653 1266 Facholn
677 1196 752 1256 hatte

772 291 982 351 Shdorff
1014 274 1079 334 bey
1111 259 1240 319 Aerbeg
1289 243 1321 303 u
1337 237 1402 297 fe
1434 229 1515 289 mein
1531 222 1660 282 gnädigen
1676 222 1789 282 Here
1806 235 2017 295 ingesanten

781 373 933 433 bericht,
958 351 1186 411 betteffend
1225 329 1376 389 Elsbeth
1414 315 1542 375 Rugli
1579 309 1643 369 von
1681 307 1909 367 Rauhbece

782 465 804 525 so
838 456 895 516 der
917 448 975 508 ehe
1009 436 1101 496 und
1123 414 1454 474 schwängerung
1487 397 1613 457 halben
1636 392 1818 452 beklage
1864 392 1966 452 Jacob

775 546 934 606 Munger
963 531 1022 591 der
1050 517 1224 577 Kurcherd
1254 501 1428 561 wohlen,
1442 492 1501 552 des
1530 488 1587 548 den
1617 483 1848 543 beyschluchs
1879 484 1964 544 Jahr

775 630 938 690 bekent,
949 613 1135 673 klägern
1147 602 1181 662 zu
1229 589 1392 649 ehelichen
1427 578 1508 638 aber
1544 572 1671 632 umb
1695 572 1810 632 etwas
1847 581 1987 641 oiffin¬

759 715 915 775 cultirt
941 700 1071 760 demin
1084 688 1189 748 gnädigen
1202 677 1306 737 Herrn
1319 670 1357 730 ice
1385 661 1566 721 ansimmen
1592 655 1737 715 wollen
1763 655 1893 715 beyde

762 806 832 866 auf
861 794 1033 854 Montag
1062 778 1190 838 nächst
1205 766 1418 826 kungweg
1448 756 1490 816 den
1505 754 1577 814 83en
1591 751 1647 811 dis
1676 751 1804 811 allhar
1833 754 1992 814 zuhalten

765 1014 998 1074 Biblispurg
1036 1005 1193 1065 Praef.
1218 994 1413 1054 Weillen
1439 986 1568 1046 lauth
1595 982 1659 1042 der
1686 982 1725 1042 zu
1776 984 1998 1044 wetillifhig

765 1108 883 1168 wider
906 1102 1011 1162 saton
1048 1093 1224 1153 Tacholat
1259 1085 1330 1145 von
1354 1082 1449 1142 allda
1495 1079 1778 1139 instruierten
1801 1085 1873 1145 und
1896 1094 2003 1154 meen

776 1200 1007 1260 zogesenten
1033 1192 1187 1252 Proced:
1213 1187 1393 1247 erhelle,
1418 1183 1496 1243 daß
1534 1181 1727 1241 gedachte
1753 1181 1945 1241 Tacholat

749 1307 861 1367 begen
891 1290 1147 1350 verdächtiger
1175 1275 1589 1335 schwangerschafft
1603 1271 1675 1331 end
1703 1271 1788 1331 und
1832 1271 1989 1331 ant¬

747 1396 855 1456 borth
879 1392 916 1452 zu
964 1386 1060 1446 geben
1097 1379 1350 1439 Persöhnlich
1386 1375 1459 1435 vor
1495 1373 1555 1433 der
1579 1373 1712 1433 Ehrb.
1724 1372 1760 1432 zu
1796 1372 1991 1432 erschein

756 1491 899 1551 auturt
922 1484 1077 1544 borden,
1112 1479 1279 1539 anstatt
1304 1474 1423 1534 deßen
1458 1472 1552 1532 aber
1577 1471 1636 1531 den
1660 1469 1839 1529 weithen
1863 1469 1971 1529 gna¬

750 1579 922 1639 nommen,
952 1573 1033 1633 und
1063 1566 1195 1626 lauth
1215 1560 1325 1620 eines
1376 1556 1416 1616 zu
1467 1552 1780 1612 Neubenburg
1821 1554 1971 1614 daliertz

757 1664 936 1724 Anthoine
961 1657 1088 1717 Sauthy
1127 1648 1535 1708 underzeichneten
1575 1643 1612 1703 an
1677 1644 1727 1704 den
1754 1645 1816 1705 H.
1831 1651 1995 1711 Chalelai

754 1763 968 1823 gestellten
981 1754 1182 1814 schreibens
1232 1748 1308 1808 sich
1332 1746 1408 1806 bey
1445 1744 1559 1804 einem
1621 1744 1697 1804 er.
1721 1748 1962 1808 pfarrh.

754 1856 897 1916 hinder
957 1848 1245 1908 Neubenburg
1292 1844 1329 1904 in
1364 1843 1520 1903 dienst
1544 1844 1748 1904 befinden
1771 1848 1902 1908 soll;

749 1952 798 2012 ane
822 1951 873 2011 in
885 1949 985 2009 gnädigen
1009 1947 1097 2007 Herrn
1109 1946 1158 2006 von
1170 1945 1246 2005 Hr
1270 1945 1407 2005 Præef.
1431 1945 1667 2005 frundtlich
1706 1951 1903 2011 ausinen

743 2046 896 2106 wollen,
919 2043 1014 2103 dahs
1050 2042 1085 2102 zu
1133 2039 1346 2099 trachten,
1369 2039 1441 2099 daß
1476 2040 1547 2100 der
1582 2044 1843 2104 eigentliche
1878 2050 1961 2110 orth

746 2144 839 2204 ihres
881 2140 1178 2200 aufenthalts
1205 2136 1503 2196 endtteket,
1530 2135 1705 2195 damit
1720 2137 1787 2197 sie
1813 2138 1964 2198 herr¬

754 2231 983 2291 nachmahls
1018 2229 1086 2289 vor
1121 2228 1190 2288 der
1213 2228 1338 2288 Ehrb.
1350 2228 1396 2288 zu
1441 2228 1671 2288 erscheinen
1705 2230 1913 2290 perom.

742 2326 956 2386 Rogatoria
991 2323 1158 2383 cittiert,
1194 2324 1289 2384 und
1313 2325 1396 2385 auß
1431 2329 1658 2389 bleibenden
1670 2334 1776 2394 fahls
1812 2337 1896 2397 mit
1919 2339 1967 2399 der

758 2405 976 2465 contumacia
1020 2406 1201 2466 bedrohet
1238 2410 1391 2470 werden
1409 2411 1571 2471 könne.

2306 359 2322 419 R

2101 466 2293 526 Langhauß
2329 447 2426 507 Fel.

2165 521 2347 581 recrt.

2099 662 2245 722 Fruber
2268 647 2427 707 Wittfel¬

2092 1214 2252 1274 Müller
2279 1196 2438 1256 Barbara

2074 1312 2206 1372 Engel
2256 1288 2388 1348 Ruch.

2124 2124 2283 2184 Ogger
2309 2110 2402 2170 Haus

3631 236 3655 296 2

2454 330 2559 390 Über
2593 323 2778 383 gethanem
2837 320 2975 380 anzug
3009 320 3079 380 wie
3102 320 3161 380 daß
3206 320 3254 380 die
3276 321 3416 381 frauto
3439 322 3659 382 Langhauß

2469 415 2511 475 die
2532 410 2746 470 Seiiterin
2811 406 2897 466 Eine
2918 403 3216 463 verdächtigen
3270 400 3430 460 einzug
3463 397 3601 457 halte

2449 491 2559 551 ward
2592 487 2735 547 dieselbe
2779 487 2978 547 darüber
3000 488 3131 548 suret
3166 488 3407 548 gestellt,
3429 481 3551 541 welche
3584 471 3660 531 aber

2457 577 2586 637 solchen
2642 571 2883 631 gäntzlichen
2911 568 3134 628 vermeinet
3198 565 3412 625 bekennet
3440 560 3533 620 aber,
3552 555 3625 615 daß

2451 666 2516 726 Sie
2544 659 2600 719 die
2629 648 2890 708 Wittfrauw
2946 644 3114 704 Grubes
3152 644 3236 704 auß
3264 642 3488 702 erbärmbd
3526 636 3591 696 bey

2436 745 2520 805 Ihre
2547 734 2575 794 in
2602 727 2715 787 acht
2743 722 2799 782 sag
2840 721 3049 781 geduldet,
3078 722 3217 782 haben
3230 721 3342 781 gnädigen
3357 716 3468 776 Heren
3482 707 3580 767 elbe

2438 825 2520 885 für
2552 805 2764 865 dißmahl
2798 799 3041 859 rlaßen,
3057 800 3139 860 und
3173 802 3271 862 solle
3287 800 3369 860 sich
3401 790 3615 850 alleß¬

2437 883 3059 943 Verdachtsmüeßigen:

2441 1057 2623 1117 Brachte
2664 1048 2715 1108 die
2745 1044 2888 1104 außer
2918 1043 3112 1103 hebammen
3152 1043 3295 1103 an,
3336 1042 3397 1102 die
3448 1040 3621 1100 Barbara

2473 1160 2637 1220 Müller
2675 1149 2773 1209 seye
2831 1138 3083 1198 wolichenn
3112 1129 3354 1189 sambstag
3393 1125 3423 1185 in
3461 1122 3606 1182 beysein

2469 1256 2590 1316 wegen
2626 1245 2822 1305 weiben
2846 1234 3005 1294 kindts
3029 1226 3225 1286 gewesen,
3237 1220 3335 1280 undt
3360 1216 3470 1276 auff
3506 1213 3580 1273 den

2436 1346 2538 1406 Rudi
2570 1333 2704 1393 Engel
2745 1319 2973 1379 verharret:
3013 1309 3190 1369 Hierüber
3210 1302 3314 1362 ward
3355 1296 3530 1356 erbent,
3550 1288 3633 1348 daß

2413 1428 2478 1488 Sie
2504 1419 2636 1479 beyde
2675 1409 2768 1469 nach
2807 1404 2872 1464 der
2899 1396 3135 1456 Kindebett
3174 1388 3370 1448 erscheinen
3396 1381 3582 1441 sollen.

2597 1581 2845 1641 Sonstags
2887 1570 2929 1630 den
2956 1566 3053 1626 4ten
3067 1561 3191 1621 vbris
3220 1552 3373 1612 1732.

2868 1666 3066 1726 Prases

2734 1745 2938 1805 Mengde
2960 1735 3073 1795 ener
3096 1729 3153 1789 von
3164 1726 3346 1786 Mühlinn

2818 1808 3067 1868 Assessores

2444 1891 2632 1951 Mengde
2643 1891 2703 1951 er
2808 1887 2831 1947 e
2854 1885 2914 1945 Der
2937 1882 3042 1942 Decan
3067 1876 3102 1936 et
3125 1874 3172 1934 H.
3195 1868 3314 1928 Praf.
3325 1864 3337 1924 a
3360 1857 3667 1917 Watseville.

2438 2033 2526 2093 Vide
2559 2028 2713 2088 voriges
2746 2021 2878 2081 Man:
2911 2009 3264 2069 Frausbrunge
3309 1997 3451 2057 Praf:
3474 1993 3651 2053 Auß¬

2457 2111 2711 2171 Coweylicher
2745 2095 2896 2155 einlag
2931 2086 3069 2146 werde
3105 2081 3139 2141 Er
3173 2080 3220 2140 zu
3266 2074 3463 2134 ersechen
3485 2074 3602 2134 haben,
3625 2074 3682 2134 baß

2434 2215 2521 2275 Meign
2535 2204 2621 2264 Hdge
2648 2196 2697 2256 ie
2710 2190 2823 2250 rRräath
2847 2179 3012 2239 ratione
3061 2173 3174 2233 Hanß
3225 2170 3388 2230 Sggers
3427 2168 3552 2228 deßen
3565 2169 3690 2229 Ampt

2449 2289 2729 2349 angehörigen
2751 2275 2929 2335 Erkänt,
2953 2267 3019 2327 daß
3054 2264 3087 2324 er
3120 2260 3310 2320 namblc.
3333 2258 3411 2318 sein
3433 2259 3602 2319 anligen
3624 2265 3670 2325 en

2443 2383 2540 2443 eine
2579 2374 2735 2434 Sapt:
2754 2363 2918 2423 bringen
2958 2354 3045 2414 und
3083 2348 3131 2408 der
3161 2341 3316 2401 Canzley
3356 2336 3539 2396 eingeben
3559 2335 3646 2395 solle

2439 2463 2577 2523 damit
2590 2457 2641 2517 sie
2665 2453 2717 2513 Ihr
2741 2447 2881 2507 erstl.
2906 2440 3006 2500 Genl.
3019 2435 3094 2495 Herr
3107 2430 3296 2490 Gischoffen
3308 2427 3372 2487 von
3397 2426 3548 2486 Basell
3573 2428 3713 2488 über¬

2426 2549 2553 2609 ndt
2573 2541 2657 2601 und
2700 2528 2982 2588 Recomendiert
3004 2519 3151 2579 werden,
3161 2516 3255 2576 abne
