4032 3024
445 465 581 525 dupuis
603 454 710 514 mare

576 503 720 563 Jndith.

438 625 599 685 Reymond
626 612 734 672 Dasid.

427 724 598 784 Rouillien
614 713 733 773 Susanne

453 1609 567 1669 Girard
592 1597 733 1657 Pierre.

445 2386 535 2446 Köng
560 2378 709 2438 Niclaus.

726 775 746 835 1

747 255 955 315 Pavigni,
979 238 1065 298 Iide
1089 224 1224 284 voriges
1261 209 1396 269 Man.
1408 199 1530 259 1037.
1554 190 1714 250 Weillen
1726 189 1836 249 lauth
1849 192 1947 252 ihreß

762 335 807 395 Mn
898 319 1138 379 eingesenten
1172 295 1321 355 berichts
1343 281 1400 341 die
1434 272 1548 332 Marae
1582 264 1708 324 Jadith
1742 262 1902 322 Basome,
1925 271 2017 331 so¬

760 411 820 471 ihr
844 407 868 467 zu
904 399 1000 459 Lullg
1036 389 1097 449 zur
1121 375 1266 435 Welldt
1290 359 1470 419 gebohrne
1506 348 1591 408 Kind
1627 344 1724 404 sein
1759 345 1867 405 Coid
1904 357 2023 417 hegmed

767 501 824 561 von
839 491 986 551 Larigei
1015 466 1279 526 zugebracht,
1293 446 1381 506 und
1410 434 1526 494 frßen
1543 426 1674 486 Vatter
1702 422 1819 482 nicht
1835 426 2009 486 entregt

767 592 906 652 weden,
920 579 990 639 sich
1018 561 1198 621 füchtig
1227 538 1421 598 gemacht
1434 526 1505 586 ehe
1532 520 1616 580 und
1644 517 1839 577 beseognädigen
1853 522 1937 582 Hege
1964 531 2035 591 ete

772 668 1043 728 Erkandtnuß
1085 646 1125 706 an
1165 633 1275 693 ihnen
1302 615 1492 675 sxequiert
1505 602 1628 662 werden
1655 596 1791 656 können,
1818 597 1887 657 und
1900 602 1994 662 allso

758 762 807 822 das
831 755 933 815 kung
957 743 1082 803 zusuk
1120 723 1307 783 gelaßen,
1319 707 1395 767 und
1419 700 1456 760 es
1482 692 1569 752 nan
1606 683 1769 743 darumb
1793 679 1832 739 zu
1869 679 1968 739 thun

754 839 822 899 sein
853 830 990 890 wolle,
1010 820 1069 880 sie
1098 812 1128 872 es
1158 797 1365 857 dermahlen
1394 781 1463 841 mit
1493 774 1542 834 dem
1591 767 1690 827 kind
1730 764 1877 824 gehalten
1896 771 2016 831 werden,

747 918 877 978 solle,
898 907 996 967 wle
1017 898 1072 958 min
1083 889 1170 949 gnädigen
1180 881 1257 941 Herrn
1267 873 1344 933 hnen
1365 867 1397 927 in
1418 857 1614 917 antworten
1626 848 1864 908 verdeüten,
1875 849 1940 909 daß
1962 852 2004 912 sie

748 1010 801 1070 sie
827 998 1043 1058 erhaltung
1082 981 1150 1041 deß
1190 970 1324 1030 Kindts
1351 960 1445 1020 ihrer
1485 953 1592 1013 Tacte
1619 946 1753 1006 Susare
1793 944 1980 1004 Rouillies

751 1099 814 1159 von
840 1091 931 1151 Lüllig
956 1084 1007 1144 bey
1034 1076 1123 1136 deren
1149 1069 1201 1129 die
1240 1059 1394 1119 Dupocis
1407 1050 1561 1110 kindts
1587 1045 1741 1105 gelegen,
1767 1043 1845 1103 und
1858 1043 1972 1103 belche

736 1191 868 1251 solcheß
894 1175 1053 1235 bereits
1079 1163 1159 1223 auch
1185 1151 1450 1211 verpflaget,
1463 1140 1609 1200 hiemit
1635 1132 1874 1192 überlaßen.

753 1324 923 1384 Lohanen
951 1315 989 1375 Ob
1028 1309 1094 1369 den
1120 1304 1174 1364 ine
1187 1299 1292 1359 gnädigen
1304 1295 1397 1355 Herrn
1410 1290 1476 1350 seye
1515 1288 1581 1348 von
1607 1286 1660 1346 der
1686 1286 1949 1346 Ehrbahrkeit
1962 1291 2001 1351 zu

753 1411 903 1471 Kaagen
926 1402 983 1462 der
1007 1396 1145 1456 bericht
1168 1386 1468 1446 eingelangt,
1491 1381 1549 1441 bie
1595 1378 1665 1438 daß
1722 1376 1849 1436 Manie
1871 1373 1987 1433 Sudita

746 1501 910 1561 Papoius
935 1491 1010 1551 vor
1036 1485 1150 1545 etwaß
1200 1476 1314 1536 zeiths
1352 1470 1391 1530 zu
1428 1465 1528 1525 Lullig
1555 1459 1680 1519 kindts
1719 1453 1884 1513 geniesen
1909 1450 1971 1510 und

768 1578 850 1638 un
902 1571 1070 1631 gebüßen
1100 1561 1329 1621 unbekanten
1360 1553 1474 1613 Paerre
1505 1548 1630 1608 ziard
1651 1544 1745 1604 zunn
1766 1543 1891 1603 Vatter
1911 1543 1953 1603 deß

759 1655 1003 1715 ernamset,
1024 1643 1186 1703 darüber
1228 1634 1310 1694 aber
1350 1630 1412 1690 den
1442 1625 1616 1685 weithen
1646 1621 1891 1681 genommen:
1911 1619 2015 1679 Wann

768 1744 838 1804 aber
873 1737 1026 1797 nöthig,
1037 1731 1107 1791 daß
1155 1726 1202 1786 ser
1248 1721 1378 1781 wahre
1413 1716 1542 1776 Vatter
1577 1712 1612 1772 in
1660 1711 1695 1771 so
1719 1708 1835 1768 weith
1848 1707 2011 1767 müglich

753 1836 797 1896 an
842 1833 919 1893 tag
942 1826 1075 1886 komme
1131 1817 1207 1877 und
1231 1813 1285 1873 sie
1318 1807 1452 1867 sambt
1474 1801 1530 1861 den
1552 1798 1696 1858 ihrigen
1718 1792 1874 1852 sonsten
1895 1789 1995 1849 heinder

748 1928 827 1988 Ehes
862 1916 1080 1976 vonhafft,
1103 1905 1206 1965 wol
1217 1902 1273 1962 min
1285 1898 1377 1958 gnädigen
1388 1894 1468 1954 Herre
1480 1892 1526 1952 sie
1560 1887 1800 1947 angesonnen
1823 1881 1973 1941 haben,

749 2016 828 2076 bohl
851 2007 920 2067 auf
942 2001 1046 2061 selbe
1068 1992 1273 2052 zurachten,
1296 1986 1365 2046 auf
1388 1982 1559 2042 betreten
1570 1975 1799 2035 einsezen,
1822 1967 1914 2027 umb
1936 1962 1993 2022 den

744 2098 886 2158 wahren
910 2086 1019 2146 Vatter
1041 2081 1097 2141 deß
1140 2075 1273 2135 kindts
1295 2070 1426 2130 scharof
1460 2065 1658 2125 befragen
1702 2058 1778 2118 und
1801 2052 1889 2112 näenh

749 2183 817 2243 deß
844 2170 1236 2230 heraußkommenden
1263 2162 1399 2222 bericht
1439 2159 1466 2219 zu
1508 2155 1671 2215 laßen.

734 2316 825 2376 Vider
837 2311 963 2371 voriges
1009 2309 1113 2369 Man.
1136 2308 1227 2368 Über
1261 2309 1527 2369 eingelangte
1538 2308 1641 2368 Schrben
1654 2308 1699 2368 von
1711 2306 1802 2366 Herrn
1813 2303 1917 2363 Fras

759 2394 813 2454 bie
846 2392 912 2452 daß
955 2390 1107 2450 Niclaus
1140 2389 1271 2449 König
1315 2388 1380 2448 von
1413 2386 1707 2446 Wallkringen
1730 2382 1784 2442 sich
1805 2378 1969 2438 slüchtig

759 2474 938 2534 gemacht
959 2473 1086 2533 under
1118 2473 1329 2533 deßtbegen
1360 2474 1414 2534 der
1455 2473 1634 2533 fortigen
1667 2468 1794 2528 Wirthi
1825 2463 1878 2523 die
1900 2455 2004 2515 citatioa

758 2560 852 2620 nicht
872 2558 1007 2618 anlegen
1017 2557 1111 2617 laßen
1142 2557 1246 2617 ward
1266 2557 1423 2617 erkent,
1443 2557 1484 2617 das
1495 2555 1588 2615 Scren
1599 2554 1630 2614 in
1651 2553 1703 2613 den
1733 2548 1827 2608 Ghorg
1858 2543 1911 2603 tag

753 2634 800 2694 zu
824 2637 917 2697 lagen
939 2638 950 2698 4
998 2636 1045 2696 von
1067 2629 1220 2689 tharkeg.

2165 490 2293 550 Tantzen
2303 480 2336 540 an

2199 550 2365 610 Sontagen

2135 1602 2237 1662 Jenne
2249 1595 2418 1655 Cmnanul.

2088 1717 2191 1777 Koller
2214 1712 2278 1772 Anna
2309 1703 2427 1763 Maria

2102 2311 2214 2371 Sische
2252 2307 2416 2367 Susanne

2233 2363 2406 2423 Salone.

2085 2494 2293 2554 Hagnauter
2316 2489 2459 2549 Danil.

2480 250 2745 310 Guggisperg
2781 249 2889 309 Cons.
2913 247 2998 307 Wir
3022 242 3178 302 habend
3202 238 3298 298 mit
3322 235 3527 295 sonderem

2474 322 2620 382 unkteb
2654 319 2885 379 vernemmen
2919 314 3116 374 müeßen
3159 308 3210 368 bie
3245 306 3424 366 ärgerich
3449 305 3527 365 und
3552 305 3716 365 unge¬

2477 398 2644 458 bunden
2677 397 2710 457 es
2743 392 3033 452 widermahlen
3066 387 3121 447 bey
3155 385 3233 445 Euch
3266 381 3356 441 mit
3378 379 3656 439 offentlichem

2470 480 2617 540 Jantzen
2640 475 2685 535 an
2720 471 2935 531 sontagen
2957 464 3174 524 hargechet
3196 460 3287 520 snd
3320 456 3411 516 waß
3457 452 3537 512 für
3559 449 3719 509 erger¬

2483 559 2563 619 uuß
2610 556 2667 616 bez
2703 550 2934 610 Christlichen
2968 541 3245 601 gemünteren
3269 533 3453 593 dardurch
3488 525 3719 585 verursachet

2460 644 2632 704 werte:
2671 637 2757 697 Wie
2796 631 2891 691 nun
2930 625 3045 685 solchen
3073 619 3160 679 und
3188 611 3427 671 dergleichen
3456 602 3697 662 ügiikeiten

2473 726 2518 786 zu
2552 719 2713 779 steüren
2747 712 2828 772 und
2862 704 3137 764 abzuhellffen
3160 697 3297 757 oblegt;
3331 694 3378 754 So
3400 691 3537 751 habend
3571 688 3652 748 wie

2476 804 2550 864 Euch
2582 800 2678 860 alleß
2710 794 2817 854 ernst
2859 787 3051 847 erinneren
3083 782 3255 842 wollen,
3276 779 3361 839 auch
3382 778 3468 838 solch
3489 775 3681 835 fehlbahre

2466 896 2562 956 wohl
2585 886 2620 946 zu
2668 875 2810 935 achten,
2835 867 2941 927 solche
2978 864 3074 924 ohne
3121 862 3311 922 ansechen
3336 860 3395 920 der
3419 859 3598 919 Persohn
3622 855 3692 915 nach

2461 976 2672 1036 vorschrifft
2705 964 2750 1024 der
2782 954 3016 1014 Chorgrichts
3038 944 3205 1004 satzung
3248 939 3293 999 zu
3326 937 3515 997 straffen,
3538 934 3627 994 und
3659 934 3692 994 so

2458 1057 2515 1117 sie
2550 1048 2620 1108 sich
2643 1038 2759 1098 nicht
2782 1024 3096 1084 underheüchen
3119 1014 3258 1074 wolten
3281 1009 3340 1069 sol
3364 1008 3410 1068 in
3421 1006 3515 1066 gnädigen
3526 1003 3618 1063 Herrn
3630 1001 3665 1061 zu

2455 1135 2667 1195 verlenden
2709 1116 2794 1176 und
2814 1104 2995 1164 zugleich
3016 1094 3068 1154 har
3100 1090 3132 1150 zu
3174 1084 3333 1144 hallten,
3354 1078 3449 1138 und
3470 1076 3661 1136 weillen

2778 1155 2870 1215 tig
2901 1150 3001 1210 s.

2472 1223 2541 1283 deß
2599 1214 2635 1274 den
2658 1209 2716 1269 17.
2739 1202 2798 1262 fus
2855 1192 2926 1252 und
2961 1185 3041 1245 solch
3053 1174 3309 1234 offenitliches
3344 1165 3438 1225 tanz
3461 1163 3670 1223 beschachen

2459 1299 2627 1359 sollend
2655 1291 2712 1351 sie
2754 1285 2823 1345 sie
2853 1273 3063 1333 corection
3092 1264 3161 1324 bey
3203 1259 3329 1319 denen
3343 1258 3470 1318 selben
3485 1260 3739 1320 auffangen

2461 1438 2569 1498 sedel
2641 1432 2665 1492 e
2689 1428 2784 1488 gnign
2796 1423 2881 1483 Hrre
2905 1420 2929 1480 r
2953 1417 2990 1477 .
3014 1410 3289 1470 Desellschafft
3313 1404 3349 1464 zu
3398 1402 3709 1462 Schumacheren

2472 1513 2538 1573 mr
2560 1504 2759 1564 Eimanuel
2792 1495 2903 1555 Jenner
2936 1490 2992 1550 Ihr
3025 1486 3168 1546 zunfft
3190 1480 3433 1540 angehörige
3477 1478 3555 1538 habe
3588 1480 3744 1540 bebilg¬

2458 1590 2616 1650 leigung
2646 1580 2804 1640 begehrt
2835 1573 2894 1633 sich
2923 1570 3013 1630 mit
3042 1565 3141 1625 Anna
3180 1561 3319 1621 Maria
3348 1556 3477 1616 Keller
3517 1553 3587 1613 von
3607 1549 3725 1609 alhier

2472 1669 2715 1729 verEhelichen
2747 1658 2789 1718 zu
2820 1652 2980 1712 konen.
3000 1646 3075 1706 Wie
3096 1643 3128 1703 ab
3160 1641 3213 1701 Min
3224 1639 3308 1699 gnädigen
3319 1636 3404 1696 Heren
3414 1634 3509 1694 nicht
3530 1629 3669 1689 bußen

2480 1753 2642 1813 mögen,
2654 1744 2700 1804 ob
2735 1739 2794 1799 sich
2817 1733 2934 1793 etlaß
2980 1726 3097 1786 wider
3131 1720 3282 1780 sieheen
3317 1715 3375 1775 ehe
3422 1710 3562 1770 hervor
3597 1705 3689 1765 Thun

2480 1834 2653 1894 möchte;
2677 1823 2723 1883 So
2757 1814 2897 1874 habend
2920 1808 2977 1868 sie
3001 1805 3058 1865 die
3081 1801 3140 1861 herr
3163 1796 3394 1856 vorgesetzten
3418 1789 3534 1849 seßen
3557 1783 3743 1843 benacht¬

2454 1920 2652 1980 richtigen,
2679 1905 2758 1965 und
2784 1896 2891 1956 selbe
2918 1885 3116 1945 fründlc.
3130 1878 3249 1938 anuch
3290 1875 3342 1935 oe
3383 1874 3436 1934 ein
3449 1874 3555 1934 gnädigen
3568 1874 3688 1934 Herren

2464 2022 2555 2082 ihre
2594 2004 2778 2064 Willfahr
2806 1989 2884 2049 oder
2910 1973 3173 2033 Weigerungs
3212 1960 3408 2020 gründen
3421 1957 3460 2017 zu
3499 1954 3724 2014 berichten.

2966 2057 3128 2117 Rehana

2466 2148 2622 2208 Kraul
2668 2135 2780 2195 Cons:
2802 2124 3005 2184 Demmnach
3038 2113 3207 2173 Salome
3251 2108 3386 2168 Fischer
3420 2107 3487 2167 von
3510 2109 3700 2169 Jofingen

2468 2239 2528 2299 der
2552 2225 2710 2285 ehehalb
2734 2207 2989 2267 angesprochen
3025 2195 3171 2255 daniel
3207 2188 3439 2248 Hagnauber
3475 2185 3571 2245 ihren
3597 2183 3717 2243 Kunget

2465 2319 2634 2379 brigen,
2660 2305 2720 2365 von
2746 2298 2830 2358 ihrer
2867 2282 3111 2342 eheansprach
3124 2272 3209 2332 aber
3234 2266 3320 2326 guth
3332 2261 3442 2321 billig
3466 2255 3661 2315 biderumb

2468 2395 2785 2455 abgestanden:
2810 2378 3010 2438 derobegen,
3022 2370 3058 2430 so
3070 2367 3128 2427 habe
3153 2362 3199 2422 in
3211 2357 3306 2417 gnädigen
3317 2353 3400 2413 Heren
3424 2348 3553 2408 ohane
3577 2344 3720 2404 Eeg¬

2451 2485 2731 2545 versprechung
2778 2466 3023 2526 aufgehoben,
3046 2456 3106 2516 die
3140 2448 3280 2508 Fischer
3316 2443 3351 2503 in
3385 2438 3538 2498 vorige
3573 2434 3726 2494 frey¬

2441 2577 2528 2637 heit
2553 2571 2740 2631 gesetzet;
2789 2558 2927 2618 worbey
2964 2549 3039 2609 wir
3088 2542 3151 2602 den
3176 2533 3426 2593 hagnarter
3462 2525 3538 2585 auß
3574 2522 3713 2582 erhaben
