4032 3024
483 226 568 286 10.

425 677 521 737 Ranb
545 668 618 728 Joh.
630 661 738 721 Borepote

435 1195 613 1255 Lengacher
625 1193 741 1253 Anman

432 1292 567 1352 Wittle
598 1282 756 1342 Erauul.

437 2164 536 2224 langen
544 2158 618 2218 fager
634 2154 741 2214 Thoner

436 2227 521 2287 Witt
533 2222 586 2282 ver
606 2216 768 2276 Rathan.

425 2295 546 2355 käüel
582 2288 775 2348 Landtschl.

538 2572 600 2632 66
637 2562 648 2622 J

770 244 879 304 lichen
903 231 1073 291 geunden
1097 215 1279 275 verfellt
1303 204 1363 264 ihra
1400 199 1473 259 furh
1497 197 1568 257 ihre
1594 197 1774 257 dißehrts
1788 209 1956 269 erlitten

772 323 889 383 ebßten
910 311 1015 371 funf
1059 298 1154 358 Born
1175 286 1324 346 kronen
1345 274 1546 334 entrichten
1556 268 1631 328 ihro
1674 268 1757 328 aber
1790 271 1853 331 des
1875 275 1950 335 von¬

762 401 870 461 Ihme
910 370 1225 430 empfangene
1265 340 1469 400 gulldene
1496 328 1606 388 ring
1633 323 1988 383 ergenthumtlich

1453 416 1543 476 Vnd
1570 406 1713 466 btillen
1739 404 1791 464 der
1818 412 1999 472 hagneuben

1091 450 1180 510 6

770 477 946 537 verbleiben
958 456 1082 516 solle.

756 570 826 630 ver
854 558 983 618 meths
997 538 1211 598 bekruet,
1225 521 1296 581 daß
1324 511 1368 571 er
1396 502 1481 562 mit
1509 490 1665 550 Johanna
1695 482 1852 542 Dosepsla
1894 485 1965 545 von

761 652 876 712 Sande
914 639 953 699 so
966 634 1004 694 er
1043 623 1119 683 mit
1146 612 1222 672 sich
1249 603 1299 663 ins
1326 594 1441 654 land
1467 582 1647 642 gebracht
1672 574 1762 634 und
1787 572 1864 632 für
1877 573 1992 633 seine

770 733 914 793 Ehefel.
942 707 1172 767 außgeben,
1187 683 1389 743 niemahr
1417 668 1532 728 Ehrlich
1547 658 1834 718 eingesegnet
1848 656 1994 716 worden,

764 816 932 876 weruind
961 797 1017 857 sie
1031 779 1285 839 angesonmen
1313 764 1411 824 selbe
1439 757 1524 817 auf
1552 749 1721 809 Montag
1749 743 1792 803 den
1806 739 1891 799 15ten
1905 738 1946 798 diß

783 895 903 955 alhe
922 883 983 943 er
1002 871 1122 931 Richts
1144 861 1182 921 zu
1223 851 1385 911 halben.

765 1041 1017 1101 Sprichenbach
1053 1022 1209 1082 Kinpts
1234 1011 1462 1071 Srutigen:
1486 1002 1690 1062 Demnach
1715 998 1798 1058 Anna
1822 997 2002 1057 Eengaches

762 1134 842 1194 Ihre
884 1115 1101 1175 Angehrige
1154 1098 1236 1158 mit
1262 1087 1508 1147 klagendem
1561 1077 1765 1137 beuschlaff
1791 1075 1846 1135 der
1873 1073 2037 1133 Ehehalten

785 1211 1035 1271 angesprochen
1075 1190 1286 1250 Ermanuel
1314 1180 1458 1240 Witber
1486 1173 1551 1233 von
1564 1167 1789 1227 Kufenen,
1817 1161 1869 1221 der
1882 1157 1961 1217 ihro

786 1310 865 1370 aber
911 1298 957 1358 seß
991 1289 1071 1349 emt
1105 1280 1185 1340 und
1219 1272 1392 1332 anderen
1414 1267 1448 1327 in
1495 1263 1598 1323 abred
1632 1258 1815 1318 gebesen,
1838 1253 1918 1313 und
1941 1248 1986 1308 sie

772 1398 966 1458 harüberzy
1001 1381 1069 1441 ihre
1103 1365 1355 1425 eheansprach
1379 1352 1469 1412 nicht
1505 1346 1676 1406 bebeisen
1698 1341 1858 1401 konnen:
1881 1340 1984 1400 Droe

764 1494 847 1554 bege
887 1479 1052 1539 ohemen
1066 1466 1175 1526 gnädigen
1189 1456 1300 1516 Heren
1313 1447 1465 1507 othane
1492 1435 1739 1495 Ehrausprach
1753 1430 2001 1490 aufgehoben,

767 1588 828 1648 sie
854 1572 1152 1632 beyderseiths
1191 1557 1227 1617 in
1278 1548 1438 1608 vorige
1477 1536 1663 1596 freyheit
1700 1527 1887 1587 gesetzet,
1913 1523 1974 1583 und

779 1672 884 1732 ihnen
918 1656 1175 1716 nachgelaßen
1211 1644 1280 1704 sich
1314 1637 1408 1697 nach
1432 1631 1524 1691 glub
1560 1621 1863 1681 andertbärtig
1899 1609 1933 1669 zu

779 1760 1079 1820 verfhelichen.
1106 1742 1271 1802 Worbey
1311 1729 1488 1789 Machlsie
1530 1722 1598 1782 als
1611 1719 1694 1779 auß
1721 1714 1830 1774 ihrem
1884 1711 2036 1771 mund¬

782 1853 1012 1913 gerichtet,
1033 1840 1168 1900 allhier
1211 1832 1283 1892 zus
1315 1821 1596 1881 abbueßung
1638 1805 1826 1865 gehalten.
1847 1793 1951 1853 Vnd

1489 1873 1730 1933 vnerlauhete,

782 1948 952 2008 Weillen
981 1936 1030 1996 sie
1071 1926 1220 1986 under
1260 1918 1360 1978 ihnen
1389 1913 1489 1973 eine
1528 1906 1827 1966 machenschafft
1838 1900 2007 1960 errichtet

783 2035 899 2095 lauth
918 2027 1121 2087 welcheren
1160 2019 1198 2079 er
1227 2015 1295 2075 ihro
1343 2008 1479 2068 damit
1508 2001 1605 2061 alleß
1644 1997 1702 2057 Tod
1730 1995 1808 2055 und
1837 1993 2011 2053 absege,

786 2119 898 2179 zeihen
920 2112 1065 2172 kronen
1087 2099 1344 2159 entrichtet,
1355 2087 1456 2147 wln
1467 2080 1524 2140 min
1535 2077 1624 2137 gnädigen
1636 2072 1714 2132 Herrn
1725 2068 1792 2128 selbe
1815 2063 2006 2123 Confircirt

800 2206 869 2266 und
903 2199 995 2259 jeden
1017 2193 1075 2253 von
1109 2187 1212 2247 dreyn
1247 2183 1304 2243 die
1339 2177 1442 2237 diese
1489 2167 1809 2227 machenschafft
1832 2158 2004 2218 eerichtet

803 2289 865 2349 als
885 2286 938 2346 den
969 2280 1104 2340 komas
1146 2269 1459 2329 Langenegger
1500 2260 1668 2320 Anthan
1709 2251 1865 2311 Wittber
1918 2245 1980 2305 und

795 2370 1088 2430 Landtschreiber
1136 2364 1210 2424 von
1246 2360 1381 2420 Aanel
1417 2355 1527 2415 umb
1565 2352 1601 2412 15
1637 2348 1699 2408 lb.
1711 2345 1784 2405 buß
1820 2337 2004 2397 gestrafft

799 2455 845 2515 die
867 2448 995 2508 allhier
1018 2442 1169 2502 bereits
1191 2440 1352 2500 bezogen
1376 2436 1550 2496 worden.

816 2576 931 2636 Obiges
956 2572 1022 2632 Hr
1035 2570 1137 2630 Praef.
1164 2569 1189 2629 zu
1241 2567 1434 2627 srutigen
1459 2566 1667 2626 notificien
1718 2560 1794 2620 mit
1807 2553 2015 2613 frundtl.

2467 235 2639 295 gesinen
2666 235 2847 295 bedenten
2882 233 2891 293 3
2936 230 3117 290 manern,
3135 226 3162 286 so
3189 224 3235 284 die
3271 223 3569 283 mahenschafft
3587 225 3730 285 errühtet

2457 318 2534 378 ihre
2556 310 2775 370 dißöhrtige
2809 301 3007 361 ungebühr
3018 297 3171 357 kehfftig
3194 295 3227 355 zu
3260 292 3480 352 verbethen,
3501 289 3568 349 und
3590 288 3634 348 se

2442 407 2538 467 dahy
2561 397 2597 457 zu
2633 386 2776 446 bedrhen
2800 378 2837 438 dn
2860 375 2908 435 mn
2921 371 3015 431 gnädigen
3028 366 3124 426 Herren
3148 364 3160 424 e
3183 361 3244 421 bey
3279 358 3410 418 erster
3435 353 3590 413 Rledich
3614 348 3698 408 mit

2455 471 2690 531 gemusener
2718 459 2858 519 straff
2885 452 3010 512 belegen
3039 443 3232 503 wurden.

2430 656 2624 716 Consied:
2647 647 2705 707 V.
2716 640 2876 700 Boriges
2912 629 3049 689 Man.
3072 620 3221 680 Weilen
3268 607 3462 667 Jeanelon
3509 591 3691 651 Neyroud

2446 736 2545 796 von
2588 721 2773 781 Cardonne
2828 715 2882 775 ihr
2916 712 2992 772 zur
3025 710 3123 770 welt
3156 702 3386 762 gebohrner
3418 686 3560 746 kindt

2134 781 2313 841 Negand
2329 763 2403 823 han

2469 810 2642 870 Erstnach
2674 805 2724 865 der
2756 798 2929 858 genißt
2961 790 3032 850 dem
3104 778 3340 838 Anthoine
3370 764 3555 824 Maislin
3596 756 3637 816 zu

2467 890 2687 950 gesrgnet,
2708 879 2803 939 undt
2835 873 2877 933 Er
2908 869 2961 929 die
2993 864 3088 924 that
3119 856 3371 916 laugnet.
3392 848 3477 908 Alß
3519 841 3708 901 habindt

2103 894 2263 954 Maislin
2286 878 2457 938 Anthonis¬

2420 975 2770 1035 MgngeHren
2782 955 2903 1015 dieser
2927 947 3132 1007 anbleydt
3168 938 3387 998 liberirt
3422 931 3495 991 Ihn
3531 920 3665 980 dar-

2429 1077 2558 1137 kindt
2593 1057 2746 1117 sambt
2770 1044 2923 1104 deßen
2959 1032 3218 1092 erhaltung
3253 1019 3524 1079 überlaßen,
3559 1006 3665 1066 undt

2447 1147 2581 1207 deßen
2614 1137 2680 1197 Sie
2704 1123 2972 1183 nachrichtlich
3017 1107 3340 1167 verständigen
3364 1097 3565 1157 wollen:
3576 1094 3632 1154 V.
3654 1091 3732 1151 Ihrt

2456 1211 2536 1271 halb
2561 1208 2653 1268 darn
2678 1202 2758 1262 auch
2783 1189 3191 1249 einumbständtliches
3215 1177 3367 1237 Gortang
3390 1174 3461 1234 Mein
3472 1174 3566 1234 gnädigen
3577 1174 3660 1234 Herre

2414 1354 2566 1414 Gedu
2653 1343 2686 1403 an
2754 1333 3028 1393 MeggHen
3045 1326 3095 1386 do
3146 1321 3420 1381 Religiongs
3453 1315 3728 1375 Comission,

2456 1452 2516 1512 ten
2564 1445 2649 1505 das
2696 1432 2950 1492 einrouer
2973 1421 3166 1481 schreiben,
3191 1414 3263 1474 von
3286 1405 3587 1465 Wattewil

2089 1453 2220 1513 Wase
2257 1434 2424 1494 barbara

2201 1498 2255 1558 und
2280 1484 2427 1544 Maraus.

2438 1542 2673 1602 betreffendt
2718 1521 2908 1581 Barbara
2964 1513 3065 1573 undt
3087 1506 3244 1566 Maria
3301 1495 3469 1555 Wase
3524 1477 3627 1537 zu¬

2421 1636 2630 1696 behöriger
2682 1606 3010 1666 Deliberation
3076 1590 3349 1650 zuschiken:

2456 1781 2846 1841 Wattenweil.
2878 1761 2959 1821 Sie
2993 1754 3122 1814 deße
3170 1749 3285 1809 über
3317 1745 3398 1805 Ihr
3430 1738 3625 1798 schriben

2298 1833 2346 1893 se

2442 1872 2654 1932 berichten

2405 2062 2773 2122 Diemblingen.
2801 2048 2872 2108 V.
2886 2043 3042 2103 Boriges
3070 2038 3212 2098 Man.
3240 2037 3297 2097 Dun
3325 2036 3381 2096 in
3395 2036 3509 2096 gnädigen
3523 2036 3623 2096 Herr
3651 2037 3693 2097 iß

2429 2147 2539 2207 dato
2571 2139 2692 2199 nicht
2714 2135 2746 2195 in
2791 2133 2988 2193 Borschein
3021 2132 3207 2192 kommen,
3229 2132 3306 2192 daß
3361 2131 3427 2191 den
3470 2125 3678 2185 Matheus

2446 2229 2612 2289 ammacher
2645 2227 2679 2287 an
2701 2226 2744 2286 so
2766 2225 3022 2285 derlengg,
3043 2224 3209 2284 welchem
3276 2218 3475 2278 Christina
3530 2210 3662 2270 Stubi

2090 2222 2295 2282 Kammacher
2314 2221 2412 2281 Mather

2437 2315 2514 2375 ihre
2554 2311 2812 2371 angehörge
2877 2309 2955 2369 ihr
2981 2308 3110 2368 lester
3162 2308 3317 2368 kindt
3342 2305 3615 2365 zugefignet

2085 2312 2208 2372 Stubi
2221 2308 2383 2368 Christima

2429 2414 2561 2474 dieser
2575 2405 2709 2465 Klag
2752 2399 2812 2459 hin
2855 2395 2972 2455 bott
3003 2391 3267 2451 zersöhnlich
3312 2390 3546 2450 bezogten,
3561 2393 3649 2453 oder

2430 2505 2522 2565 vor
2549 2500 2602 2560 dem
2682 2494 2854 2554 Richte
2907 2489 3185 2549 gestanden,
3211 2488 3344 2548 soliches
3370 2488 3477 2548 aber
3503 2487 3583 2547 dem
