4032 3024
400 205 506 265 12.

390 992 555 1052 Wyder
571 982 709 1042 Hauß.

417 1735 599 1795 16Id.

744 271 935 331 Verlaut
964 263 1068 323 nach
1112 252 1320 312 geschechen
1349 244 1422 304 sein
1453 241 1586 301 soll;
1615 241 1658 301 So
1687 243 1850 303 habindt
1881 256 2014 316 Mehe¬

724 367 786 427 Sie
810 362 984 422 ansinng
1035 349 1246 409 wollen,
1270 338 1395 398 Ihnen
1432 330 1581 390 deßen
1618 325 1718 385 mit
1755 326 2029 386 befündenung

758 454 840 514 Eine
872 446 1077 506 feugsamme
1119 437 1200 497 von
1242 431 1314 491 dem
1376 423 1583 483 Weibel,
1613 419 1675 479 der
1706 418 1799 478 ihme
1850 418 1923 478 das
1943 418 2015 478 bott

745 549 941 609 angelagt
977 535 1283 595 einzusenden,
1320 524 1637 584 danzumahlen
1687 518 1870 578 dieselben
1907 517 2030 577 über¬

728 644 800 704 der
825 637 946 697 Stubi
969 629 1212 689 ohnehrliche
1260 623 1441 683 Kinder
1477 619 1574 679 undt
1609 618 1682 678 dera
1731 613 1996 673 Verdienten

733 740 885 800 straff
928 734 1012 794 Ihre
1039 728 1248 788 Urtheil
1289 718 1555 778 außfellen
1596 708 1791 768 werden:

726 867 1008 927 Anlangendt
1046 860 1137 920 das
1175 860 1330 920 jenige
1381 862 1548 922 Kindt
1574 862 1599 922 so
1625 863 1729 923 obige
1767 861 1972 921 Klegerin

756 969 820 1029 dem
885 964 989 1024 Hanß
1054 962 1234 1022 Wyder
1274 961 1377 1021 von
1416 961 1714 1021 Oberhaßte
1752 955 2012 1015 zugeeignet,

736 1056 935 1116 verdindt
952 1052 997 1112 bie
1028 1049 1213 1109 angeson
1244 1049 1306 1109 ein
1321 1051 1429 1111 gnäige
1460 1051 1568 1111 Herre
1598 1052 1676 1112 leß
1721 1052 1799 1112 deß
1844 1048 2000 1108 Zenigen

731 1154 769 1214 so
806 1153 908 1213 diese
933 1150 1009 1210 sach
1034 1148 1122 1208 halb
1174 1144 1236 1204 bey
1274 1139 1388 1199 Ihnen
1427 1132 1704 1192 Vergangen,
1730 1126 2009 1186 umbständt¬

745 1249 817 1309 lich
862 1243 1182 1303 zuberichten,
1211 1232 1342 1292 gleich
1373 1226 1430 1286 wie
1459 1223 1518 1283 Er
1561 1215 1838 1275 Vonseichen
1867 1216 2029 1276 Ober¬

737 1347 887 1407 haßle
927 1341 1023 1401 nach
1050 1336 1133 1396 dero
1160 1330 1528 1390 Veranstaltung
1568 1321 1649 1381 auch
1691 1313 1894 1373 geschehen

747 1431 895 1491 wirdt.

752 1600 1141 1660 Oberhaßl.
1176 1591 1246 1651 Es
1281 1585 1405 1645 habe
1423 1578 1530 1638 Eine
1565 1571 1812 1631 Gemeindt
1846 1570 2041 1630 dienbtig

706 1708 937 1768 Menge
963 1697 1155 1757 britlich
1196 1686 1522 1746 angehalten,
1551 1676 1632 1736 daß
1687 1666 1904 1726 dieselben

747 1796 996 1856 dermahlen
1061 1787 1137 1847 dem
1223 1779 1333 1839 Hanß
1407 1771 1571 1831 Wyder
1603 1764 1711 1824 Ihrem
1755 1752 2014 1812 angehörigen

742 1875 899 1935 jeniges
922 1871 1018 1931 von
1067 1868 1138 1928 der
1162 1864 1354 1924 Phristina
1415 1858 1583 1918 Stuk.
1607 1851 1702 1911 von
1739 1842 1870 1902 allda
1919 1832 2002 1892 Ihme

752 1956 788 2016 in
824 1953 895 2013 der
932 1948 1112 2008 genißt
1136 1943 1448 2003 hugeeignete
1507 1932 1974 1992 kindtzusprechen,

750 2041 899 2101 damit
936 2036 1048 2096 dieser
1098 2034 1172 2094 laß
1235 2030 1308 2090 Ihra
1359 2024 1644 2084 abgenommen,
1656 2017 1756 2077 undt
1780 2011 1817 2071 so
1843 2006 1905 2066 Er

743 2120 993 2180 mittelloor
1021 2119 1173 2179 wäre,
1200 2116 1271 2176 die
1298 2113 1605 2173 Verpflegung
1646 2106 1714 2166 deß
1771 2095 1980 2155 Kindts¬

745 2203 848 2263 Ihnen
872 2201 1091 2261 übergeben
1126 2200 1253 2260 werden
1287 2200 1437 2260 möchte
1483 2195 1576 2255 n
1598 2191 1657 2251 Min
1668 2186 1761 2246 gnädigen
1772 2178 1864 2238 Herren
1888 2168 1956 2228 aber

740 2285 816 2345 Ihr
842 2282 1164 2342 außgehendts
1202 2281 1267 2341 Ao
1293 2281 1395 2341 1730
1447 2278 1678 2338 deneselben
1691 2271 1742 2331 ein
1767 2262 1909 2322 gesandt

740 2372 961 2432 dißörtige
1012 2368 1183 2428 bericht
1196 2365 1365 2425 schreiben
1442 2361 1626 2421 alsobal
1716 2349 1821 2409 nng
1833 2340 1938 2400 Herren
1951 2331 2002 2391 den

740 2459 892 2519 Räthen
952 2456 1256 2516 einhäldigen
1271 2451 1497 2511 laßen,
1529 2447 1589 2507 So
1635 2440 1817 2500 habendt
1846 2429 2030 2489 dieselben

3613 229 3682 289 13

2452 283 2573 343 Ihnen
2620 287 2764 347 früsche
2802 290 2922 350 dingen
2934 292 3139 352 auffwagen
3163 292 3307 352 wolein
3319 292 3415 352 gnädigen
3439 290 3547 350 Herren

2448 373 2756 433 fürdtesambst
2785 374 2875 434 eine
2915 378 3064 438 copiam
3124 380 3342 440 deßelben
3412 377 3561 437 sambt
3581 368 3690 428 allein

2433 460 2508 520 dem
2572 457 2748 517 jenige,
2772 457 2810 517 so
2836 458 3049 518 deßthalb
3088 458 3163 518 bey
3200 457 3289 517 Ihnen
3314 448 3566 508 Vorgangen

2417 551 2469 611 zu
2482 549 2788 609 übermachen,
2815 547 2881 607 alß
2935 545 2988 605 biß
3027 543 3134 603 dahin
3173 537 3360 597 dieselbe
3399 530 3467 590 den
3506 518 3691 578 abspruch

2445 640 2757 700 daßgeschäffte
2786 640 2995 700 vregschoben
3026 640 3101 700 etc.

2370 812 2505 872 Vst
2522 811 2589 871 H.
2605 808 2791 868 Hociros
2826 798 3011 858 Weißen
3028 789 3130 849 wein
3146 779 3382 839 außscheck
3434 771 3500 831 mit
3517 767 3569 827 10
3586 766 3652 826 lb

2133 878 2350 938 Myßk.

2441 910 2514 970 buß
2572 894 2717 954 beleget
2745 878 2949 938 worden:

2165 946 2350 1006 Specirn.

2428 1063 2598 1123 Ward
2637 1052 2702 1112 dro
2742 1044 2847 1104 Anna
2898 1038 3054 1098 Maria
3080 1032 3264 1092 Horbst
3290 1026 3369 1086 von
3420 1013 3720 1073 Einsterhenmen

2436 1149 2489 1209 Ihr
2510 1142 2670 1202 kindt,
2691 1133 2828 1193 weilen
2870 1127 2934 1187 der
2966 1120 3166 1180 beklagte
3199 1113 3305 1173 nicht
3337 1099 3633 1159 anzutreffen

2121 1191 2258 1251 Pforhst
2286 1172 2383 1232 Maria

2448 1222 2481 1282 so
2492 1218 2592 1278 lang
2614 1207 2878 1267 überlaßen,
2912 1200 2967 1260 biß
3011 1197 3078 1257 Sie
3110 1192 3221 1252 einen
3277 1181 3564 1241 geständigen

2435 1301 2579 1361 Vatter
2612 1288 2691 1348 vor
2713 1285 2768 1345 dem
2824 1278 2969 1338 Richter
3002 1274 3125 1334 deßen
3158 1269 3291 1329 stellen
3313 1261 3458 1321 wirt.

2435 1459 2497 1519 V.
2512 1453 2670 1513 Boriger
2701 1446 2905 1506 Manual
2936 1442 3092 1502 Langte
3123 1438 3217 1498 Vor
3248 1434 3343 1494 Hre
3358 1426 3499 1486 Oberst
3531 1411 3657 1471 Mey¬

2458 1545 2656 1605 folgender
2682 1537 2814 1597 brieff
2855 1533 2945 1593 von
3012 1531 3078 1591 H.
3104 1531 3117 1591 D
3171 1528 3395 1588 Aubonne
3434 1523 3539 1583 ein,
3565 1517 3645 1577 soan

2440 1632 2505 1692 Per
2536 1619 2762 1679 adessirt.
2780 1607 2910 1667 Bar.

2122 1676 2168 1736 D.
2200 1669 2340 1729 Aubone
2370 1669 2418 1729 .

2862 1697 3156 1757 Monsieur.

2423 1836 2585 1896 Prisque
2625 1828 2720 1888 Vous
2733 1822 2924 1882 mondonen
2937 1816 2977 1876 de
3019 1813 3100 1873 Vocg
3127 1807 3316 1867 Capliqued
3331 1801 3397 1861 ines
3424 1795 3654 1855 Intentions

2420 1911 2522 1971 plus
2542 1893 2806 1953 precigement
2827 1885 2868 1945 et
2888 1883 2980 1943 June
3010 1879 3173 1939 maniere
3203 1876 3305 1936 plus
3327 1871 3541 1931 formelle,
3561 1865 3611 1925 au

2407 1984 2523 2044 sujet
2544 1973 2588 2033 de
2609 1967 2651 2027 la
2683 1958 2853 2018 requete
2874 1952 3067 2012 presentie
3109 1952 3216 2012 Contre
3248 1951 3322 2011 moy
3353 1951 3364 2011 a
3397 1947 3578 2007 Messg.
3599 1942 3631 2002 da

2431 2048 2644 2108 Consioloire
2712 2035 2798 2095 que
2832 2032 2866 2092 ce
2883 2031 2908 2091 la
2942 2029 2977 2089 ne
3011 2026 3156 2086 l'estoit
3181 2023 3283 2083 dans
3317 2020 3344 2080 la
3403 2016 3582 2076 Lettre,
3599 2011 3667 2071 que

2410 2133 2477 2193 Jay
2507 2124 2545 2184 eu
2583 2112 2778 2172 l'hohend
2816 2105 2856 2165 Je
2884 2104 2991 2164 Vous
3020 2104 3184 2164 esirire,
3204 2102 3281 2162 Jay
3321 2101 3437 2161 celuy
3475 2096 3514 2156 de
3542 2091 3649 2151 Vous

2419 2207 2506 2267 dise
2540 2192 2791 2252 Monsieur,
2813 2185 2878 2245 que
2910 2182 3054 2242 lorsque
3086 2180 3260 2240 Dauiray
3293 2179 3447 2239 profité
3490 2176 3534 2236 du
3555 2174 3665 2234 Conge

2421 2283 2486 2343 que
2509 2275 2608 2335 Vous
2619 2267 2706 2327 avez
2739 2263 2773 2323 la
2816 2260 2925 2320 bonté
2970 2257 3013 2317 Je
3047 2255 3277 2315 maccordes,
3300 2254 3343 2314 et
3365 2254 3442 2314 que
3475 2252 3508 2312 le
3529 2251 3596 2311 me

2411 2360 2525 2420 seray
2544 2351 2668 2411 rendu
2717 2344 2783 2404 sur
2812 2341 2868 2401 les
2898 2337 3070 2397 Lieux,
3089 2332 3385 2392 lapporterais
3403 2325 3575 2385 touthes
3594 2318 3681 2378 les¬

2418 2432 2666 2492 Dispositions
2688 2425 2753 2485 les
2785 2421 2872 2481 plus
2906 2417 3133 2477 favorables
3165 2414 3198 2474 et
3230 2412 3285 2472 les
3307 2409 3415 2469 plus
3447 2402 3663 2462 Officares

2424 2524 2471 2584 et
2495 2516 2628 2576 feray
2675 2507 2759 2567 tont
2796 2504 2819 2564 ce
2855 2500 2951 2560 quis
2976 2496 3167 2556 sependia
3214 2494 3263 2554 de
3287 2491 3371 2551 moy
3394 2491 3490 2551 pour
3514 2487 3682 2547 Etablit
