<?xml version="1.0" encoding="UTF-8" standalone="yes"?>
<PcGts xmlns="http://schema.primaresearch.org/PAGE/gts/pagecontent/2013-07-15" xmlns:xsi="http://www.w3.org/2001/XMLSchema-instance" xsi:schemaLocation="http://schema.primaresearch.org/PAGE/gts/pagecontent/2013-07-15 http://schema.primaresearch.org/PAGE/gts/pagecontent/2013-07-15/pagecontent.xsd">
    <Metadata>
        <Creator>prov=READ-COOP:name=PyLaia@TranskribusPlatform:version=0.6.0:model_id=38215:lm=none:date=22_11_2021_11:06
prov=READ-COOP:name=PyLaia@Transkribus:version=0.6.0:model_id=38215:date=22_11_2021_11:04
prov=University of Rostock/Institute of Mathematics/CITlab|PLANET AI GmbH/Tobias Gruening/tobias.gruening@planet-ai.de:name=de.uros.citlab.module.baseline2polygon.B2PSeamMultiOriented:v=2.6.7</Creator>
        <Created>2021-08-09T15:16:18.992+02:00</Created>
        <LastChange>2021-11-22T11:06:13.180+01:00</LastChange>
        <TranskribusMetadata docId="746917" pageId="28279246" pageNr="9" tsid="68400568" status="IN_PROGRESS" userId="537" imgUrl="https://files.transkribus.eu/Get?id=FHBRNGVZBKBQNDYSRFDRKMCI&amp;fileType=view" xmlUrl="https://files.transkribus.eu/Get?id=NNECQIKPJFLQMRGVQAMJLJPA" imageId="22024751"/>
    </Metadata>
    <Page imageFilename="009.jpg" imageWidth="4032" imageHeight="3024">
        <ReadingOrder>
            <OrderedGroup id="ro_1687514929526" caption="Regions reading order">
                <RegionRefIndexed index="0" regionRef="r1"/>
                <RegionRefIndexed index="1" regionRef="r2"/>
                <RegionRefIndexed index="2" regionRef="r3"/>
                <RegionRefIndexed index="3" regionRef="r4"/>
            </OrderedGroup>
        </ReadingOrder>
        <TextRegion orientation="0.0" id="r1" custom="readingOrder {index:0;}">
            <Coords points="462,230 462,2502 764,2502 764,230"/>
            <TextLine id="r1l1" custom="readingOrder {index:0;}">
                <Coords points="499,311 512,312 541,294 589,309 611,302 611,186 571,196 551,181 533,193 520,183 513,188 499,185"/>
                <Baseline points="507,257 539,257 571,257 603,257"/>
                <Word id="r1l1_w1" custom="readingOrder {index:0;}">
                    <Coords points="501,217 501,277 540,277 540,217"/>
                    <TextEquiv>
                        <Unicode>14</Unicode>
                    </TextEquiv>
                </Word>
                <TextEquiv>
                    <Unicode>14</Unicode>
                </TextEquiv>
            </TextLine>
            <TextLine id="r1l2" custom="readingOrder {index:1;}">
                <Coords points="502,1241 552,1223 594,1234 629,1213 690,1239 729,1239 705,1087 686,1080 650,1098 630,1092 525,1175 506,1169 492,1178"/>
                <Baseline points="507,1215 532,1213 558,1211 584,1207 610,1202 635,1197 661,1193 687,1189 713,1187"/>
                <Word id="r1l2_w1" custom="readingOrder {index:0;}">
                    <Coords points="514,1168 514,1228 635,1228 635,1168"/>
                    <TextEquiv>
                        <Unicode>obt</Unicode>
                    </TextEquiv>
                </Word>
                <TextEquiv>
                    <Unicode>obt</Unicode>
                </TextEquiv>
            </TextLine>
            <TextLine id="r1l3" custom="readingOrder {index:2;}">
                <Coords points="456,1694 522,1641 653,1634 725,1652 747,1628 772,1631 770,1575 724,1587 642,1577 618,1591 499,1557 473,1577 450,1576"/>
                <Baseline points="462,1641 487,1639 512,1637 537,1635 562,1634 587,1632 613,1632 638,1631 663,1629 688,1629 713,1629 738,1628 764,1626"/>
                <Word id="r1l3_w1" custom="readingOrder {index:0;}">
                    <Coords points="469,1594 469,1654 615,1654 615,1594"/>
                    <TextEquiv>
                        <Unicode>Schieber</Unicode>
                    </TextEquiv>
                </Word>
                <Word id="r1l3_w2" custom="readingOrder {index:1;}">
                    <Coords points="635,1589 635,1649 760,1649 760,1589"/>
                    <TextEquiv>
                        <Unicode>Johaunß</Unicode>
                    </TextEquiv>
                </Word>
                <TextEquiv>
                    <Unicode>Schieber Johaunß</Unicode>
                </TextEquiv>
            </TextLine>
            <TextLine id="r1l4" custom="readingOrder {index:3;}">
                <Coords points="465,1734 500,1733 538,1754 565,1725 596,1718 644,1749 710,1715 746,1719 744,1642 723,1650 695,1640 631,1671 594,1669 556,1637 537,1647 522,1638 498,1658 484,1647 463,1657"/>
                <Baseline points="473,1697 499,1694 525,1693 552,1691 578,1691 605,1689 631,1689 657,1689 684,1689 710,1689 737,1688"/>
                <Word id="r1l4_w1" custom="readingOrder {index:0;}">
                    <Coords points="487,1652 487,1712 568,1712 568,1652"/>
                    <TextEquiv>
                        <Unicode>undt</Unicode>
                    </TextEquiv>
                </Word>
                <Word id="r1l4_w2" custom="readingOrder {index:1;}">
                    <Coords points="581,1649 581,1709 649,1709 649,1649"/>
                    <TextEquiv>
                        <Unicode>seine</Unicode>
                    </TextEquiv>
                </Word>
                <Word id="r1l4_w3" custom="readingOrder {index:2;}">
                    <Coords points="662,1649 662,1709 756,1709 756,1649"/>
                    <TextEquiv>
                        <Unicode>Ehfe¬</Unicode>
                    </TextEquiv>
                </Word>
                <TextEquiv>
                    <Unicode>undt seine Ehfe¬</Unicode>
                </TextEquiv>
            </TextLine>
            <TextLine id="r1l5" custom="readingOrder {index:4;}">
                <Coords points="490,2504 501,2502 511,2511 527,2504 538,2513 565,2497 586,2495 601,2505 625,2489 646,2490 642,2408 626,2412 614,2401 541,2422 532,2432 518,2421 486,2431"/>
                <Baseline points="497,2489 525,2486 553,2485 581,2483 609,2481 638,2483"/>
                <Word id="r1l5_w1" custom="readingOrder {index:0;}">
                    <Coords points="496,2443 496,2503 656,2503 656,2443"/>
                    <TextEquiv>
                        <Unicode>obsl.</Unicode>
                    </TextEquiv>
                </Word>
                <TextEquiv>
                    <Unicode>obsl.</Unicode>
                </TextEquiv>
            </TextLine>
            <TextEquiv>
                <Unicode></Unicode>
            </TextEquiv>
        </TextRegion>
        <TextRegion orientation="0.0" id="r2" custom="readingOrder {index:1;}">
            <Coords points="756,231 756,2573 2046,2573 2046,231"/>
            <TextLine id="r2l1" custom="readingOrder {index:0;}">
                <Coords points="811,330 1568,269 1977,315 1999,228 1854,248 1588,159 1380,219 1120,215 1067,258 808,229"/>
                <Baseline points="818,317 876,311 935,306 994,302 1052,297 1111,292 1170,288 1228,284 1287,279 1346,276 1405,273 1463,272 1522,270 1581,269 1639,269 1698,270 1757,273 1815,277 1874,280 1933,286 1992,294"/>
                <Word id="r2l1_w1" custom="readingOrder {index:0;}">
                    <Coords points="825,268 825,328 979,328 979,268"/>
                    <TextEquiv>
                        <Unicode>Lumioni</Unicode>
                    </TextEquiv>
                </Word>
                <Word id="r2l1_w2" custom="readingOrder {index:1;}">
                    <Coords points="1009,257 1009,317 1080,317 1080,257"/>
                    <TextEquiv>
                        <Unicode>qui</Unicode>
                    </TextEquiv>
                </Word>
                <Word id="r2l1_w3" custom="readingOrder {index:2;}">
                    <Coords points="1107,247 1107,307 1234,307 1234,247"/>
                    <TextEquiv>
                        <Unicode>donait</Unicode>
                    </TextEquiv>
                </Word>
                <Word id="r2l1_w4" custom="readingOrder {index:3;}">
                    <Coords points="1247,238 1247,298 1346,298 1346,238"/>
                    <TextEquiv>
                        <Unicode>este</Unicode>
                    </TextEquiv>
                </Word>
                <Word id="r2l1_w5" custom="readingOrder {index:4;}">
                    <Coords points="1375,232 1375,292 1460,292 1460,232"/>
                    <TextEquiv>
                        <Unicode>Eentr</Unicode>
                    </TextEquiv>
                </Word>
                <Word id="r2l1_w6" custom="readingOrder {index:5;}">
                    <Coords points="1502,229 1502,289 1614,289 1614,229"/>
                    <TextEquiv>
                        <Unicode>Mr.</Unicode>
                    </TextEquiv>
                </Word>
                <Word id="r2l1_w7" custom="readingOrder {index:6;}">
                    <Coords points="1644,232 1644,292 1841,292 1841,232"/>
                    <TextEquiv>
                        <Unicode>Ditabonne</Unicode>
                    </TextEquiv>
                </Word>
                <Word id="r2l1_w8" custom="readingOrder {index:7;}">
                    <Coords points="1869,241 1869,301 1910,301 1910,241"/>
                    <TextEquiv>
                        <Unicode>et</Unicode>
                    </TextEquiv>
                </Word>
                <Word id="r2l1_w9" custom="readingOrder {index:8;}">
                    <Coords points="1940,251 1940,311 2011,311 2011,251"/>
                    <TextEquiv>
                        <Unicode>mo¬</Unicode>
                    </TextEquiv>
                </Word>
                <TextEquiv>
                    <Unicode>Lumioni qui donait este Eentr Mr. Ditabonne et mo¬</Unicode>
                </TextEquiv>
            </TextLine>
            <TextLine id="r2l2" custom="readingOrder {index:1;}">
                <Coords points="821,452 932,389 1036,421 1257,366 2033,384 2008,315 1707,279 1321,279 1154,342 991,295 818,341"/>
                <Baseline points="828,393 887,389 947,384 1007,379 1067,375 1127,371 1187,368 1246,364 1306,361 1366,359 1426,356 1486,354 1546,354 1606,353 1665,354 1725,356 1785,357 1845,360 1905,364 1965,369 2025,375"/>
                <Word id="r2l2_w1" custom="readingOrder {index:0;}">
                    <Coords points="820,352 820,412 857,412 857,352"/>
                    <TextEquiv>
                        <Unicode>Et</Unicode>
                    </TextEquiv>
                </Word>
                <Word id="r2l2_w2" custom="readingOrder {index:1;}">
                    <Coords points="881,345 881,405 981,405 981,345"/>
                    <TextEquiv>
                        <Unicode>firid.</Unicode>
                    </TextEquiv>
                </Word>
                <Word id="r2l2_w3" custom="readingOrder {index:2;}">
                    <Coords points="1006,335 1006,395 1105,395 1105,335"/>
                    <TextEquiv>
                        <Unicode>Enfin</Unicode>
                    </TextEquiv>
                </Word>
                <Word id="r2l2_w4" custom="readingOrder {index:3;}">
                    <Coords points="1168,326 1168,386 1256,386 1256,326"/>
                    <TextEquiv>
                        <Unicode>une</Unicode>
                    </TextEquiv>
                </Word>
                <Word id="r2l2_w5" custom="readingOrder {index:4;}">
                    <Coords points="1281,315 1281,375 1605,375 1605,315"/>
                    <TextEquiv>
                        <Unicode>malheureuse</Unicode>
                    </TextEquiv>
                </Word>
                <Word id="r2l2_w6" custom="readingOrder {index:5;}">
                    <Coords points="1631,316 1631,376 1843,376 1843,316"/>
                    <TextEquiv>
                        <Unicode>affaire,</Unicode>
                    </TextEquiv>
                </Word>
                <Word id="r2l2_w7" custom="readingOrder {index:6;}">
                    <Coords points="1867,323 1867,383 1929,383 1929,323"/>
                    <TextEquiv>
                        <Unicode>qui</Unicode>
                    </TextEquiv>
                </Word>
                <Word id="r2l2_w8" custom="readingOrder {index:7;}">
                    <Coords points="1955,330 1955,390 2004,390 2004,330"/>
                    <TextEquiv>
                        <Unicode>hon</Unicode>
                    </TextEquiv>
                </Word>
                <TextEquiv>
                    <Unicode>Et firid. Enfin une malheureuse affaire, qui hon</Unicode>
                </TextEquiv>
            </TextLine>
            <TextLine id="r2l3" custom="readingOrder {index:2;}">
                <Coords points="799,496 1058,453 1253,491 1402,425 1560,469 1644,425 1727,471 1999,464 2007,419 1756,354 1599,391 1254,366 1035,423 796,403"/>
                <Baseline points="806,476 865,471 925,466 985,460 1044,455 1104,450 1164,446 1223,441 1283,438 1343,434 1403,432 1462,429 1522,428 1582,426 1641,426 1701,426 1761,428 1820,431 1880,434 1940,437 2000,443"/>
                <Word id="r2l3_w1" custom="readingOrder {index:0;}">
                    <Coords points="806,430 806,490 932,490 932,430"/>
                    <TextEquiv>
                        <Unicode>Comble</Unicode>
                    </TextEquiv>
                </Word>
                <Word id="r2l3_w2" custom="readingOrder {index:1;}">
                    <Coords points="964,419 964,479 1017,479 1017,419"/>
                    <TextEquiv>
                        <Unicode>des</Unicode>
                    </TextEquiv>
                </Word>
                <Word id="r2l3_w3" custom="readingOrder {index:2;}">
                    <Coords points="1038,409 1038,469 1196,469 1196,409"/>
                    <TextEquiv>
                        <Unicode>Mhayrins</Unicode>
                    </TextEquiv>
                </Word>
                <Word id="r2l3_w4" custom="readingOrder {index:3;}">
                    <Coords points="1227,397 1227,457 1343,457 1343,397"/>
                    <TextEquiv>
                        <Unicode>depuis</Unicode>
                    </TextEquiv>
                </Word>
                <Word id="r2l3_w5" custom="readingOrder {index:4;}">
                    <Coords points="1364,392 1364,452 1396,452 1396,392"/>
                    <TextEquiv>
                        <Unicode>se</Unicode>
                    </TextEquiv>
                </Word>
                <Word id="r2l3_w6" custom="readingOrder {index:5;}">
                    <Coords points="1417,389 1417,449 1501,449 1501,389"/>
                    <TextEquiv>
                        <Unicode>long</Unicode>
                    </TextEquiv>
                </Word>
                <Word id="r2l3_w7" custom="readingOrder {index:6;}">
                    <Coords points="1522,386 1522,446 1648,446 1648,386"/>
                    <TextEquiv>
                        <Unicode>temps</Unicode>
                    </TextEquiv>
                </Word>
                <Word id="r2l3_w8" custom="readingOrder {index:7;}">
                    <Coords points="1680,386 1680,446 1722,446 1722,386"/>
                    <TextEquiv>
                        <Unicode>Si</Unicode>
                    </TextEquiv>
                </Word>
                <Word id="r2l3_w9" custom="readingOrder {index:8;}">
                    <Coords points="1754,388 1754,448 1785,448 1785,388"/>
                    <TextEquiv>
                        <Unicode>de</Unicode>
                    </TextEquiv>
                </Word>
                <Word id="r2l3_w10" custom="readingOrder {index:9;}">
                    <Coords points="1816,394 1816,454 1964,454 1964,394"/>
                    <TextEquiv>
                        <Unicode>Leavois</Unicode>
                    </TextEquiv>
                </Word>
                <TextEquiv>
                    <Unicode>Comble des Mhayrins depuis se long temps Si de Leavois</Unicode>
                </TextEquiv>
            </TextLine>
            <TextLine id="r2l4" custom="readingOrder {index:3;}">
                <Coords points="793,557 1965,524 1962,459 1735,473 1645,425 1568,469 1404,427 1229,500 1073,452 931,493 789,469"/>
                <Baseline points="800,549 857,545 915,543 973,539 1031,536 1088,532 1146,528 1204,524 1262,521 1319,518 1377,515 1435,512 1493,509 1550,507 1608,505 1666,504 1724,503 1781,503 1839,504 1897,506 1955,507"/>
                <Word id="r2l4_w1" custom="readingOrder {index:0;}">
                    <Coords points="804,503 804,563 1022,563 1022,503"/>
                    <TextEquiv>
                        <Unicode>Monsieur</Unicode>
                    </TextEquiv>
                </Word>
                <Word id="r2l4_w2" custom="readingOrder {index:1;}">
                    <Coords points="1047,493 1047,553 1087,553 1087,493"/>
                    <TextEquiv>
                        <Unicode>En</Unicode>
                    </TextEquiv>
                </Word>
                <Word id="r2l4_w3" custom="readingOrder {index:2;}">
                    <Coords points="1112,487 1112,547 1202,547 1202,487"/>
                    <TextEquiv>
                        <Unicode>dere</Unicode>
                    </TextEquiv>
                </Word>
                <Word id="r2l4_w4" custom="readingOrder {index:3;}">
                    <Coords points="1227,480 1227,540 1331,540 1331,480"/>
                    <TextEquiv>
                        <Unicode>plus</Unicode>
                    </TextEquiv>
                </Word>
                <Word id="r2l4_w5" custom="readingOrder {index:4;}">
                    <Coords points="1382,473 1382,533 1420,533 1420,473"/>
                    <TextEquiv>
                        <Unicode>Le</Unicode>
                    </TextEquiv>
                </Word>
                <Word id="r2l4_w6" custom="readingOrder {index:5;}">
                    <Coords points="1447,465 1447,525 1717,525 1717,465"/>
                    <TextEquiv>
                        <Unicode>phesiterois</Unicode>
                    </TextEquiv>
                </Word>
                <Word id="r2l4_w7" custom="readingOrder {index:6;}">
                    <Coords points="1742,463 1742,523 1820,523 1820,463"/>
                    <TextEquiv>
                        <Unicode>pas</Unicode>
                    </TextEquiv>
                </Word>
                <Word id="r2l4_w8" custom="readingOrder {index:7;}">
                    <Coords points="1832,464 1832,524 1858,524 1858,464"/>
                    <TextEquiv>
                        <Unicode>a</Unicode>
                    </TextEquiv>
                </Word>
                <Word id="r2l4_w9" custom="readingOrder {index:8;}">
                    <Coords points="1897,466 1897,526 1948,526 1948,466"/>
                    <TextEquiv>
                        <Unicode>le</Unicode>
                    </TextEquiv>
                </Word>
                <TextEquiv>
                    <Unicode>Monsieur En dere plus Le phesiterois pas a le</Unicode>
                </TextEquiv>
            </TextLine>
            <TextLine id="r2l5" custom="readingOrder {index:4;}">
                <Coords points="773,661 1030,626 1112,671 1280,599 1432,650 1638,592 1798,636 2005,592 2003,549 1761,511 1709,563 1564,568 1425,516 770,605"/>
                <Baseline points="779,633 839,630 900,625 961,621 1022,617 1083,613 1144,610 1205,605 1266,602 1327,599 1388,596 1448,593 1509,591 1570,589 1631,586 1692,584 1753,582 1814,581 1875,579 1936,578 1997,578"/>
                <Word id="r2l5_w1" custom="readingOrder {index:0;}">
                    <Coords points="784,588 784,648 929,648 929,588"/>
                    <TextEquiv>
                        <Unicode>faire,</Unicode>
                    </TextEquiv>
                </Word>
                <Word id="r2l5_w2" custom="readingOrder {index:1;}">
                    <Coords points="941,579 941,639 1039,639 1039,579"/>
                    <TextEquiv>
                        <Unicode>pour</Unicode>
                    </TextEquiv>
                </Word>
                <Word id="r2l5_w3" custom="readingOrder {index:2;}">
                    <Coords points="1063,568 1063,628 1270,628 1270,568"/>
                    <TextEquiv>
                        <Unicode>suspendre</Unicode>
                    </TextEquiv>
                </Word>
                <Word id="r2l5_w4" custom="readingOrder {index:3;}">
                    <Coords points="1295,556 1295,616 1477,616 1477,556"/>
                    <TextEquiv>
                        <Unicode>l'Effet,</Unicode>
                    </TextEquiv>
                </Word>
                <Word id="r2l5_w5" custom="readingOrder {index:4;}">
                    <Coords points="1503,546 1503,606 1734,606 1734,546"/>
                    <TextEquiv>
                        <Unicode>qu'aurait</Unicode>
                    </TextEquiv>
                </Word>
                <Word id="r2l5_w6" custom="readingOrder {index:5;}">
                    <Coords points="1758,541 1758,601 1807,601 1807,541"/>
                    <TextEquiv>
                        <Unicode>pu</Unicode>
                    </TextEquiv>
                </Word>
                <Word id="r2l5_w7" custom="readingOrder {index:6;}">
                    <Coords points="1843,538 1843,598 1977,598 1977,538"/>
                    <TextEquiv>
                        <Unicode>faire</Unicode>
                    </TextEquiv>
                </Word>
                <TextEquiv>
                    <Unicode>faire, pour suspendre l'Effet, qu'aurait pu faire</Unicode>
                </TextEquiv>
            </TextLine>
            <TextLine id="r2l6" custom="readingOrder {index:5;}">
                <Coords points="774,729 882,760 1190,690 1423,735 1580,675 2035,666 2032,608 1930,594 1434,652 1257,615 1119,677 869,627 772,674"/>
                <Baseline points="782,713 844,709 906,706 968,702 1031,698 1093,695 1155,690 1217,687 1280,684 1342,681 1404,677 1466,674 1529,672 1591,669 1653,666 1715,663 1778,662 1840,660 1902,659 1964,657 2027,657"/>
                <Word id="r2l6_w1" custom="readingOrder {index:0;}">
                    <Coords points="782,671 782,731 832,731 832,671"/>
                    <TextEquiv>
                        <Unicode>sa</Unicode>
                    </TextEquiv>
                </Word>
                <Word id="r2l6_w2" custom="readingOrder {index:1;}">
                    <Coords points="873,663 873,723 1015,723 1015,663"/>
                    <TextEquiv>
                        <Unicode>requete</Unicode>
                    </TextEquiv>
                </Word>
                <Word id="r2l6_w3" custom="readingOrder {index:2;}">
                    <Coords points="1077,652 1077,712 1178,712 1178,652"/>
                    <TextEquiv>
                        <Unicode>mais</Unicode>
                    </TextEquiv>
                </Word>
                <Word id="r2l6_w4" custom="readingOrder {index:3;}">
                    <Coords points="1209,642 1209,702 1423,702 1423,642"/>
                    <TextEquiv>
                        <Unicode>Perpere,</Unicode>
                    </TextEquiv>
                </Word>
                <Word id="r2l6_w5" custom="readingOrder {index:4;}">
                    <Coords points="1453,633 1453,693 1535,693 1535,633"/>
                    <TextEquiv>
                        <Unicode>que</Unicode>
                    </TextEquiv>
                </Word>
                <Word id="r2l6_w6" custom="readingOrder {index:5;}">
                    <Coords points="1565,628 1565,688 1637,688 1637,628"/>
                    <TextEquiv>
                        <Unicode>iec</Unicode>
                    </TextEquiv>
                </Word>
                <Word id="r2l6_w7" custom="readingOrder {index:6;}">
                    <Coords points="1687,622 1687,682 1780,682 1780,622"/>
                    <TextEquiv>
                        <Unicode>sera</Unicode>
                    </TextEquiv>
                </Word>
                <Word id="r2l6_w8" custom="readingOrder {index:7;}">
                    <Coords points="1810,618 1810,678 2023,678 2023,618"/>
                    <TextEquiv>
                        <Unicode>suffisant</Unicode>
                    </TextEquiv>
                </Word>
                <TextEquiv>
                    <Unicode>sa requete mais Perpere, que iec sera suffisant</Unicode>
                </TextEquiv>
            </TextLine>
            <TextLine id="r2l7" custom="readingOrder {index:6;}">
                <Coords points="784,798 1208,771 1395,818 1445,763 1654,748 1884,799 2022,740 2020,681 781,746"/>
                <Baseline points="791,785 852,785 913,783 974,782 1035,779 1097,777 1158,773 1219,770 1280,767 1341,762 1403,758 1464,756 1525,752 1586,748 1647,745 1709,742 1770,740 1831,738 1892,737 1953,735 2015,735"/>
                <Word id="r2l7_w1" custom="readingOrder {index:0;}">
                    <Coords points="790,745 790,805 886,805 886,745"/>
                    <TextEquiv>
                        <Unicode>avec</Unicode>
                    </TextEquiv>
                </Word>
                <Word id="r2l7_w2" custom="readingOrder {index:1;}">
                    <Coords points="906,742 906,802 935,802 935,742"/>
                    <TextEquiv>
                        <Unicode>ce</Unicode>
                    </TextEquiv>
                </Word>
                <Word id="r2l7_w3" custom="readingOrder {index:2;}">
                    <Coords points="964,740 964,800 1042,800 1042,740"/>
                    <TextEquiv>
                        <Unicode>que</Unicode>
                    </TextEquiv>
                </Word>
                <Word id="r2l7_w4" custom="readingOrder {index:3;}">
                    <Coords points="1071,737 1071,797 1109,797 1109,737"/>
                    <TextEquiv>
                        <Unicode>le</Unicode>
                    </TextEquiv>
                </Word>
                <Word id="r2l7_w5" custom="readingOrder {index:4;}">
                    <Coords points="1129,733 1129,793 1178,793 1178,733"/>
                    <TextEquiv>
                        <Unicode>me</Unicode>
                    </TextEquiv>
                </Word>
                <Word id="r2l7_w6" custom="readingOrder {index:5;}">
                    <Coords points="1216,724 1216,784 1402,784 1402,724"/>
                    <TextEquiv>
                        <Unicode>flatte,</Unicode>
                    </TextEquiv>
                </Word>
                <Word id="r2l7_w7" custom="readingOrder {index:6;}">
                    <Coords points="1421,716 1421,776 1498,776 1498,716"/>
                    <TextEquiv>
                        <Unicode>que</Unicode>
                    </TextEquiv>
                </Word>
                <Word id="r2l7_w8" custom="readingOrder {index:7;}">
                    <Coords points="1537,707 1537,767 1654,767 1654,707"/>
                    <TextEquiv>
                        <Unicode>Vous</Unicode>
                    </TextEquiv>
                </Word>
                <Word id="r2l7_w9" custom="readingOrder {index:8;}">
                    <Coords points="1673,702 1673,762 1731,762 1731,702"/>
                    <TextEquiv>
                        <Unicode>me</Unicode>
                    </TextEquiv>
                </Word>
                <Word id="r2l7_w10" custom="readingOrder {index:9;}">
                    <Coords points="1760,698 1760,758 1895,758 1895,698"/>
                    <TextEquiv>
                        <Unicode>ferez</Unicode>
                    </TextEquiv>
                </Word>
                <Word id="r2l7_w11" custom="readingOrder {index:10;}">
                    <Coords points="1916,695 1916,755 1954,755 1954,695"/>
                    <TextEquiv>
                        <Unicode>la</Unicode>
                    </TextEquiv>
                </Word>
                <TextEquiv>
                    <Unicode>avec ce que le me flatte, que Vous me ferez la</Unicode>
                </TextEquiv>
            </TextLine>
            <TextLine id="r2l8" custom="readingOrder {index:7;}">
                <Coords points="778,905 930,861 1069,912 1123,856 1212,890 1266,853 1461,880 1518,839 1573,870 1628,853 1624,750 1451,776 1398,819 1331,786 1254,821 1013,784 774,812"/>
                <Baseline points="785,867 826,866 868,864 910,863 951,860 993,858 1035,857 1076,854 1118,852 1160,851 1202,848 1243,846 1285,845 1327,843 1368,842 1410,839 1452,837 1493,836 1535,835 1577,834 1619,833"/>
                <Word id="r2l8_w1" custom="readingOrder {index:0;}">
                    <Coords points="795,824 795,884 912,884 912,824"/>
                    <TextEquiv>
                        <Unicode>Grace</Unicode>
                    </TextEquiv>
                </Word>
                <Word id="r2l8_w2" custom="readingOrder {index:1;}">
                    <Coords points="955,818 955,878 1019,878 1019,818"/>
                    <TextEquiv>
                        <Unicode>Sy</Unicode>
                    </TextEquiv>
                </Word>
                <Word id="r2l8_w3" custom="readingOrder {index:2;}">
                    <Coords points="1050,811 1050,871 1221,871 1221,811"/>
                    <TextEquiv>
                        <Unicode>adjouter</Unicode>
                    </TextEquiv>
                </Word>
                <Word id="r2l8_w4" custom="readingOrder {index:3;}">
                    <Coords points="1242,804 1242,864 1349,864 1349,804"/>
                    <TextEquiv>
                        <Unicode>poud</Unicode>
                    </TextEquiv>
                </Word>
                <Word id="r2l8_w5" custom="readingOrder {index:4;}">
                    <Coords points="1370,799 1370,859 1424,859 1424,799"/>
                    <TextEquiv>
                        <Unicode>iet</Unicode>
                    </TextEquiv>
                </Word>
                <Word id="r2l8_w6" custom="readingOrder {index:5;}">
                    <Coords points="1444,795 1444,855 1584,855 1584,795"/>
                    <TextEquiv>
                        <Unicode>Offet.</Unicode>
                    </TextEquiv>
                </Word>
                <Word id="r2l8_w7" custom="readingOrder {index:6;}">
                    <Coords points="1594,793 1594,853 1638,853 1638,793"/>
                    <TextEquiv>
                        <Unicode>c.</Unicode>
                    </TextEquiv>
                </Word>
                <TextEquiv>
                    <Unicode>Grace Sy adjouter poud iet Offet. c.</Unicode>
                </TextEquiv>
            </TextLine>
            <TextLine id="r2l9" custom="readingOrder {index:8;}">
                <Coords points="804,986 883,954 980,1007 1062,958 1732,937 1730,869 1518,839 1281,913 1120,875 1070,912 929,874 802,910"/>
                <Baseline points="812,962 857,960 903,957 948,954 994,951 1040,948 1085,947 1131,944 1176,942 1222,941 1268,939 1313,938 1359,936 1404,935 1450,935 1496,935 1541,935 1587,935 1632,935 1678,936 1724,938"/>
                <Word id="r2l9_w1" custom="readingOrder {index:0;}">
                    <Coords points="813,921 813,981 824,981 824,921"/>
                    <TextEquiv>
                        <Unicode>a</Unicode>
                    </TextEquiv>
                </Word>
                <Word id="r2l9_w2" custom="readingOrder {index:1;}">
                    <Coords points="856,913 856,973 1052,973 1052,913"/>
                    <TextEquiv>
                        <Unicode>Philippe</Unicode>
                    </TextEquiv>
                </Word>
                <Word id="r2l9_w3" custom="readingOrder {index:2;}">
                    <Coords points="1086,903 1086,963 1194,963 1194,903"/>
                    <TextEquiv>
                        <Unicode>Ville</Unicode>
                    </TextEquiv>
                </Word>
                <Word id="r2l9_w4" custom="readingOrder {index:3;}">
                    <Coords points="1238,899 1238,959 1272,959 1272,899"/>
                    <TextEquiv>
                        <Unicode>ce</Unicode>
                    </TextEquiv>
                </Word>
                <Word id="r2l9_w5" custom="readingOrder {index:4;}">
                    <Coords points="1304,896 1304,956 1380,956 1380,896"/>
                    <TextEquiv>
                        <Unicode>23.</Unicode>
                    </TextEquiv>
                </Word>
                <Word id="r2l9_w6" custom="readingOrder {index:5;}">
                    <Coords points="1391,895 1391,955 1533,955 1533,895"/>
                    <TextEquiv>
                        <Unicode>Aput.</Unicode>
                    </TextEquiv>
                </Word>
                <Word id="r2l9_w7" custom="readingOrder {index:6;}">
                    <Coords points="1556,895 1556,955 1742,955 1742,895"/>
                    <TextEquiv>
                        <Unicode>1762..</Unicode>
                    </TextEquiv>
                </Word>
                <TextEquiv>
                    <Unicode>a Philippe Ville ce 23. Aput. 1762..</Unicode>
                </TextEquiv>
            </TextLine>
            <TextLine id="r2l10" custom="readingOrder {index:9;}">
                <Coords points="785,1134 941,1086 1906,1090 1957,1043 2054,1053 2053,1016 1736,936 1607,1016 1177,979 1057,1046 905,971 778,994"/>
                <Baseline points="791,1098 853,1095 916,1092 979,1088 1042,1085 1104,1082 1167,1077 1230,1074 1293,1071 1355,1067 1418,1063 1481,1059 1544,1056 1606,1053 1669,1050 1732,1048 1795,1046 1857,1045 1920,1044 1983,1044 2046,1044"/>
                <Word id="r2l10_w1" custom="readingOrder {index:0;}">
                    <Coords points="796,1051 796,1111 1044,1111 1044,1051"/>
                    <TextEquiv>
                        <Unicode>Madame</Unicode>
                    </TextEquiv>
                </Word>
                <Word id="r2l10_w2" custom="readingOrder {index:1;}">
                    <Coords points="1101,1041 1101,1101 1115,1101 1115,1041"/>
                    <TextEquiv>
                        <Unicode>D</Unicode>
                    </TextEquiv>
                </Word>
                <Word id="r2l10_w3" custom="readingOrder {index:2;}">
                    <Coords points="1174,1030 1174,1090 1436,1090 1436,1030"/>
                    <TextEquiv>
                        <Unicode>Aubonne,</Unicode>
                    </TextEquiv>
                </Word>
                <Word id="r2l10_w4" custom="readingOrder {index:3;}">
                    <Coords points="1465,1017 1465,1077 1567,1077 1567,1017"/>
                    <TextEquiv>
                        <Unicode>nee</Unicode>
                    </TextEquiv>
                </Word>
                <Word id="r2l10_w5" custom="readingOrder {index:4;}">
                    <Coords points="1612,1007 1612,1067 1888,1067 1888,1007"/>
                    <TextEquiv>
                        <Unicode>Lamberl.</Unicode>
                    </TextEquiv>
                </Word>
                <Word id="r2l10_w6" custom="readingOrder {index:5;}">
                    <Coords points="1917,1004 1917,1064 2033,1064 2033,1004"/>
                    <TextEquiv>
                        <Unicode>Ihrar</Unicode>
                    </TextEquiv>
                </Word>
                <TextEquiv>
                    <Unicode>Madame D Aubonne, nee Lamberl. Ihrar</Unicode>
                </TextEquiv>
            </TextLine>
            <TextLine id="r2l11" custom="readingOrder {index:10;}">
                <Coords points="791,1231 936,1166 1036,1207 1405,1158 1567,1197 1697,1132 1792,1173 2026,1100 1582,1072 787,1136"/>
                <Baseline points="797,1181 858,1179 919,1178 980,1175 1041,1172 1102,1169 1163,1167 1224,1163 1285,1160 1346,1157 1408,1155 1469,1151 1530,1149 1591,1146 1652,1143 1713,1141 1774,1139 1835,1137 1896,1134 1957,1134 2019,1133"/>
                <Word id="r2l11_w1" custom="readingOrder {index:0;}">
                    <Coords points="788,1139 788,1199 916,1199 916,1139"/>
                    <TextEquiv>
                        <Unicode>obiges</Unicode>
                    </TextEquiv>
                </Word>
                <Word id="r2l11_w2" custom="readingOrder {index:1;}">
                    <Coords points="939,1133 939,1193 1091,1193 1091,1133"/>
                    <TextEquiv>
                        <Unicode>schreiben</Unicode>
                    </TextEquiv>
                </Word>
                <Word id="r2l11_w3" custom="readingOrder {index:2;}">
                    <Coords points="1114,1128 1114,1188 1148,1188 1148,1128"/>
                    <TextEquiv>
                        <Unicode>zu</Unicode>
                    </TextEquiv>
                </Word>
                <Word id="r2l11_w4" custom="readingOrder {index:3;}">
                    <Coords points="1208,1121 1208,1181 1313,1181 1313,1121"/>
                    <TextEquiv>
                        <Unicode>Ihren</Unicode>
                    </TextEquiv>
                </Word>
                <Word id="r2l11_w5" custom="readingOrder {index:4;}">
                    <Coords points="1347,1112 1347,1172 1546,1172 1546,1112"/>
                    <TextEquiv>
                        <Unicode>verhalt</Unicode>
                    </TextEquiv>
                </Word>
                <Word id="r2l11_w6" custom="readingOrder {index:5;}">
                    <Coords points="1581,1101 1581,1161 1814,1161 1814,1101"/>
                    <TextEquiv>
                        <Unicode>Copeirlich</Unicode>
                    </TextEquiv>
                </Word>
                <Word id="r2l11_w7" custom="readingOrder {index:6;}">
                    <Coords points="1838,1094 1838,1154 1966,1154 1966,1094"/>
                    <TextEquiv>
                        <Unicode>under</Unicode>
                    </TextEquiv>
                </Word>
                <TextEquiv>
                    <Unicode>obiges schreiben zu Ihren verhalt Copeirlich under</Unicode>
                </TextEquiv>
            </TextLine>
            <TextLine id="r2l12" custom="readingOrder {index:11;}">
                <Coords points="771,1277 906,1324 1127,1288 1253,1326 1408,1238 1524,1276 1719,1260 1714,1124 1562,1199 1406,1158 1271,1212 1165,1172 1042,1210 969,1164 886,1249 770,1242"/>
                <Baseline points="780,1275 826,1274 873,1272 919,1271 966,1269 1012,1266 1059,1263 1105,1261 1152,1258 1198,1256 1245,1253 1291,1250 1338,1248 1384,1246 1431,1244 1477,1244 1524,1242 1570,1242 1617,1244 1663,1245 1710,1247"/>
                <Word id="r2l12_w1" custom="readingOrder {index:0;}">
                    <Coords points="775,1233 775,1293 882,1293 882,1233"/>
                    <TextEquiv>
                        <Unicode>men</Unicode>
                    </TextEquiv>
                </Word>
                <Word id="r2l12_w2" custom="readingOrder {index:1;}">
                    <Coords points="912,1229 912,1289 974,1289 974,1229"/>
                    <TextEquiv>
                        <Unicode>deß</Unicode>
                    </TextEquiv>
                </Word>
                <Word id="r2l12_w3" custom="readingOrder {index:2;}">
                    <Coords points="1020,1219 1020,1279 1235,1279 1235,1219"/>
                    <TextEquiv>
                        <Unicode>Secretari</Unicode>
                    </TextEquiv>
                </Word>
                <Word id="r2l12_w4" custom="readingOrder {index:3;}">
                    <Coords points="1267,1207 1267,1267 1419,1267 1419,1207"/>
                    <TextEquiv>
                        <Unicode>nahmen</Unicode>
                    </TextEquiv>
                </Word>
                <Word id="r2l12_w5" custom="readingOrder {index:4;}">
                    <Coords points="1434,1202 1434,1262 1666,1262 1666,1202"/>
                    <TextEquiv>
                        <Unicode>zuschiker</Unicode>
                    </TextEquiv>
                </Word>
                <TextEquiv>
                    <Unicode>men deß Secretari nahmen zuschiker</Unicode>
                </TextEquiv>
            </TextLine>
            <TextLine id="r2l13" custom="readingOrder {index:12;}">
                <Coords points="759,1479 1363,1434 1603,1503 1705,1432 1929,1454 1984,1373 1887,1355 1817,1401 1690,1321 1588,1392 1458,1354 1281,1399 1185,1345 757,1372"/>
                <Baseline points="767,1457 827,1453 887,1450 948,1448 1008,1445 1069,1443 1129,1442 1190,1440 1250,1440 1311,1439 1371,1439 1431,1439 1492,1439 1552,1439 1613,1437 1673,1437 1734,1437 1794,1437 1855,1436 1915,1434 1976,1433"/>
                <Word id="r2l13_w1" custom="readingOrder {index:0;}">
                    <Coords points="775,1413 775,1473 876,1473 876,1413"/>
                    <TextEquiv>
                        <Unicode>Vide</Unicode>
                    </TextEquiv>
                </Word>
                <Word id="r2l13_w2" custom="readingOrder {index:1;}">
                    <Coords points="905,1406 905,1466 1051,1466 1051,1406"/>
                    <TextEquiv>
                        <Unicode>Boriges</Unicode>
                    </TextEquiv>
                </Word>
                <Word id="r2l13_w3" custom="readingOrder {index:2;}">
                    <Coords points="1079,1400 1079,1460 1355,1460 1355,1400"/>
                    <TextEquiv>
                        <Unicode>Manual:</Unicode>
                    </TextEquiv>
                </Word>
                <Word id="r2l13_w4" custom="readingOrder {index:3;}">
                    <Coords points="1383,1399 1383,1459 1558,1459 1558,1399"/>
                    <TextEquiv>
                        <Unicode>langte</Unicode>
                    </TextEquiv>
                </Word>
                <Word id="r2l13_w5" custom="readingOrder {index:4;}">
                    <Coords points="1586,1397 1586,1457 1805,1457 1805,1397"/>
                    <TextEquiv>
                        <Unicode>folgender</Unicode>
                    </TextEquiv>
                </Word>
                <Word id="r2l13_w6" custom="readingOrder {index:5;}">
                    <Coords points="1819,1395 1819,1455 1949,1455 1949,1395"/>
                    <TextEquiv>
                        <Unicode>Eedel</Unicode>
                    </TextEquiv>
                </Word>
                <TextEquiv>
                    <Unicode>Vide Boriges Manual: langte folgender Eedel</Unicode>
                </TextEquiv>
            </TextLine>
            <TextLine id="r2l14" custom="readingOrder {index:13;}">
                <Coords points="781,1567 1299,1520 1932,1540 2020,1507 2019,1451 1809,1436 1639,1503 1377,1445 1282,1506 1201,1450 988,1448 900,1509 846,1472 780,1505"/>
                <Baseline points="789,1541 850,1538 911,1535 972,1533 1033,1531 1094,1530 1155,1529 1217,1527 1278,1526 1339,1526 1400,1524 1461,1524 1522,1523 1583,1523 1645,1521 1706,1520 1767,1518 1828,1517 1889,1515 1950,1512 2012,1509"/>
                <Word id="r2l14_w1" custom="readingOrder {index:0;}">
                    <Coords points="791,1498 791,1558 890,1558 890,1498"/>
                    <TextEquiv>
                        <Unicode>Ein:</Unicode>
                    </TextEquiv>
                </Word>
                <Word id="r2l14_w2" custom="readingOrder {index:1;}">
                    <Coords points="944,1491 944,1551 1076,1551 1076,1491"/>
                    <TextEquiv>
                        <Unicode>Was</Unicode>
                    </TextEquiv>
                </Word>
                <Word id="r2l14_w3" custom="readingOrder {index:2;}">
                    <Coords points="1108,1488 1108,1548 1262,1548 1262,1488"/>
                    <TextEquiv>
                        <Unicode>Maria</Unicode>
                    </TextEquiv>
                </Word>
                <Word id="r2l14_w4" custom="readingOrder {index:3;}">
                    <Coords points="1316,1484 1316,1544 1481,1544 1481,1484"/>
                    <TextEquiv>
                        <Unicode>Gutth</Unicode>
                    </TextEquiv>
                </Word>
                <Word id="r2l14_w5" custom="readingOrder {index:4;}">
                    <Coords points="1514,1483 1514,1543 1547,1543 1547,1483"/>
                    <TextEquiv>
                        <Unicode>in</Unicode>
                    </TextEquiv>
                </Word>
                <Word id="r2l14_w6" custom="readingOrder {index:5;}">
                    <Coords points="1569,1480 1569,1540 1745,1540 1745,1480"/>
                    <TextEquiv>
                        <Unicode>nahmen</Unicode>
                    </TextEquiv>
                </Word>
                <Word id="r2l14_w7" custom="readingOrder {index:6;}">
                    <Coords points="1766,1477 1766,1537 1865,1537 1865,1477"/>
                    <TextEquiv>
                        <Unicode>Ihres</Unicode>
                    </TextEquiv>
                </Word>
                <Word id="r2l14_w8" custom="readingOrder {index:7;}">
                    <Coords points="1897,1471 1897,1531 2007,1531 2007,1471"/>
                    <TextEquiv>
                        <Unicode>Sohns</Unicode>
                    </TextEquiv>
                </Word>
                <TextEquiv>
                    <Unicode>Ein: Was Maria Gutth in nahmen Ihres Sohns</Unicode>
                </TextEquiv>
            </TextLine>
            <TextLine id="r2l15" custom="readingOrder {index:14;}">
                <Coords points="786,1652 1017,1613 1323,1681 1516,1623 1732,1662 1793,1611 1927,1604 1927,1519 1661,1560 1407,1527 1260,1577 1052,1532 925,1594 786,1560"/>
                <Baseline points="794,1625 850,1620 906,1616 962,1614 1019,1613 1075,1612 1131,1613 1187,1613 1244,1614 1300,1616 1356,1617 1412,1617 1469,1619 1525,1619 1581,1619 1637,1619 1694,1617 1750,1614 1806,1610 1862,1604 1919,1596"/>
                <Word id="r2l15_w1" custom="readingOrder {index:0;}">
                    <Coords points="791,1577 791,1637 993,1637 993,1577"/>
                    <TextEquiv>
                        <Unicode>Johannß</Unicode>
                    </TextEquiv>
                </Word>
                <Word id="r2l15_w2" custom="readingOrder {index:1;}">
                    <Coords points="1026,1572 1026,1632 1229,1632 1229,1572"/>
                    <TextEquiv>
                        <Unicode>Schiebers</Unicode>
                    </TextEquiv>
                </Word>
                <Word id="r2l15_w3" custom="readingOrder {index:2;}">
                    <Coords points="1262,1576 1262,1636 1418,1636 1418,1576"/>
                    <TextEquiv>
                        <Unicode>Jhegl.</Unicode>
                    </TextEquiv>
                </Word>
                <Word id="r2l15_w4" custom="readingOrder {index:3;}">
                    <Coords points="1449,1579 1449,1639 1684,1639 1684,1579"/>
                    <TextEquiv>
                        <Unicode>Bortragen</Unicode>
                    </TextEquiv>
                </Word>
                <Word id="r2l15_w5" custom="readingOrder {index:4;}">
                    <Coords points="1717,1570 1717,1630 1873,1630 1873,1570"/>
                    <TextEquiv>
                        <Unicode>laßen</Unicode>
                    </TextEquiv>
                </Word>
                <TextEquiv>
                    <Unicode>Johannß Schiebers Jhegl. Bortragen laßen</Unicode>
                </TextEquiv>
            </TextLine>
            <TextLine id="r2l16" custom="readingOrder {index:15;}">
                <Coords points="780,1730 1202,1753 1281,1696 1481,1741 1706,1711 1784,1762 1908,1713 2034,1734 2032,1626 1960,1599 1730,1663 1524,1622 1343,1686 1046,1618 942,1664 778,1650"/>
                <Baseline points="788,1706 849,1707 911,1709 973,1710 1035,1712 1097,1712 1159,1712 1220,1711 1282,1710 1344,1709 1406,1708 1468,1706 1530,1705 1592,1703 1653,1701 1715,1700 1777,1698 1839,1697 1901,1695 1963,1694 2025,1692"/>
                <Word id="r2l16_w1" custom="readingOrder {index:0;}">
                    <Coords points="781,1667 781,1727 948,1727 948,1667"/>
                    <TextEquiv>
                        <Unicode>werdet</Unicode>
                    </TextEquiv>
                </Word>
                <Word id="r2l16_w2" custom="readingOrder {index:1;}">
                    <Coords points="961,1670 961,1730 1044,1730 1044,1670"/>
                    <TextEquiv>
                        <Unicode>er</Unicode>
                    </TextEquiv>
                </Word>
                <Word id="r2l16_w3" custom="readingOrder {index:2;}">
                    <Coords points="1087,1671 1087,1731 1321,1731 1321,1671"/>
                    <TextEquiv>
                        <Unicode>mehthe</Unicode>
                    </TextEquiv>
                </Word>
                <Word id="r2l16_w4" custom="readingOrder {index:3;}">
                    <Coords points="1335,1668 1335,1728 1406,1728 1406,1668"/>
                    <TextEquiv>
                        <Unicode>auß</Unicode>
                    </TextEquiv>
                </Word>
                <Word id="r2l16_w5" custom="readingOrder {index:4;}">
                    <Coords points="1447,1663 1447,1723 1725,1723 1725,1663"/>
                    <TextEquiv>
                        <Unicode>beykommenden</Unicode>
                    </TextEquiv>
                </Word>
                <Word id="r2l16_w6" custom="readingOrder {index:5;}">
                    <Coords points="1738,1657 1738,1717 1918,1717 1918,1657"/>
                    <TextEquiv>
                        <Unicode>schäftn</Unicode>
                    </TextEquiv>
                </Word>
                <Word id="r2l16_w7" custom="readingOrder {index:6;}">
                    <Coords points="1932,1653 1932,1713 2044,1713 2044,1653"/>
                    <TextEquiv>
                        <Unicode>ersehen</Unicode>
                    </TextEquiv>
                </Word>
                <TextEquiv>
                    <Unicode>werdet er mehthe auß beykommenden schäftn ersehen</Unicode>
                </TextEquiv>
            </TextLine>
            <TextLine id="r2l17" custom="readingOrder {index:16;}">
                <Coords points="768,1826 1274,1791 1384,1827 1434,1787 1625,1838 1668,1798 1958,1791 1914,1721 1689,1769 1268,1711 1202,1754 767,1746"/>
                <Baseline points="776,1788 834,1791 893,1793 951,1793 1010,1794 1069,1794 1127,1794 1186,1794 1245,1794 1303,1794 1362,1793 1421,1791 1479,1790 1538,1788 1597,1787 1655,1786 1714,1784 1773,1781 1831,1779 1890,1777 1949,1775"/>
                <Word id="r2l17_w1" custom="readingOrder {index:0;}">
                    <Coords points="778,1751 778,1811 898,1811 898,1751"/>
                    <TextEquiv>
                        <Unicode>welche</Unicode>
                    </TextEquiv>
                </Word>
                <Word id="r2l17_w2" custom="readingOrder {index:1;}">
                    <Coords points="941,1753 941,1813 1062,1813 1062,1753"/>
                    <TextEquiv>
                        <Unicode>pogl.</Unicode>
                    </TextEquiv>
                </Word>
                <Word id="r2l17_w3" custom="readingOrder {index:2;}">
                    <Coords points="1083,1754 1083,1814 1171,1814 1171,1754"/>
                    <TextEquiv>
                        <Unicode>Eünh</Unicode>
                    </TextEquiv>
                </Word>
                <Word id="r2l17_w4" custom="readingOrder {index:3;}">
                    <Coords points="1214,1754 1214,1814 1257,1814 1257,1754"/>
                    <TextEquiv>
                        <Unicode>zu</Unicode>
                    </TextEquiv>
                </Word>
                <Word id="r2l17_w5" custom="readingOrder {index:4;}">
                    <Coords points="1279,1753 1279,1813 1421,1813 1421,1753"/>
                    <TextEquiv>
                        <Unicode>schiken</Unicode>
                    </TextEquiv>
                </Word>
                <Word id="r2l17_w6" custom="readingOrder {index:5;}">
                    <Coords points="1454,1748 1454,1808 1575,1808 1575,1748"/>
                    <TextEquiv>
                        <Unicode>anbey</Unicode>
                    </TextEquiv>
                </Word>
                <Word id="r2l17_w7" custom="readingOrder {index:6;}">
                    <Coords points="1607,1744 1607,1804 1781,1804 1781,1744"/>
                    <TextEquiv>
                        <Unicode>ansinmen</Unicode>
                    </TextEquiv>
                </Word>
                <Word id="r2l17_w8" custom="readingOrder {index:7;}">
                    <Coords points="1803,1737 1803,1797 1923,1797 1923,1737"/>
                    <TextEquiv>
                        <Unicode>wollen</Unicode>
                    </TextEquiv>
                </Word>
                <TextEquiv>
                    <Unicode>welche pogl. Eünh zu schiken anbey ansinmen wollen</Unicode>
                </TextEquiv>
            </TextLine>
            <TextLine id="r2l18" custom="readingOrder {index:17;}">
                <Coords points="778,1910 973,1888 1129,1943 1297,1890 1381,1946 1440,1887 1632,1881 1776,1934 1840,1877 1997,1868 1995,1791 1247,1840 1193,1797 1097,1865 957,1874 832,1813 776,1836"/>
                <Baseline points="785,1893 845,1893 905,1893 965,1893 1025,1893 1085,1892 1145,1891 1206,1890 1266,1889 1326,1887 1386,1884 1446,1883 1506,1881 1566,1878 1627,1877 1687,1875 1747,1872 1807,1871 1867,1869 1927,1866 1988,1865"/>
                <Word id="r2l18_w1" custom="readingOrder {index:0;}">
                    <Coords points="791,1853 791,1913 841,1913 841,1853"/>
                    <TextEquiv>
                        <Unicode>die</Unicode>
                    </TextEquiv>
                </Word>
                <Word id="r2l18_w2" custom="readingOrder {index:1;}">
                    <Coords points="878,1853 878,1913 1031,1913 1031,1853"/>
                    <TextEquiv>
                        <Unicode>kueff,</Unicode>
                    </TextEquiv>
                </Word>
                <Word id="r2l18_w3" custom="readingOrder {index:2;}">
                    <Coords points="1056,1852 1056,1912 1081,1912 1081,1852"/>
                    <TextEquiv>
                        <Unicode>so</Unicode>
                    </TextEquiv>
                </Word>
                <Word id="r2l18_w4" custom="readingOrder {index:3;}">
                    <Coords points="1106,1851 1106,1911 1170,1911 1170,1851"/>
                    <TextEquiv>
                        <Unicode>deß</Unicode>
                    </TextEquiv>
                </Word>
                <Word id="r2l18_w5" custom="readingOrder {index:4;}">
                    <Coords points="1233,1847 1233,1907 1411,1907 1411,1847"/>
                    <TextEquiv>
                        <Unicode>Schiebers</Unicode>
                    </TextEquiv>
                </Word>
                <Word id="r2l18_w6" custom="readingOrder {index:5;}">
                    <Coords points="1436,1841 1436,1901 1550,1901 1550,1841"/>
                    <TextEquiv>
                        <Unicode>fraub</Unicode>
                    </TextEquiv>
                </Word>
                <Word id="r2l18_w7" custom="readingOrder {index:6;}">
                    <Coords points="1575,1836 1575,1896 1689,1896 1689,1836"/>
                    <TextEquiv>
                        <Unicode>wider</Unicode>
                    </TextEquiv>
                </Word>
                <Word id="r2l18_w8" custom="readingOrder {index:7;}">
                    <Coords points="1702,1832 1702,1892 1778,1892 1778,1832"/>
                    <TextEquiv>
                        <Unicode>Ihne</Unicode>
                    </TextEquiv>
                </Word>
                <Word id="r2l18_w9" custom="readingOrder {index:8;}">
                    <Coords points="1803,1829 1803,1889 1917,1889 1917,1829"/>
                    <TextEquiv>
                        <Unicode>thun</Unicode>
                    </TextEquiv>
                </Word>
                <TextEquiv>
                    <Unicode>die kueff, so deß Schiebers fraub wider Ihne thun</Unicode>
                </TextEquiv>
            </TextLine>
            <TextLine id="r2l19" custom="readingOrder {index:18;}">
                <Coords points="784,2027 839,1984 1013,2021 1117,1978 1328,2011 1523,1975 1626,2015 2000,1958 1999,1911 1907,1871 1751,1949 1657,1887 1395,1953 1297,1889 1004,1960 783,1924"/>
                <Baseline points="791,1979 851,1978 911,1977 971,1977 1031,1976 1091,1976 1151,1976 1211,1974 1271,1974 1331,1973 1391,1973 1451,1972 1511,1971 1571,1970 1631,1969 1691,1968 1751,1967 1811,1965 1871,1962 1931,1961 1991,1958"/>
                <Word id="r2l19_w1" custom="readingOrder {index:0;}">
                    <Coords points="784,1938 784,1998 902,1998 902,1938"/>
                    <TextEquiv>
                        <Unicode>laßt,</Unicode>
                    </TextEquiv>
                </Word>
                <Word id="r2l19_w2" custom="readingOrder {index:1;}">
                    <Coords points="925,1936 925,1996 1090,1996 1090,1936"/>
                    <TextEquiv>
                        <Unicode>einmahl</Unicode>
                    </TextEquiv>
                </Word>
                <Word id="r2l19_w3" custom="readingOrder {index:2;}">
                    <Coords points="1136,1934 1136,1994 1243,1994 1243,1934"/>
                    <TextEquiv>
                        <Unicode>wider</Unicode>
                    </TextEquiv>
                </Word>
                <Word id="r2l19_w4" custom="readingOrder {index:3;}">
                    <Coords points="1267,1933 1267,1993 1337,1993 1337,1933"/>
                    <TextEquiv>
                        <Unicode>Ihne</Unicode>
                    </TextEquiv>
                </Word>
                <Word id="r2l19_w5" custom="readingOrder {index:4;}">
                    <Coords points="1372,1930 1372,1990 1726,1990 1726,1930"/>
                    <TextEquiv>
                        <Unicode>einzustellenn,</Unicode>
                    </TextEquiv>
                </Word>
                <Word id="r2l19_w6" custom="readingOrder {index:5;}">
                    <Coords points="1737,1926 1737,1986 1774,1986 1774,1926"/>
                    <TextEquiv>
                        <Unicode>in</Unicode>
                    </TextEquiv>
                </Word>
                <Word id="r2l19_w7" custom="readingOrder {index:6;}">
                    <Coords points="1797,1922 1797,1982 1938,1982 1938,1922"/>
                    <TextEquiv>
                        <Unicode>deßen</Unicode>
                    </TextEquiv>
                </Word>
                <TextEquiv>
                    <Unicode>laßt, einmahl wider Ihne einzustellenn, in deßen</Unicode>
                </TextEquiv>
            </TextLine>
            <TextLine id="r2l20" custom="readingOrder {index:19;}">
                <Coords points="769,2062 1066,2057 1127,2107 1204,2053 1281,2095 1379,2054 1627,2103 1691,2060 1895,2066 1961,2004 1802,1977 1586,2028 1423,1971 1008,2027 837,1983 769,2034"/>
                <Baseline points="777,2058 835,2055 894,2054 953,2052 1012,2052 1070,2052 1129,2052 1188,2054 1247,2054 1305,2054 1364,2055 1423,2057 1482,2057 1540,2057 1599,2057 1658,2057 1717,2055 1775,2054 1834,2051 1893,2048 1952,2042"/>
                <Word id="r2l20_w1" custom="readingOrder {index:0;}">
                    <Coords points="792,2015 792,2075 848,2075 848,2015"/>
                    <TextEquiv>
                        <Unicode>die</Unicode>
                    </TextEquiv>
                </Word>
                <Word id="r2l20_w2" custom="readingOrder {index:1;}">
                    <Coords points="872,2013 872,2073 974,2073 974,2013"/>
                    <TextEquiv>
                        <Unicode>sachen</Unicode>
                    </TextEquiv>
                </Word>
                <Word id="r2l20_w3" custom="readingOrder {index:2;}">
                    <Coords points="996,2012 996,2072 1313,2072 1313,2012"/>
                    <TextEquiv>
                        <Unicode>huundersuchen,</Unicode>
                    </TextEquiv>
                </Word>
                <Word id="r2l20_w4" custom="readingOrder {index:3;}">
                    <Coords points="1335,2015 1335,2075 1426,2075 1426,2015"/>
                    <TextEquiv>
                        <Unicode>undt</Unicode>
                    </TextEquiv>
                </Word>
                <Word id="r2l20_w5" custom="readingOrder {index:4;}">
                    <Coords points="1448,2017 1448,2077 1550,2077 1550,2017"/>
                    <TextEquiv>
                        <Unicode>dere</Unicode>
                    </TextEquiv>
                </Word>
                <Word id="r2l20_w6" custom="readingOrder {index:5;}">
                    <Coords points="1585,2014 1585,2074 1913,2074 1913,2014"/>
                    <TextEquiv>
                        <Unicode>gestaltsamme</Unicode>
                    </TextEquiv>
                </Word>
                <TextEquiv>
                    <Unicode>die sachen huundersuchen, undt dere gestaltsamme</Unicode>
                </TextEquiv>
            </TextLine>
            <TextLine id="r2l21" custom="readingOrder {index:20;}">
                <Coords points="778,2157 1137,2131 1281,2184 1642,2137 1898,2186 2012,2149 2012,2043 1736,2098 1693,2060 1626,2104 777,2068"/>
                <Baseline points="785,2136 849,2135 913,2135 977,2135 1041,2135 1105,2135 1169,2135 1234,2135 1298,2136 1362,2136 1426,2136 1490,2136 1554,2136 1619,2136 1683,2136 1747,2135 1811,2135 1875,2133 1939,2131 2004,2129"/>
                <Word id="r2l21_w1" custom="readingOrder {index:0;}">
                    <Coords points="778,2095 778,2155 896,2155 896,2095"/>
                    <TextEquiv>
                        <Unicode>Pegl.</Unicode>
                    </TextEquiv>
                </Word>
                <Word id="r2l21_w2" custom="readingOrder {index:1;}">
                    <Coords points="920,2095 920,2155 955,2155 955,2095"/>
                    <TextEquiv>
                        <Unicode>zu</Unicode>
                    </TextEquiv>
                </Word>
                <Word id="r2l21_w3" custom="readingOrder {index:2;}">
                    <Coords points="991,2095 991,2155 1299,2155 1299,2095"/>
                    <TextEquiv>
                        <Unicode>widerbringer,</Unicode>
                    </TextEquiv>
                </Word>
                <Word id="r2l21_w4" custom="readingOrder {index:3;}">
                    <Coords points="1334,2096 1334,2156 1382,2156 1382,2096"/>
                    <TextEquiv>
                        <Unicode>da</Unicode>
                    </TextEquiv>
                </Word>
                <Word id="r2l21_w5" custom="readingOrder {index:4;}">
                    <Coords points="1453,2096 1453,2156 1678,2156 1678,2096"/>
                    <TextEquiv>
                        <Unicode>beyleuffig</Unicode>
                    </TextEquiv>
                </Word>
                <Word id="r2l21_w6" custom="readingOrder {index:5;}">
                    <Coords points="1701,2095 1701,2155 1819,2155 1819,2095"/>
                    <TextEquiv>
                        <Unicode>schnmin</Unicode>
                    </TextEquiv>
                </Word>
                <Word id="r2l21_w7" custom="readingOrder {index:6;}">
                    <Coords points="1832,2092 1832,2152 1927,2152 1927,2092"/>
                    <TextEquiv>
                        <Unicode>gnädigen</Unicode>
                    </TextEquiv>
                </Word>
                <Word id="r2l21_w8" custom="readingOrder {index:7;}">
                    <Coords points="1938,2089 1938,2149 2022,2149 2022,2089"/>
                    <TextEquiv>
                        <Unicode>Here</Unicode>
                    </TextEquiv>
                </Word>
                <TextEquiv>
                    <Unicode>Pegl. zu widerbringer, da beyleuffig schnmin gnädigen Here</Unicode>
                </TextEquiv>
            </TextLine>
            <TextLine id="r2l22" custom="readingOrder {index:21;}">
                <Coords points="757,2249 1140,2224 1424,2293 1498,2240 1722,2280 2004,2224 1933,2160 1761,2144 757,2172"/>
                <Baseline points="765,2235 826,2232 888,2229 949,2228 1011,2226 1073,2226 1134,2225 1196,2225 1257,2225 1319,2225 1381,2225 1442,2225 1504,2226 1565,2226 1627,2226 1689,2228 1750,2228 1812,2228 1873,2229 1935,2229 1997,2228"/>
                <Word id="r2l22_w1" custom="readingOrder {index:0;}">
                    <Coords points="787,2191 787,2251 881,2251 881,2191"/>
                    <TextEquiv>
                        <Unicode>dar</Unicode>
                    </TextEquiv>
                </Word>
                <Word id="r2l22_w2" custom="readingOrder {index:1;}">
                    <Coords points="910,2186 910,2246 1141,2246 1141,2186"/>
                    <TextEquiv>
                        <Unicode>deßthalben</Unicode>
                    </TextEquiv>
                </Word>
                <Word id="r2l22_w3" custom="readingOrder {index:2;}">
                    <Coords points="1154,2185 1154,2245 1427,2245 1427,2185"/>
                    <TextEquiv>
                        <Unicode>eingelangte</Unicode>
                    </TextEquiv>
                </Word>
                <Word id="r2l22_w4" custom="readingOrder {index:3;}">
                    <Coords points="1454,2186 1454,2246 1618,2246 1618,2186"/>
                    <TextEquiv>
                        <Unicode>Schriben</Unicode>
                    </TextEquiv>
                </Word>
                <Word id="r2l22_w5" custom="readingOrder {index:4;}">
                    <Coords points="1645,2187 1645,2247 1714,2247 1714,2187"/>
                    <TextEquiv>
                        <Unicode>So</Unicode>
                    </TextEquiv>
                </Word>
                <Word id="r2l22_w6" custom="readingOrder {index:5;}">
                    <Coords points="1768,2188 1768,2248 1958,2248 1958,2188"/>
                    <TextEquiv>
                        <Unicode>Murten</Unicode>
                    </TextEquiv>
                </Word>
                <TextEquiv>
                    <Unicode>dar deßthalben eingelangte Schriben So Murten</Unicode>
                </TextEquiv>
            </TextLine>
            <TextLine id="r2l23" custom="readingOrder {index:22;}">
                <Coords points="764,2329 879,2359 936,2318 1029,2334 1052,2317 1155,2325 1200,2289 1234,2292 1234,2227 1138,2225 1061,2257 999,2230 935,2248 850,2233 765,2270"/>
                <Baseline points="773,2313 798,2313 823,2313 848,2313 873,2312 898,2312 924,2312 949,2312 974,2312 999,2312 1024,2312 1049,2313 1075,2313 1100,2313 1125,2313 1150,2314 1175,2315 1200,2315 1226,2316"/>
                <Word id="r2l23_w1" custom="readingOrder {index:0;}">
                    <Coords points="780,2272 780,2332 1012,2332 1012,2272"/>
                    <TextEquiv>
                        <Unicode>übeschikt</Unicode>
                    </TextEquiv>
                </Word>
                <Word id="r2l23_w2" custom="readingOrder {index:1;}">
                    <Coords points="1051,2273 1051,2333 1174,2333 1174,2273"/>
                    <TextEquiv>
                        <Unicode>wirdt</Unicode>
                    </TextEquiv>
                </Word>
                <TextEquiv>
                    <Unicode>übeschikt wirdt</Unicode>
                </TextEquiv>
            </TextLine>
            <TextLine id="r2l24" custom="readingOrder {index:23;}">
                <Coords points="747,2469 937,2444 1470,2502 2000,2465 1810,2390 1748,2441 1244,2351 1000,2412 951,2360 750,2346"/>
                <Baseline points="756,2451 817,2450 879,2450 941,2450 1003,2451 1065,2453 1126,2456 1188,2459 1250,2462 1312,2465 1374,2468 1435,2471 1497,2474 1559,2477 1621,2477 1683,2478 1744,2478 1806,2476 1868,2473 1930,2469 1992,2463"/>
                <Word id="r2l24_w1" custom="readingOrder {index:0;}">
                    <Coords points="761,2410 761,2470 973,2470 973,2410"/>
                    <TextEquiv>
                        <Unicode>Murten</Unicode>
                    </TextEquiv>
                </Word>
                <Word id="r2l24_w2" custom="readingOrder {index:1;}">
                    <Coords points="1023,2414 1023,2474 1148,2474 1148,2414"/>
                    <TextEquiv>
                        <Unicode>Cons.</Unicode>
                    </TextEquiv>
                </Word>
                <Word id="r2l24_w3" custom="readingOrder {index:2;}">
                    <Coords points="1173,2420 1173,2480 1259,2480 1259,2420"/>
                    <TextEquiv>
                        <Unicode>Ruß</Unicode>
                    </TextEquiv>
                </Word>
                <Word id="r2l24_w4" custom="readingOrder {index:3;}">
                    <Coords points="1298,2427 1298,2487 1422,2487 1422,2427"/>
                    <TextEquiv>
                        <Unicode>seinen</Unicode>
                    </TextEquiv>
                </Word>
                <Word id="r2l24_w5" custom="readingOrder {index:4;}">
                    <Coords points="1459,2436 1459,2496 1621,2496 1621,2436"/>
                    <TextEquiv>
                        <Unicode>scheben,</Unicode>
                    </TextEquiv>
                </Word>
                <Word id="r2l24_w6" custom="readingOrder {index:5;}">
                    <Coords points="1648,2438 1648,2498 1734,2498 1734,2438"/>
                    <TextEquiv>
                        <Unicode>undt</Unicode>
                    </TextEquiv>
                </Word>
                <Word id="r2l24_w7" custom="readingOrder {index:6;}">
                    <Coords points="1759,2434 1759,2494 1934,2494 1934,2434"/>
                    <TextEquiv>
                        <Unicode>darinne</Unicode>
                    </TextEquiv>
                </Word>
                <TextEquiv>
                    <Unicode>Murten Cons. Ruß seinen scheben, undt darinne</Unicode>
                </TextEquiv>
            </TextLine>
            <TextLine id="r2l25" custom="readingOrder {index:24;}">
                <Coords points="770,2593 950,2531 1115,2603 1383,2557 1898,2616 2033,2568 2035,2490 1245,2467 1165,2504 915,2449 772,2484"/>
                <Baseline points="780,2537 842,2534 904,2534 966,2532 1029,2534 1091,2534 1153,2535 1215,2537 1278,2539 1340,2541 1402,2543 1464,2546 1527,2547 1589,2549 1651,2550 1713,2552 1776,2552 1838,2552 1900,2551 1962,2550 2025,2547"/>
                <Word id="r2l25_w1" custom="readingOrder {index:0;}">
                    <Coords points="785,2494 785,2554 1015,2554 1015,2494"/>
                    <TextEquiv>
                        <Unicode>Enthalten</Unicode>
                    </TextEquiv>
                </Word>
                <Word id="r2l25_w2" custom="readingOrder {index:1;}">
                    <Coords points="1067,2495 1067,2555 1298,2555 1298,2495"/>
                    <TextEquiv>
                        <Unicode>berichtet,</Unicode>
                    </TextEquiv>
                </Word>
                <Word id="r2l25_w3" custom="readingOrder {index:2;}">
                    <Coords points="1325,2505 1325,2565 1580,2565 1580,2505"/>
                    <TextEquiv>
                        <Unicode>betreffendt</Unicode>
                    </TextEquiv>
                </Word>
                <Word id="r2l25_w4" custom="readingOrder {index:3;}">
                    <Coords points="1620,2510 1620,2570 1685,2570 1685,2510"/>
                    <TextEquiv>
                        <Unicode>deß</Unicode>
                    </TextEquiv>
                </Word>
                <Word id="r2l25_w5" custom="readingOrder {index:4;}">
                    <Coords points="1735,2512 1735,2572 1760,2572 1760,2512"/>
                    <TextEquiv>
                        <Unicode>in</Unicode>
                    </TextEquiv>
                </Word>
                <Word id="r2l25_w6" custom="readingOrder {index:5;}">
                    <Coords points="1787,2510 1787,2570 2045,2570 2045,2510"/>
                    <TextEquiv>
                        <Unicode>Pfreußischen</Unicode>
                    </TextEquiv>
                </Word>
                <TextEquiv>
                    <Unicode>Enthalten berichtet, betreffendt deß in Pfreußischen</Unicode>
                </TextEquiv>
            </TextLine>
            <TextEquiv>
                <Unicode></Unicode>
            </TextEquiv>
        </TextRegion>
        <TextRegion orientation="0.0" id="r3" custom="readingOrder {index:2;}">
            <Coords points="2097,1396 2097,2364 2400,2364 2400,1396"/>
            <TextLine id="r3l1" custom="readingOrder {index:0;}">
                <Coords points="2095,1495 2152,1440 2182,1456 2190,1450 2234,1462 2298,1431 2342,1429 2336,1382 2318,1394 2282,1392 2231,1366 2206,1383 2168,1381 2141,1404 2084,1403"/>
                <Baseline points="2097,1449 2123,1449 2149,1447 2176,1443 2202,1439 2228,1434 2255,1430 2281,1427 2307,1426 2334,1428"/>
                <Word id="r3l1_w1" custom="readingOrder {index:0;}">
                    <Coords points="2098,1409 2098,1469 2109,1469 2109,1409"/>
                    <TextEquiv>
                        <Unicode>o</Unicode>
                    </TextEquiv>
                </Word>
                <Word id="r3l1_w2" custom="readingOrder {index:1;}">
                    <Coords points="2181,1392 2181,1452 2302,1452 2302,1392"/>
                    <TextEquiv>
                        <Unicode>Josina</Unicode>
                    </TextEquiv>
                </Word>
                <TextEquiv>
                    <Unicode>o Josina</Unicode>
                </TextEquiv>
            </TextLine>
            <TextLine id="r3l2" custom="readingOrder {index:1;}">
                <Coords points="2093,1537 2135,1518 2222,1534 2247,1517 2281,1529 2325,1513 2384,1523 2374,1424 2341,1437 2299,1431 2237,1462 2175,1454 2136,1428 2105,1461 2085,1463"/>
                <Baseline points="2099,1517 2126,1513 2153,1508 2180,1505 2208,1501 2235,1499 2262,1496 2290,1494 2317,1492 2344,1491 2372,1490"/>
                <Word id="r3l2_w1" custom="readingOrder {index:0;}">
                    <Coords points="2094,1467 2094,1527 2218,1527 2218,1467"/>
                    <TextEquiv>
                        <Unicode>Mbari</Unicode>
                    </TextEquiv>
                </Word>
                <Word id="r3l2_w2" custom="readingOrder {index:1;}">
                    <Coords points="2260,1451 2260,1511 2383,1511 2383,1451"/>
                    <TextEquiv>
                        <Unicode>Micsorl</Unicode>
                    </TextEquiv>
                </Word>
                <TextEquiv>
                    <Unicode>Mbari Micsorl</Unicode>
                </TextEquiv>
            </TextLine>
            <TextLine id="r3l3" custom="readingOrder {index:2;}">
                <Coords points="2091,2214 2141,2208 2160,2193 2216,2221 2287,2213 2348,2178 2391,2191 2408,2180 2405,2109 2346,2110 2319,2134 2279,2110 2255,2129 2231,2129 2188,2098 2149,2100 2130,2117 2086,2108"/>
                <Baseline points="2097,2181 2122,2179 2147,2177 2172,2175 2198,2174 2223,2172 2248,2169 2273,2169 2299,2166 2324,2166 2349,2166 2374,2168 2400,2169"/>
                <Word id="r3l3_w1" custom="readingOrder {index:0;}">
                    <Coords points="2098,2135 2098,2195 2228,2195 2228,2135"/>
                    <TextEquiv>
                        <Unicode>Kohl.</Unicode>
                    </TextEquiv>
                </Word>
                <Word id="r3l3_w2" custom="readingOrder {index:1;}">
                    <Coords points="2252,2126 2252,2186 2418,2186 2418,2126"/>
                    <TextEquiv>
                        <Unicode>Baobara.</Unicode>
                    </TextEquiv>
                </Word>
                <TextEquiv>
                    <Unicode>Kohl. Baobara.</Unicode>
                </TextEquiv>
            </TextLine>
            <TextLine id="r3l4" custom="readingOrder {index:3;}">
                <Coords points="2093,2271 2123,2265 2210,2314 2249,2310 2310,2252 2392,2257 2390,2187 2345,2179 2320,2201 2239,2210 2228,2222 2190,2219 2159,2193 2115,2223 2092,2219"/>
                <Baseline points="2102,2258 2127,2258 2153,2256 2178,2256 2204,2255 2230,2253 2255,2253 2281,2252 2307,2250 2332,2250 2358,2250 2384,2249"/>
                <Word id="r3l4_w1" custom="readingOrder {index:0;}">
                    <Coords points="2107,2216 2107,2276 2187,2276 2187,2216"/>
                    <TextEquiv>
                        <Unicode>birn</Unicode>
                    </TextEquiv>
                </Word>
                <Word id="r3l4_w2" custom="readingOrder {index:1;}">
                    <Coords points="2227,2210 2227,2270 2374,2270 2374,2210"/>
                    <TextEquiv>
                        <Unicode>Christen</Unicode>
                    </TextEquiv>
                </Word>
                <TextEquiv>
                    <Unicode>birn Christen</Unicode>
                </TextEquiv>
            </TextLine>
            <TextLine id="r3l5" custom="readingOrder {index:4;}">
                <Coords points="2094,2388 2112,2392 2149,2356 2210,2346 2223,2332 2250,2354 2354,2342 2352,2281 2321,2299 2295,2282 2263,2311 2219,2304 2204,2312 2138,2285 2091,2297"/>
                <Baseline points="2100,2346 2127,2345 2154,2345 2182,2343 2209,2343 2236,2342 2264,2340 2291,2339 2318,2337 2346,2337"/>
                <Word id="r3l5_w1" custom="readingOrder {index:0;}">
                    <Coords points="2097,2305 2097,2365 2209,2365 2209,2305"/>
                    <TextEquiv>
                        <Unicode>Bähler</Unicode>
                    </TextEquiv>
                </Word>
                <Word id="r3l5_w2" custom="readingOrder {index:1;}">
                    <Coords points="2252,2298 2252,2358 2346,2358 2346,2298"/>
                    <TextEquiv>
                        <Unicode>bentz</Unicode>
                    </TextEquiv>
                </Word>
                <TextEquiv>
                    <Unicode>Bähler bentz</Unicode>
                </TextEquiv>
            </TextLine>
            <TextEquiv>
                <Unicode></Unicode>
            </TextEquiv>
        </TextRegion>
        <TextRegion orientation="0.0" id="r4" custom="readingOrder {index:3;}">
            <Coords points="2379,224 2379,2659 3737,2659 3737,224"/>
            <TextLine id="r4l1" custom="readingOrder {index:0;}">
                <Coords points="3614,301 3648,308 3682,291 3691,297 3713,296 3719,214 3694,210 3682,213 3669,208 3656,209 3640,219 3631,210 3621,209"/>
                <Baseline points="3626,258 3653,257 3680,260 3707,264"/>
                <Word id="r4l1_w1" custom="readingOrder {index:0;}">
                    <Coords points="3628,217 3628,277 3677,277 3677,217"/>
                    <TextEquiv>
                        <Unicode>15</Unicode>
                    </TextEquiv>
                </Word>
                <TextEquiv>
                    <Unicode>15</Unicode>
                </TextEquiv>
            </TextLine>
            <TextLine id="r4l2" custom="readingOrder {index:1;}">
                <Coords points="2398,381 2911,330 3109,382 3247,328 3600,375 3694,349 3693,261 3557,229 3484,284 3298,234 3240,273 2666,284 2600,236 2397,290"/>
                <Baseline points="2405,351 2469,350 2533,347 2597,345 2661,344 2725,342 2789,341 2853,339 2917,338 2981,336 3045,336 3109,335 3173,334 3237,333 3301,333 3365,332 3429,332 3493,332 3557,332 3621,333 3686,333"/>
                <Word id="r4l2_w1" custom="readingOrder {index:0;}">
                    <Coords points="2411,308 2411,368 2582,368 2582,308"/>
                    <TextEquiv>
                        <Unicode>dienstem</Unicode>
                    </TextEquiv>
                </Word>
                <Word id="r4l2_w2" custom="readingOrder {index:1;}">
                    <Coords points="2620,304 2620,364 2681,364 2681,304"/>
                    <TextEquiv>
                        <Unicode>sich</Unicode>
                    </TextEquiv>
                </Word>
                <Word id="r4l2_w3" custom="readingOrder {index:2;}">
                    <Coords points="2693,300 2693,360 2927,360 2927,300"/>
                    <TextEquiv>
                        <Unicode>befindenden</Unicode>
                    </TextEquiv>
                </Word>
                <Word id="r4l2_w4" custom="readingOrder {index:3;}">
                    <Coords points="2965,295 2965,355 3162,355 3162,295"/>
                    <TextEquiv>
                        <Unicode>Jehanneß</Unicode>
                    </TextEquiv>
                </Word>
                <Word id="r4l2_w5" custom="readingOrder {index:4;}">
                    <Coords points="3210,292 3210,352 3395,352 3395,292"/>
                    <TextEquiv>
                        <Unicode>Schiebers</Unicode>
                    </TextEquiv>
                </Word>
                <Word id="r4l2_w6" custom="readingOrder {index:5;}">
                    <Coords points="3408,292 3408,352 3629,352 3629,292"/>
                    <TextEquiv>
                        <Unicode>Ehefrauwe,</Unicode>
                    </TextEquiv>
                </Word>
                <Word id="r4l2_w7" custom="readingOrder {index:6;}">
                    <Coords points="3641,293 3641,353 3678,353 3678,293"/>
                    <TextEquiv>
                        <Unicode>so</Unicode>
                    </TextEquiv>
                </Word>
                <TextEquiv>
                    <Unicode>dienstem sich befindenden Jehanneß Schiebers Ehefrauwe, so</Unicode>
                </TextEquiv>
            </TextLine>
            <TextLine id="r4l3" custom="readingOrder {index:2;}">
                <Coords points="2371,465 2753,423 2926,475 3016,412 3222,479 3322,414 3631,423 3628,331 3574,366 3221,343 3147,387 2456,355 2369,395"/>
                <Baseline points="2379,447 2441,441 2503,437 2565,431 2627,427 2690,423 2752,420 2814,417 2876,415 2938,413 3001,411 3063,410 3125,410 3187,408 3249,408 3312,407 3374,407 3436,407 3498,405 3560,405 3623,404"/>
                <Word id="r4l3_w1" custom="readingOrder {index:0;}">
                    <Coords points="2395,401 2395,461 2482,461 2482,401"/>
                    <TextEquiv>
                        <Unicode>Ver</Unicode>
                    </TextEquiv>
                </Word>
                <Word id="r4l3_w2" custom="readingOrder {index:1;}">
                    <Coords points="2506,390 2506,450 2629,450 2629,390"/>
                    <TextEquiv>
                        <Unicode>Etlobe</Unicode>
                    </TextEquiv>
                </Word>
                <Word id="r4l3_w3" custom="readingOrder {index:2;}">
                    <Coords points="2665,382 2665,442 2752,442 2752,382"/>
                    <TextEquiv>
                        <Unicode>Zeit</Unicode>
                    </TextEquiv>
                </Word>
                <Word id="r4l3_w4" custom="readingOrder {index:3;}">
                    <Coords points="2790,376 2790,436 2875,436 2875,376"/>
                    <TextEquiv>
                        <Unicode>von</Unicode>
                    </TextEquiv>
                </Word>
                <Word id="r4l3_w5" custom="readingOrder {index:4;}">
                    <Coords points="2913,370 2913,430 3123,430 3123,370"/>
                    <TextEquiv>
                        <Unicode>allhiesigem</Unicode>
                    </TextEquiv>
                </Word>
                <Word id="r4l3_w6" custom="readingOrder {index:5;}">
                    <Coords points="3183,367 3183,427 3393,427 3393,367"/>
                    <TextEquiv>
                        <Unicode>Phorgricht</Unicode>
                    </TextEquiv>
                </Word>
                <Word id="r4l3_w7" custom="readingOrder {index:6;}">
                    <Coords points="3431,365 3431,425 3516,425 3516,365"/>
                    <TextEquiv>
                        <Unicode>wider</Unicode>
                    </TextEquiv>
                </Word>
                <Word id="r4l3_w8" custom="readingOrder {index:7;}">
                    <Coords points="3542,364 3542,424 3627,424 3627,364"/>
                    <TextEquiv>
                        <Unicode>hren</Unicode>
                    </TextEquiv>
                </Word>
                <TextEquiv>
                    <Unicode>Ver Etlobe Zeit von allhiesigem Phorgricht wider hren</Unicode>
                </TextEquiv>
            </TextLine>
            <TextLine id="r4l4" custom="readingOrder {index:3;}">
                <Coords points="2396,584 2656,509 2840,571 3027,500 3605,490 3603,436 3016,410 2927,474 2809,426 2742,476 2672,438 2392,473"/>
                <Baseline points="2402,528 2461,524 2521,520 2581,517 2640,513 2700,510 2760,508 2819,506 2879,503 2939,501 2999,499 3058,496 3118,495 3178,492 3237,491 3297,489 3357,488 3416,486 3476,485 3536,483 3596,482"/>
                <Word id="r4l4_w1" custom="readingOrder {index:0;}">
                    <Coords points="2408,480 2408,540 2606,540 2606,480"/>
                    <TextEquiv>
                        <Unicode>Ehemann</Unicode>
                    </TextEquiv>
                </Word>
                <Word id="r4l4_w2" custom="readingOrder {index:1;}">
                    <Coords points="2632,471 2632,531 2699,531 2699,471"/>
                    <TextEquiv>
                        <Unicode>Ein</Unicode>
                    </TextEquiv>
                </Word>
                <Word id="r4l4_w3" custom="readingOrder {index:2;}">
                    <Coords points="2752,463 2752,523 2978,523 2978,463"/>
                    <TextEquiv>
                        <Unicode>Ruffbrirff</Unicode>
                    </TextEquiv>
                </Word>
                <Word id="r4l4_w4" custom="readingOrder {index:3;}">
                    <Coords points="2991,455 2991,515 3217,515 3217,455"/>
                    <TextEquiv>
                        <Unicode>erhalten,</Unicode>
                    </TextEquiv>
                </Word>
                <Word id="r4l4_w5" custom="readingOrder {index:4;}">
                    <Coords points="3256,448 3256,508 3428,508 3428,448"/>
                    <TextEquiv>
                        <Unicode>habendt</Unicode>
                    </TextEquiv>
                </Word>
                <Word id="r4l4_w6" custom="readingOrder {index:5;}">
                    <Coords points="3441,445 3441,505 3508,505 3508,445"/>
                    <TextEquiv>
                        <Unicode>Ehr</Unicode>
                    </TextEquiv>
                </Word>
                <Word id="r4l4_w7" custom="readingOrder {index:6;}">
                    <Coords points="3534,442 3534,502 3615,502 3615,442"/>
                    <TextEquiv>
                        <Unicode>g.</Unicode>
                    </TextEquiv>
                </Word>
                <TextEquiv>
                    <Unicode>Ehemann Ein Ruffbrirff erhalten, habendt Ehr g.</Unicode>
                </TextEquiv>
            </TextLine>
            <TextLine id="r4l5" custom="readingOrder {index:4;}">
                <Coords points="2409,616 3574,580 3633,565 3630,480 3090,509 3006,557 2497,526 2408,584"/>
                <Baseline points="2417,605 2477,601 2537,599 2598,596 2658,593 2718,591 2779,589 2839,587 2899,585 2960,584 3020,583 3080,582 3141,581 3201,579 3261,578 3322,576 3382,575 3442,572 3503,570 3563,567 3624,564"/>
                <Word id="r4l5_w1" custom="readingOrder {index:0;}">
                    <Coords points="2417,560 2417,620 2548,620 2548,560"/>
                    <TextEquiv>
                        <Unicode>under</Unicode>
                    </TextEquiv>
                </Word>
                <Word id="r4l5_w2" custom="readingOrder {index:1;}">
                    <Coords points="2568,552 2568,612 2758,612 2758,552"/>
                    <TextEquiv>
                        <Unicode>anderem</Unicode>
                    </TextEquiv>
                </Word>
                <Word id="r4l5_w3" custom="readingOrder {index:2;}">
                    <Coords points="2808,546 2808,606 2899,606 2899,546"/>
                    <TextEquiv>
                        <Unicode>auch</Unicode>
                    </TextEquiv>
                </Word>
                <Word id="r4l5_w4" custom="readingOrder {index:3;}">
                    <Coords points="2929,543 2929,603 3110,603 3110,543"/>
                    <TextEquiv>
                        <Unicode>ersechen,</Unicode>
                    </TextEquiv>
                </Word>
                <Word id="r4l5_w5" custom="readingOrder {index:4;}">
                    <Coords points="3130,540 3130,600 3210,600 3210,540"/>
                    <TextEquiv>
                        <Unicode>wie</Unicode>
                    </TextEquiv>
                </Word>
                <Word id="r4l5_w6" custom="readingOrder {index:5;}">
                    <Coords points="3241,537 3241,597 3320,597 3320,537"/>
                    <TextEquiv>
                        <Unicode>daß</Unicode>
                    </TextEquiv>
                </Word>
                <Word id="r4l5_w7" custom="readingOrder {index:6;}">
                    <Coords points="3360,534 3360,594 3421,594 3421,534"/>
                    <TextEquiv>
                        <Unicode>die</Unicode>
                    </TextEquiv>
                </Word>
                <Word id="r4l5_w8" custom="readingOrder {index:7;}">
                    <Coords points="3441,528 3441,588 3611,588 3611,528"/>
                    <TextEquiv>
                        <Unicode>Schieber</Unicode>
                    </TextEquiv>
                </Word>
                <TextEquiv>
                    <Unicode>under anderem auch ersechen, wie daß die Schieber</Unicode>
                </TextEquiv>
            </TextLine>
            <TextLine id="r4l6" custom="readingOrder {index:5;}">
                <Coords points="2414,713 2514,691 2608,740 2694,680 2817,726 3032,657 3221,698 3671,653 3669,596 3318,580 3230,622 3019,576 2892,635 2751,596 2412,656"/>
                <Baseline points="2421,684 2483,681 2545,679 2607,677 2669,675 2731,672 2793,671 2855,668 2917,666 2979,665 3041,663 3103,661 3165,659 3227,656 3289,654 3351,651 3413,648 3475,645 3537,642 3599,638 3662,633"/>
                <Word id="r4l6_w1" custom="readingOrder {index:0;}">
                    <Coords points="2414,643 2414,703 2462,703 2462,643"/>
                    <TextEquiv>
                        <Unicode>im</Unicode>
                    </TextEquiv>
                </Word>
                <Word id="r4l6_w2" custom="readingOrder {index:1;}">
                    <Coords points="2510,636 2510,696 2717,696 2717,636"/>
                    <TextEquiv>
                        <Unicode>Verdacht</Unicode>
                    </TextEquiv>
                </Word>
                <Word id="r4l6_w3" custom="readingOrder {index:2;}">
                    <Coords points="2730,631 2730,691 2827,691 2827,631"/>
                    <TextEquiv>
                        <Unicode>seye</Unicode>
                    </TextEquiv>
                </Word>
                <Word id="r4l6_w4" custom="readingOrder {index:3;}">
                    <Coords points="2851,625 2851,685 3033,685 3033,625"/>
                    <TextEquiv>
                        <Unicode>gewesen,</Unicode>
                    </TextEquiv>
                </Word>
                <Word id="r4l6_w5" custom="readingOrder {index:4;}">
                    <Coords points="3071,619 3071,679 3205,679 3205,619"/>
                    <TextEquiv>
                        <Unicode>hinder</Unicode>
                    </TextEquiv>
                </Word>
                <Word id="r4l6_w6" custom="readingOrder {index:5;}">
                    <Coords points="3229,611 3229,671 3437,671 3437,611"/>
                    <TextEquiv>
                        <Unicode>Fhreyburh</Unicode>
                    </TextEquiv>
                </Word>
                <Word id="r4l6_w7" custom="readingOrder {index:6;}">
                    <Coords points="3473,599 3473,659 3681,659 3681,599"/>
                    <TextEquiv>
                        <Unicode>Kindts¬</Unicode>
                    </TextEquiv>
                </Word>
                <TextEquiv>
                    <Unicode>im Verdacht seye gewesen, hinder Fhreyburh Kindts¬</Unicode>
                </TextEquiv>
            </TextLine>
            <TextLine id="r4l7" custom="readingOrder {index:6;}">
                <Coords points="2393,826 2486,761 2989,751 3100,794 3643,732 3641,678 3570,646 3212,699 2897,679 2807,733 2706,678 2609,736 2389,710"/>
                <Baseline points="2399,765 2460,763 2522,761 2584,759 2646,758 2708,756 2769,755 2831,755 2893,753 2955,752 3017,751 3078,750 3140,749 3202,746 3264,744 3326,741 3387,738 3449,734 3511,729 3573,723 3635,717"/>
                <Word id="r4l7_w1" custom="readingOrder {index:0;}">
                    <Coords points="2391,724 2391,784 2427,784 2427,724"/>
                    <TextEquiv>
                        <Unicode>n</Unicode>
                    </TextEquiv>
                </Word>
                <Word id="r4l7_w2" custom="readingOrder {index:1;}">
                    <Coords points="2439,720 2439,780 2611,780 2611,720"/>
                    <TextEquiv>
                        <Unicode>genesen</Unicode>
                    </TextEquiv>
                </Word>
                <Word id="r4l7_w3" custom="readingOrder {index:2;}">
                    <Coords points="2635,716 2635,776 2770,776 2770,716"/>
                    <TextEquiv>
                        <Unicode>Justin</Unicode>
                    </TextEquiv>
                </Word>
                <Word id="r4l7_w4" custom="readingOrder {index:3;}">
                    <Coords points="2831,712 2831,772 3063,772 3063,712"/>
                    <TextEquiv>
                        <Unicode>derobegen</Unicode>
                    </TextEquiv>
                </Word>
                <Word id="r4l7_w5" custom="readingOrder {index:4;}">
                    <Coords points="3113,707 3113,767 3247,767 3247,707"/>
                    <TextEquiv>
                        <Unicode>Ghogl.</Unicode>
                    </TextEquiv>
                </Word>
                <Word id="r4l7_w6" custom="readingOrder {index:5;}">
                    <Coords points="3271,701 3271,761 3370,761 3370,701"/>
                    <TextEquiv>
                        <Unicode>Ihme</Unicode>
                    </TextEquiv>
                </Word>
                <Word id="r4l7_w7" custom="readingOrder {index:6;}">
                    <Coords points="3394,689 3394,749 3627,749 3627,689"/>
                    <TextEquiv>
                        <Unicode>anbefohlen</Unicode>
                    </TextEquiv>
                </Word>
                <TextEquiv>
                    <Unicode>n genesen Justin derobegen Ghogl. Ihme anbefohlen</Unicode>
                </TextEquiv>
            </TextLine>
            <TextLine id="r4l8" custom="readingOrder {index:7;}">
                <Coords points="2393,884 3663,823 3674,737 3325,804 2992,751 2531,763 2390,827"/>
                <Baseline points="2399,857 2462,853 2525,850 2589,848 2652,846 2716,843 2779,842 2843,840 2906,839 2970,836 3033,834 3096,832 3160,830 3223,827 3287,823 3350,821 3414,815 3477,810 3541,805 3604,798 3668,791"/>
                <Word id="r4l8_w1" custom="readingOrder {index:0;}">
                    <Coords points="2413,812 2413,872 2525,872 2525,812"/>
                    <TextEquiv>
                        <Unicode>haben</Unicode>
                    </TextEquiv>
                </Word>
                <Word id="r4l8_w2" custom="readingOrder {index:1;}">
                    <Coords points="2569,804 2569,864 2781,864 2781,804"/>
                    <TextEquiv>
                        <Unicode>volkinde,</Unicode>
                    </TextEquiv>
                </Word>
                <Word id="r4l8_w3" custom="readingOrder {index:2;}">
                    <Coords points="2804,800 2804,860 2860,860 2860,800"/>
                    <TextEquiv>
                        <Unicode>sich</Unicode>
                    </TextEquiv>
                </Word>
                <Word id="r4l8_w4" custom="readingOrder {index:3;}">
                    <Coords points="2893,796 2893,856 3016,856 3016,796"/>
                    <TextEquiv>
                        <Unicode>dieser</Unicode>
                    </TextEquiv>
                </Word>
                <Word id="r4l8_w5" custom="readingOrder {index:4;}">
                    <Coords points="3049,792 3049,852 3117,852 3117,792"/>
                    <TextEquiv>
                        <Unicode>Joch</Unicode>
                    </TextEquiv>
                </Word>
                <Word id="r4l8_w6" custom="readingOrder {index:5;}">
                    <Coords points="3150,788 3150,848 3251,848 3251,788"/>
                    <TextEquiv>
                        <Unicode>halb</Unicode>
                    </TextEquiv>
                </Word>
                <Word id="r4l8_w7" custom="readingOrder {index:6;}">
                    <Coords points="3284,782 3284,842 3317,842 3317,782"/>
                    <TextEquiv>
                        <Unicode>an</Unicode>
                    </TextEquiv>
                </Word>
                <Word id="r4l8_w8" custom="readingOrder {index:7;}">
                    <Coords points="3352,766 3352,826 3688,826 3688,766"/>
                    <TextEquiv>
                        <Unicode>notigfindenden</Unicode>
                    </TextEquiv>
                </Word>
                <TextEquiv>
                    <Unicode>haben volkinde, sich dieser Joch halb an notigfindenden</Unicode>
                </TextEquiv>
            </TextLine>
            <TextLine id="r4l9" custom="readingOrder {index:8;}">
                <Coords points="2389,951 3558,921 3659,906 3656,839 2951,830 2887,883 2794,839 2476,868 2388,927"/>
                <Baseline points="2397,945 2459,941 2522,939 2584,937 2647,935 2710,933 2772,932 2835,930 2898,928 2960,926 3023,924 3086,923 3148,920 3211,918 3274,915 3336,912 3399,909 3462,905 3524,900 3587,896 3650,890"/>
                <Word id="r4l9_w1" custom="readingOrder {index:0;}">
                    <Coords points="2412,899 2412,959 2572,959 2572,899"/>
                    <TextEquiv>
                        <Unicode>Bothe,</Unicode>
                    </TextEquiv>
                </Word>
                <Word id="r4l9_w2" custom="readingOrder {index:1;}">
                    <Coords points="2594,895 2594,955 2685,955 2685,895"/>
                    <TextEquiv>
                        <Unicode>undt</Unicode>
                    </TextEquiv>
                </Word>
                <Word id="r4l9_w3" custom="readingOrder {index:2;}">
                    <Coords points="2708,890 2708,950 2925,950 2925,890"/>
                    <TextEquiv>
                        <Unicode>sonderlich</Unicode>
                    </TextEquiv>
                </Word>
                <Word id="r4l9_w4" custom="readingOrder {index:3;}">
                    <Coords points="2971,884 2971,944 3051,944 3051,884"/>
                    <TextEquiv>
                        <Unicode>bey</Unicode>
                    </TextEquiv>
                </Word>
                <Word id="r4l9_w5" custom="readingOrder {index:4;}">
                    <Coords points="3085,881 3085,941 3165,941 3165,881"/>
                    <TextEquiv>
                        <Unicode>dem</Unicode>
                    </TextEquiv>
                </Word>
                <Word id="r4l9_w6" custom="readingOrder {index:5;}">
                    <Coords points="3222,875 3222,935 3290,935 3290,875"/>
                    <TextEquiv>
                        <Unicode>H.</Unicode>
                    </TextEquiv>
                </Word>
                <Word id="r4l9_w7" custom="readingOrder {index:6;}">
                    <Coords points="3303,867 3303,927 3554,927 3554,867"/>
                    <TextEquiv>
                        <Unicode>Kiohmeyer</Unicode>
                    </TextEquiv>
                </Word>
                <Word id="r4l9_w8" custom="readingOrder {index:7;}">
                    <Coords points="3576,854 3576,914 3622,914 3622,854"/>
                    <TextEquiv>
                        <Unicode>zu</Unicode>
                    </TextEquiv>
                </Word>
                <TextEquiv>
                    <Unicode>Bothe, undt sonderlich bey dem H. Kiohmeyer zu</Unicode>
                </TextEquiv>
            </TextLine>
            <TextLine id="r4l10" custom="readingOrder {index:9;}">
                <Coords points="2399,1067 2511,1018 2602,1061 2935,1008 3165,1057 3355,990 3518,1044 3673,964 3671,903 3529,945 3480,905 3057,959 2875,931 2755,985 2696,939 2393,952"/>
                <Baseline points="2406,1028 2469,1028 2532,1026 2595,1025 2658,1022 2721,1020 2784,1019 2847,1016 2910,1014 2973,1011 3036,1008 3099,1005 3162,1002 3225,998 3288,993 3351,989 3414,984 3477,980 3540,974 3603,968 3666,962"/>
                <Word id="r4l10_w1" custom="readingOrder {index:0;}">
                    <Coords points="2419,986 2419,1046 2630,1046 2630,986"/>
                    <TextEquiv>
                        <Unicode>Freyburg,</Unicode>
                    </TextEquiv>
                </Word>
                <Word id="r4l10_w2" custom="readingOrder {index:1;}">
                    <Coords points="2654,981 2654,1041 2717,1041 2717,981"/>
                    <TextEquiv>
                        <Unicode>der</Unicode>
                    </TextEquiv>
                </Word>
                <Word id="r4l10_w3" custom="readingOrder {index:2;}">
                    <Coords points="2754,978 2754,1038 2827,1038 2827,978"/>
                    <TextEquiv>
                        <Unicode>von</Unicode>
                    </TextEquiv>
                </Word>
                <Word id="r4l10_w4" custom="readingOrder {index:3;}">
                    <Coords points="2878,972 2878,1032 2989,1032 2989,972"/>
                    <TextEquiv>
                        <Unicode>dieses</Unicode>
                    </TextEquiv>
                </Word>
                <Word id="r4l10_w5" custom="readingOrder {index:4;}">
                    <Coords points="3025,963 3025,1023 3225,1023 3225,963"/>
                    <TextEquiv>
                        <Unicode>begebnuß</Unicode>
                    </TextEquiv>
                </Word>
                <Word id="r4l10_w6" custom="readingOrder {index:5;}">
                    <Coords points="3286,941 3286,1001 3633,1001 3633,941"/>
                    <TextEquiv>
                        <Unicode>wößenschafft</Unicode>
                    </TextEquiv>
                </Word>
                <TextEquiv>
                    <Unicode>Freyburg, der von dieses begebnuß wößenschafft</Unicode>
                </TextEquiv>
            </TextLine>
            <TextLine id="r4l11" custom="readingOrder {index:10;}">
                <Coords points="2412,1128 3651,1071 3619,971 3492,1044 3330,995 3163,1057 2932,1010 2676,1065 2511,1020 2409,1068"/>
                <Baseline points="2420,1116 2481,1113 2542,1109 2603,1107 2664,1104 2725,1102 2786,1100 2847,1097 2908,1095 2969,1092 3030,1089 3091,1088 3152,1084 3213,1081 3274,1077 3335,1073 3396,1068 3457,1063 3518,1056 3579,1049 3641,1040"/>
                <Word id="r4l11_w1" custom="readingOrder {index:0;}">
                    <Coords points="2420,1073 2420,1133 2531,1133 2531,1073"/>
                    <TextEquiv>
                        <Unicode>haben</Unicode>
                    </TextEquiv>
                </Word>
                <Word id="r4l11_w2" custom="readingOrder {index:1;}">
                    <Coords points="2542,1067 2542,1127 2642,1127 2642,1067"/>
                    <TextEquiv>
                        <Unicode>soll,</Unicode>
                    </TextEquiv>
                </Word>
                <Word id="r4l11_w3" custom="readingOrder {index:2;}">
                    <Coords points="2674,1062 2674,1122 2752,1122 2752,1062"/>
                    <TextEquiv>
                        <Unicode>deß</Unicode>
                    </TextEquiv>
                </Word>
                <Word id="r4l11_w4" custom="readingOrder {index:3;}">
                    <Coords points="2796,1054 2796,1114 3040,1114 3040,1054"/>
                    <TextEquiv>
                        <Unicode>geneiteren</Unicode>
                    </TextEquiv>
                </Word>
                <Word id="r4l11_w5" custom="readingOrder {index:4;}">
                    <Coords points="3062,1039 3062,1099 3416,1099 3416,1039"/>
                    <TextEquiv>
                        <Unicode>zuerkundigen</Unicode>
                    </TextEquiv>
                </Word>
                <Word id="r4l11_w6" custom="readingOrder {index:5;}">
                    <Coords points="3472,1013 3472,1073 3615,1073 3615,1013"/>
                    <TextEquiv>
                        <Unicode>undt</Unicode>
                    </TextEquiv>
                </Word>
                <TextEquiv>
                    <Unicode>haben soll, deß geneiteren zuerkundigen undt</Unicode>
                </TextEquiv>
            </TextLine>
            <TextLine id="r4l12" custom="readingOrder {index:11;}">
                <Coords points="2392,1208 3124,1166 3203,1208 3270,1152 3612,1142 3608,1078 3447,1065 2927,1095 2865,1140 2771,1097 2568,1151 2479,1110 2390,1164"/>
                <Baseline points="2400,1206 2460,1200 2520,1194 2580,1190 2640,1185 2700,1182 2760,1179 2820,1176 2880,1174 2940,1172 3001,1170 3061,1169 3121,1166 3181,1164 3241,1160 3301,1157 3361,1153 3421,1147 3481,1141 3541,1133 3602,1124"/>
                <Word id="r4l12_w1" custom="readingOrder {index:0;}">
                    <Coords points="2413,1160 2413,1220 2502,1220 2502,1160"/>
                    <TextEquiv>
                        <Unicode>den</Unicode>
                    </TextEquiv>
                </Word>
                <Word id="r4l12_w2" custom="readingOrder {index:1;}">
                    <Coords points="2524,1144 2524,1204 2781,1204 2781,1144"/>
                    <TextEquiv>
                        <Unicode>einholenden</Unicode>
                    </TextEquiv>
                </Word>
                <Word id="r4l12_w3" custom="readingOrder {index:2;}">
                    <Coords points="2849,1131 2849,1191 3039,1191 3039,1131"/>
                    <TextEquiv>
                        <Unicode>bericht</Unicode>
                    </TextEquiv>
                </Word>
                <Word id="r4l12_w4" custom="readingOrder {index:3;}">
                    <Coords points="3094,1124 3094,1184 3263,1184 3263,1124"/>
                    <TextEquiv>
                        <Unicode>Ihrgl.</Unicode>
                    </TextEquiv>
                </Word>
                <Word id="r4l12_w5" custom="readingOrder {index:4;}">
                    <Coords points="3285,1116 3285,1176 3319,1176 3319,1116"/>
                    <TextEquiv>
                        <Unicode>so</Unicode>
                    </TextEquiv>
                </Word>
                <Word id="r4l12_w6" custom="readingOrder {index:5;}">
                    <Coords points="3352,1100 3352,1160 3622,1160 3622,1100"/>
                    <TextEquiv>
                        <Unicode>fürderlich¬</Unicode>
                    </TextEquiv>
                </Word>
                <TextEquiv>
                    <Unicode>den einholenden bericht Ihrgl. so fürderlich¬</Unicode>
                </TextEquiv>
            </TextLine>
            <TextLine id="r4l13" custom="readingOrder {index:12;}">
                <Coords points="2394,1285 3417,1238 3512,1291 3698,1234 3694,1152 3262,1159 3209,1210 3127,1170 2932,1236 2791,1182 2737,1225 2567,1194 2393,1262"/>
                <Baseline points="2402,1278 2466,1274 2530,1272 2595,1269 2659,1266 2723,1264 2788,1262 2852,1259 2916,1257 2981,1254 3045,1251 3109,1248 3174,1245 3238,1242 3302,1239 3367,1236 3431,1233 3495,1229 3560,1225 3624,1220 3689,1215"/>
                <Word id="r4l13_w1" custom="readingOrder {index:0;}">
                    <Coords points="2407,1232 2407,1292 2603,1292 2603,1232"/>
                    <TextEquiv>
                        <Unicode>mütlich</Unicode>
                    </TextEquiv>
                </Word>
                <Word id="r4l13_w2" custom="readingOrder {index:1;}">
                    <Coords points="2639,1225 2639,1285 2689,1285 2689,1225"/>
                    <TextEquiv>
                        <Unicode>zu</Unicode>
                    </TextEquiv>
                </Word>
                <Word id="r4l13_w3" custom="readingOrder {index:2;}">
                    <Coords points="2726,1222 2726,1282 2824,1282 2824,1222"/>
                    <TextEquiv>
                        <Unicode>dero</Unicode>
                    </TextEquiv>
                </Word>
                <Word id="r4l13_w4" custom="readingOrder {index:3;}">
                    <Coords points="2848,1216 2848,1276 2996,1276 2996,1216"/>
                    <TextEquiv>
                        <Unicode>feuere</Unicode>
                    </TextEquiv>
                </Word>
                <Word id="r4l13_w5" custom="readingOrder {index:4;}">
                    <Coords points="3032,1205 3032,1265 3314,1265 3314,1205"/>
                    <TextEquiv>
                        <Unicode>Erbenknuß</Unicode>
                    </TextEquiv>
                </Word>
                <Word id="r4l13_w6" custom="readingOrder {index:5;}">
                    <Coords points="3375,1194 3375,1254 3413,1254 3413,1194"/>
                    <TextEquiv>
                        <Unicode>zu</Unicode>
                    </TextEquiv>
                </Word>
                <Word id="r4l13_w7" custom="readingOrder {index:6;}">
                    <Coords points="3437,1184 3437,1244 3708,1244 3708,1184"/>
                    <TextEquiv>
                        <Unicode>überschilen.</Unicode>
                    </TextEquiv>
                </Word>
                <TextEquiv>
                    <Unicode>mütlich zu dero feuere Erbenknuß zu überschilen.</Unicode>
                </TextEquiv>
            </TextLine>
            <TextLine id="r4l14" custom="readingOrder {index:13;}">
                <Coords points="2402,1384 3056,1328 3403,1370 3468,1313 3593,1352 3724,1315 3689,1246 3521,1290 2496,1272 2400,1327"/>
                <Baseline points="2409,1362 2474,1356 2539,1352 2605,1347 2670,1344 2735,1341 2801,1340 2866,1338 2931,1335 2997,1335 3062,1334 3127,1332 3193,1331 3258,1328 3323,1326 3389,1323 3454,1319 3519,1315 3585,1309 3650,1304 3716,1296"/>
                <Word id="r4l14_w1" custom="readingOrder {index:0;}">
                    <Coords points="2411,1318 2411,1378 2487,1378 2487,1318"/>
                    <TextEquiv>
                        <Unicode>wie</Unicode>
                    </TextEquiv>
                </Word>
                <Word id="r4l14_w2" custom="readingOrder {index:1;}">
                    <Coords points="2530,1307 2530,1367 2670,1367 2670,1307"/>
                    <TextEquiv>
                        <Unicode>sithun</Unicode>
                    </TextEquiv>
                </Word>
                <Word id="r4l14_w3" custom="readingOrder {index:2;}">
                    <Coords points="2725,1300 2725,1360 2768,1360 2768,1300"/>
                    <TextEquiv>
                        <Unicode>Er</Unicode>
                    </TextEquiv>
                </Word>
                <Word id="r4l14_w4" custom="readingOrder {index:3;}">
                    <Coords points="2801,1297 2801,1357 2952,1357 2952,1297"/>
                    <TextEquiv>
                        <Unicode>wüßen</Unicode>
                    </TextEquiv>
                </Word>
                <Word id="r4l14_w5" custom="readingOrder {index:4;}">
                    <Coords points="2996,1293 2996,1353 3180,1353 3180,1293"/>
                    <TextEquiv>
                        <Unicode>werden:</Unicode>
                    </TextEquiv>
                </Word>
                <Word id="r4l14_w6" custom="readingOrder {index:5;}">
                    <Coords points="3212,1287 3212,1347 3365,1347 3365,1287"/>
                    <TextEquiv>
                        <Unicode>Nosina</Unicode>
                    </TextEquiv>
                </Word>
                <Word id="r4l14_w7" custom="readingOrder {index:6;}">
                    <Coords points="3408,1280 3408,1340 3452,1340 3452,1280"/>
                    <TextEquiv>
                        <Unicode>oh</Unicode>
                    </TextEquiv>
                </Word>
                <Word id="r4l14_w8" custom="readingOrder {index:7;}">
                    <Coords points="3494,1269 3494,1329 3657,1329 3657,1269"/>
                    <TextEquiv>
                        <Unicode>beklagt</Unicode>
                    </TextEquiv>
                </Word>
                <Word id="r4l14_w9" custom="readingOrder {index:8;}">
                    <Coords points="3679,1257 3679,1317 3721,1317 3721,1257"/>
                    <TextEquiv>
                        <Unicode>der</Unicode>
                    </TextEquiv>
                </Word>
                <TextEquiv>
                    <Unicode>wie sithun Er wüßen werden: Nosina oh beklagt der</Unicode>
                </TextEquiv>
            </TextLine>
            <TextLine id="r4l15" custom="readingOrder {index:14;}">
                <Coords points="2422,1446 3724,1400 3728,1331 2419,1388"/>
                <Baseline points="2430,1439 2494,1432 2559,1426 2623,1421 2688,1416 2753,1412 2817,1409 2882,1405 2946,1403 3011,1400 3076,1398 3140,1395 3205,1394 3269,1392 3334,1389 3398,1386 3463,1385 3528,1381 3592,1377 3657,1374 3722,1370"/>
                <Word id="r4l15_w1" custom="readingOrder {index:0;}">
                    <Coords points="2418,1397 2418,1457 2472,1457 2472,1397"/>
                    <TextEquiv>
                        <Unicode>Ht</Unicode>
                    </TextEquiv>
                </Word>
                <Word id="r4l15_w2" custom="readingOrder {index:1;}">
                    <Coords points="2500,1377 2500,1437 2849,1437 2849,1377"/>
                    <TextEquiv>
                        <Unicode>undtschwängerung</Unicode>
                    </TextEquiv>
                </Word>
                <Word id="r4l15_w3" custom="readingOrder {index:2;}">
                    <Coords points="2867,1364 2867,1424 2922,1424 2922,1364"/>
                    <TextEquiv>
                        <Unicode>ein</Unicode>
                    </TextEquiv>
                </Word>
                <Word id="r4l15_w4" custom="readingOrder {index:3;}">
                    <Coords points="2959,1358 2959,1418 3171,1418 3171,1358"/>
                    <TextEquiv>
                        <Unicode>Jtalinischen</Unicode>
                    </TextEquiv>
                </Word>
                <Word id="r4l15_w5" custom="readingOrder {index:4;}">
                    <Coords points="3180,1353 3180,1413 3290,1413 3290,1353"/>
                    <TextEquiv>
                        <Unicode>Toffelg</Unicode>
                    </TextEquiv>
                </Word>
                <Word id="r4l15_w6" custom="readingOrder {index:5;}">
                    <Coords points="3308,1349 3308,1409 3335,1409 3335,1349"/>
                    <TextEquiv>
                        <Unicode>in</Unicode>
                    </TextEquiv>
                </Word>
                <Word id="r4l15_w7" custom="readingOrder {index:6;}">
                    <Coords points="3354,1346 3354,1406 3419,1406 3419,1346"/>
                    <TextEquiv>
                        <Unicode>ahrr</Unicode>
                    </TextEquiv>
                </Word>
                <Word id="r4l15_w8" custom="readingOrder {index:7;}">
                    <Coords points="3437,1342 3437,1402 3575,1402 3575,1342"/>
                    <TextEquiv>
                        <Unicode>Mihel</Unicode>
                    </TextEquiv>
                </Word>
                <Word id="r4l15_w9" custom="readingOrder {index:8;}">
                    <Coords points="3602,1334 3602,1394 3712,1394 3712,1334"/>
                    <TextEquiv>
                        <Unicode>Albar</Unicode>
                    </TextEquiv>
                </Word>
                <TextEquiv>
                    <Unicode>Ht undtschwängerung ein Jtalinischen Toffelg in ahrr Mihel Albar</Unicode>
                </TextEquiv>
            </TextLine>
            <TextLine id="r4l16" custom="readingOrder {index:15;}">
                <Coords points="2540,1537 2595,1508 2751,1550 2821,1483 3031,1519 3095,1481 3314,1486 3411,1435 3679,1426 3676,1378 3177,1441 3110,1403 2533,1444"/>
                <Baseline points="2546,1500 2602,1499 2658,1497 2714,1496 2771,1494 2827,1491 2883,1488 2939,1484 2996,1481 3052,1478 3108,1473 3164,1468 3221,1463 3277,1458 3333,1452 3389,1445 3446,1440 3502,1433 3558,1427 3614,1420 3671,1413"/>
                <Word id="r4l16_w1" custom="readingOrder {index:0;}">
                    <Coords points="2558,1456 2558,1516 2798,1516 2798,1456"/>
                    <TextEquiv>
                        <Unicode>Montags</Unicode>
                    </TextEquiv>
                </Word>
                <Word id="r4l16_w2" custom="readingOrder {index:1;}">
                    <Coords points="2835,1448 2835,1508 2894,1508 2894,1448"/>
                    <TextEquiv>
                        <Unicode>den</Unicode>
                    </TextEquiv>
                </Word>
                <Word id="r4l16_w3" custom="readingOrder {index:2;}">
                    <Coords points="2918,1442 2918,1502 3003,1502 3003,1442"/>
                    <TextEquiv>
                        <Unicode>8ten</Unicode>
                    </TextEquiv>
                </Word>
                <Word id="r4l16_w4" custom="readingOrder {index:3;}">
                    <Coords points="3027,1435 3027,1495 3135,1495 3135,1435"/>
                    <TextEquiv>
                        <Unicode>7bris</Unicode>
                    </TextEquiv>
                </Word>
                <Word id="r4l16_w5" custom="readingOrder {index:4;}">
                    <Coords points="3171,1419 3171,1479 3339,1479 3339,1419"/>
                    <TextEquiv>
                        <Unicode>1732.</Unicode>
                    </TextEquiv>
                </Word>
                <Word id="r4l16_w6" custom="readingOrder {index:5;}">
                    <Coords points="3351,1406 3351,1466 3400,1466 3400,1406"/>
                    <TextEquiv>
                        <Unicode>der</Unicode>
                    </TextEquiv>
                </Word>
                <Word id="r4l16_w7" custom="readingOrder {index:6;}">
                    <Coords points="3424,1399 3424,1459 3471,1459 3471,1399"/>
                    <TextEquiv>
                        <Unicode>Sie</Unicode>
                    </TextEquiv>
                </Word>
                <Word id="r4l16_w8" custom="readingOrder {index:7;}">
                    <Coords points="3483,1392 3483,1452 3531,1452 3531,1392"/>
                    <TextEquiv>
                        <Unicode>bey</Unicode>
                    </TextEquiv>
                </Word>
                <Word id="r4l16_w9" custom="readingOrder {index:8;}">
                    <Coords points="3556,1378 3556,1438 3689,1438 3689,1378"/>
                    <TextEquiv>
                        <Unicode>Mer.</Unicode>
                    </TextEquiv>
                </Word>
                <TextEquiv>
                    <Unicode>Montags den 8ten 7bris 1732. der Sie bey Mer.</Unicode>
                </TextEquiv>
            </TextLine>
            <TextLine id="r4l17" custom="readingOrder {index:16;}">
                <Coords points="3325,1523 3372,1497 3424,1508 3456,1493 3545,1517 3651,1478 3702,1505 3701,1424 3653,1425 3622,1450 3511,1435 3468,1461 3440,1441 3414,1459 3389,1442 3321,1451"/>
                <Baseline points="3332,1497 3357,1493 3383,1490 3409,1487 3435,1485 3461,1485 3487,1484 3513,1482 3539,1481 3565,1481 3591,1479 3617,1478 3643,1476 3669,1473 3695,1470"/>
                <Word id="r4l17_w1" custom="readingOrder {index:0;}">
                    <Coords points="3333,1447 3333,1507 3485,1507 3485,1447"/>
                    <TextEquiv>
                        <Unicode>Challus</Unicode>
                    </TextEquiv>
                </Word>
                <Word id="r4l17_w2" custom="readingOrder {index:1;}">
                    <Coords points="3508,1438 3508,1498 3691,1498 3691,1438"/>
                    <TextEquiv>
                        <Unicode>beschlaffen</Unicode>
                    </TextEquiv>
                </Word>
                <TextEquiv>
                    <Unicode>Challus beschlaffen</Unicode>
                </TextEquiv>
            </TextLine>
            <TextLine id="r4l18" custom="readingOrder {index:17;}">
                <Coords points="3168,1578 3249,1542 3361,1534 3439,1556 3549,1535 3578,1564 3658,1534 3745,1555 3745,1515 3687,1509 3656,1481 3538,1512 3456,1492 3434,1512 3342,1512 3280,1475 3210,1494 3167,1480"/>
                <Baseline points="3176,1545 3204,1543 3232,1542 3260,1541 3288,1539 3316,1538 3344,1538 3372,1536 3400,1536 3428,1535 3456,1535 3484,1535 3512,1535 3540,1535 3568,1535 3596,1535 3624,1535 3652,1535 3680,1536 3708,1536 3737,1538"/>
                <Word id="r4l18_w1" custom="readingOrder {index:0;}">
                    <Coords points="3180,1501 3180,1561 3299,1561 3299,1501"/>
                    <TextEquiv>
                        <Unicode>befinde</Unicode>
                    </TextEquiv>
                </Word>
                <Word id="r4l18_w2" custom="readingOrder {index:1;}">
                    <Coords points="3316,1498 3316,1558 3363,1558 3363,1498"/>
                    <TextEquiv>
                        <Unicode>sich</Unicode>
                    </TextEquiv>
                </Word>
                <Word id="r4l18_w3" custom="readingOrder {index:2;}">
                    <Coords points="3371,1496 3371,1556 3396,1556 3396,1496"/>
                    <TextEquiv>
                        <Unicode>in</Unicode>
                    </TextEquiv>
                </Word>
                <Word id="r4l18_w4" custom="readingOrder {index:3;}">
                    <Coords points="3419,1495 3419,1555 3451,1555 3451,1495"/>
                    <TextEquiv>
                        <Unicode>7.</Unicode>
                    </TextEquiv>
                </Word>
                <Word id="r4l18_w5" custom="readingOrder {index:4;}">
                    <Coords points="3467,1495 3467,1555 3738,1555 3738,1495"/>
                    <TextEquiv>
                        <Unicode>moratschwange</Unicode>
                    </TextEquiv>
                </Word>
                <TextEquiv>
                    <Unicode>befinde sich in 7. moratschwange</Unicode>
                </TextEquiv>
            </TextLine>
            <TextLine id="r4l19" custom="readingOrder {index:18;}">
                <Coords points="3032,1562 3048,1561 3066,1571 3080,1561 3104,1574 3126,1562 3134,1563 3141,1554 3153,1555 3150,1520 3129,1526 3118,1518 3083,1513 3069,1503 3056,1506 3026,1495"/>
                <Baseline points="3041,1565 3066,1563 3092,1561 3118,1558 3144,1556"/>
                <TextEquiv>
                    <Unicode></Unicode>
                </TextEquiv>
            </TextLine>
            <TextLine id="r4l20" custom="readingOrder {index:19;}">
                <Coords points="2834,1606 2853,1608 2900,1580 2927,1579 2954,1599 3011,1577 3036,1588 3033,1516 3003,1512 2986,1500 2961,1511 2934,1497 2912,1514 2889,1518 2872,1504 2830,1508"/>
                <Baseline points="2841,1572 2867,1571 2894,1569 2920,1568 2947,1566 2973,1565 3000,1565 3027,1566"/>
                <Word id="r4l20_w1" custom="readingOrder {index:0;}">
                    <Coords points="2839,1527 2839,1587 3025,1587 3025,1527"/>
                    <TextEquiv>
                        <Unicode>Praeses</Unicode>
                    </TextEquiv>
                </Word>
                <TextEquiv>
                    <Unicode>Praeses</Unicode>
                </TextEquiv>
            </TextLine>
            <TextLine id="r4l21" custom="readingOrder {index:20;}">
                <Coords points="3124,1624 3273,1622 3347,1587 3394,1606 3457,1587 3516,1614 3562,1581 3587,1596 3710,1576 3707,1534 3498,1539 3472,1561 3403,1539 3233,1549 3122,1598"/>
                <Baseline points="3132,1617 3160,1612 3189,1607 3217,1602 3246,1598 3274,1595 3303,1592 3331,1590 3360,1587 3388,1584 3417,1584 3445,1583 3474,1581 3502,1580 3531,1580 3559,1578 3588,1578 3616,1577 3645,1575 3673,1574 3702,1572"/>
                <Word id="r4l21_w1" custom="readingOrder {index:0;}">
                    <Coords points="3127,1574 3127,1634 3167,1634 3167,1574"/>
                    <TextEquiv>
                        <Unicode>1</Unicode>
                    </TextEquiv>
                </Word>
                <Word id="r4l21_w2" custom="readingOrder {index:1;}">
                    <Coords points="3206,1558 3206,1618 3277,1618 3277,1558"/>
                    <TextEquiv>
                        <Unicode>ohl</Unicode>
                    </TextEquiv>
                </Word>
                <Word id="r4l21_w3" custom="readingOrder {index:2;}">
                    <Coords points="3301,1549 3301,1609 3372,1609 3372,1549"/>
                    <TextEquiv>
                        <Unicode>solle</Unicode>
                    </TextEquiv>
                </Word>
                <Word id="r4l21_w4" custom="readingOrder {index:3;}">
                    <Coords points="3380,1544 3380,1604 3427,1604 3427,1544"/>
                    <TextEquiv>
                        <Unicode>sich</Unicode>
                    </TextEquiv>
                </Word>
                <Word id="r4l21_w5" custom="readingOrder {index:4;}">
                    <Coords points="3443,1542 3443,1602 3467,1602 3467,1542"/>
                    <TextEquiv>
                        <Unicode>in</Unicode>
                    </TextEquiv>
                </Word>
                <Word id="r4l21_w6" custom="readingOrder {index:5;}">
                    <Coords points="3490,1540 3490,1600 3529,1600 3529,1540"/>
                    <TextEquiv>
                        <Unicode>der</Unicode>
                    </TextEquiv>
                </Word>
                <Word id="r4l21_w7" custom="readingOrder {index:6;}">
                    <Coords points="3546,1536 3546,1596 3688,1596 3688,1536"/>
                    <TextEquiv>
                        <Unicode>fenßt</Unicode>
                    </TextEquiv>
                </Word>
                <TextEquiv>
                    <Unicode>1 ohl solle sich in der fenßt</Unicode>
                </TextEquiv>
            </TextLine>
            <TextLine id="r4l22" custom="readingOrder {index:21;}">
                <Coords points="2648,1720 2810,1663 3123,1712 3393,1638 3709,1632 3626,1571 3518,1613 3453,1585 3132,1621 3045,1564 2644,1608"/>
                <Baseline points="2654,1662 2706,1662 2758,1661 2811,1660 2863,1659 2915,1657 2968,1655 3020,1653 3072,1650 3125,1649 3177,1646 3229,1643 3282,1640 3334,1638 3386,1637 3439,1634 3491,1632 3543,1631 3596,1629 3648,1628 3701,1628"/>
                <Word id="r4l22_w1" custom="readingOrder {index:0;}">
                    <Coords points="2645,1621 2645,1681 2850,1681 2850,1621"/>
                    <TextEquiv>
                        <Unicode>Mengdger</Unicode>
                    </TextEquiv>
                </Word>
                <Word id="r4l22_w2" custom="readingOrder {index:1;}">
                    <Coords points="2873,1616 2873,1676 2970,1676 2970,1616"/>
                    <TextEquiv>
                        <Unicode>ener</Unicode>
                    </TextEquiv>
                </Word>
                <Word id="r4l22_w3" custom="readingOrder {index:2;}">
                    <Coords points="2994,1612 2994,1672 3067,1672 3067,1612"/>
                    <TextEquiv>
                        <Unicode>von</Unicode>
                    </TextEquiv>
                </Word>
                <Word id="r4l22_w4" custom="readingOrder {index:3;}">
                    <Coords points="3091,1604 3091,1664 3321,1664 3321,1604"/>
                    <TextEquiv>
                        <Unicode>Mechlinen</Unicode>
                    </TextEquiv>
                </Word>
                <Word id="r4l22_w5" custom="readingOrder {index:4;}">
                    <Coords points="3344,1594 3344,1654 3513,1654 3513,1594"/>
                    <TextEquiv>
                        <Unicode>Caminin</Unicode>
                    </TextEquiv>
                </Word>
                <Word id="r4l22_w6" custom="readingOrder {index:5;}">
                    <Coords points="3537,1588 3537,1648 3705,1648 3705,1588"/>
                    <TextEquiv>
                        <Unicode>loßen.</Unicode>
                    </TextEquiv>
                </Word>
                <TextEquiv>
                    <Unicode>Mengdger ener von Mechlinen Caminin loßen.</Unicode>
                </TextEquiv>
            </TextLine>
            <TextLine id="r4l23" custom="readingOrder {index:22;}">
                <Coords points="2779,1791 2867,1735 2979,1751 3042,1723 3090,1733 3086,1679 3013,1688 2993,1679 2977,1690 2943,1674 2918,1686 2872,1660 2825,1696 2772,1691"/>
                <Baseline points="2783,1736 2810,1734 2837,1732 2864,1731 2891,1728 2918,1727 2945,1724 2972,1722 2999,1720 3026,1719 3053,1718 3080,1716"/>
                <Word id="r4l23_w1" custom="readingOrder {index:0;}">
                    <Coords points="2780,1686 2780,1746 3060,1746 3060,1686"/>
                    <TextEquiv>
                        <Unicode>Assessores</Unicode>
                    </TextEquiv>
                </Word>
                <TextEquiv>
                    <Unicode>Assessores</Unicode>
                </TextEquiv>
            </TextLine>
            <TextLine id="r4l24" custom="readingOrder {index:23;}">
                <Coords points="2401,1858 2464,1894 2611,1838 2746,1884 2812,1826 2993,1822 3129,1879 3281,1823 3602,1812 3569,1740 3170,1747 3089,1790 2902,1734 2829,1789 2640,1717 2399,1766"/>
                <Baseline points="2408,1826 2467,1827 2526,1827 2585,1829 2645,1829 2704,1829 2763,1827 2822,1827 2882,1826 2941,1824 3000,1823 3059,1821 3119,1819 3178,1817 3237,1815 3296,1813 3356,1811 3415,1809 3474,1808 3533,1806 3593,1805"/>
                <Word id="r4l24_w1" custom="readingOrder {index:0;}">
                    <Coords points="2402,1786 2402,1846 2456,1846 2456,1786"/>
                    <TextEquiv>
                        <Unicode>Men</Unicode>
                    </TextEquiv>
                </Word>
                <Word id="r4l24_w2" custom="readingOrder {index:1;}">
                    <Coords points="2469,1787 2469,1847 2619,1847 2619,1787"/>
                    <TextEquiv>
                        <Unicode>ngdge</Unicode>
                    </TextEquiv>
                </Word>
                <Word id="r4l24_w3" custom="readingOrder {index:2;}">
                    <Coords points="2646,1789 2646,1849 2713,1849 2713,1789"/>
                    <TextEquiv>
                        <Unicode>er</Unicode>
                    </TextEquiv>
                </Word>
                <Word id="r4l24_w4" custom="readingOrder {index:3;}">
                    <Coords points="2809,1786 2809,1846 2836,1846 2836,1786"/>
                    <TextEquiv>
                        <Unicode>e</Unicode>
                    </TextEquiv>
                </Word>
                <Word id="r4l24_w5" custom="readingOrder {index:4;}">
                    <Coords points="2863,1785 2863,1845 2918,1845 2918,1785"/>
                    <TextEquiv>
                        <Unicode>Dero</Unicode>
                    </TextEquiv>
                </Word>
                <Word id="r4l24_w6" custom="readingOrder {index:5;}">
                    <Coords points="2945,1782 2945,1842 3066,1842 3066,1782"/>
                    <TextEquiv>
                        <Unicode>Decan</Unicode>
                    </TextEquiv>
                </Word>
                <Word id="r4l24_w7" custom="readingOrder {index:6;}">
                    <Coords points="3109,1778 3109,1838 3149,1838 3149,1778"/>
                    <TextEquiv>
                        <Unicode>et</Unicode>
                    </TextEquiv>
                </Word>
                <Word id="r4l24_w8" custom="readingOrder {index:7;}">
                    <Coords points="3162,1775 3162,1835 3285,1835 3285,1775"/>
                    <TextEquiv>
                        <Unicode>praes.</Unicode>
                    </TextEquiv>
                </Word>
                <Word id="r4l24_w9" custom="readingOrder {index:8;}">
                    <Coords points="3299,1772 3299,1832 3326,1832 3326,1772"/>
                    <TextEquiv>
                        <Unicode>a</Unicode>
                    </TextEquiv>
                </Word>
                <Word id="r4l24_w10" custom="readingOrder {index:9;}">
                    <Coords points="3352,1767 3352,1827 3612,1827 3612,1767"/>
                    <TextEquiv>
                        <Unicode>Watteville.</Unicode>
                    </TextEquiv>
                </Word>
                <TextEquiv>
                    <Unicode>Men ngdge er e Dero Decan et praes. a Watteville.</Unicode>
                </TextEquiv>
            </TextLine>
            <TextLine id="r4l25" custom="readingOrder {index:24;}">
                <Coords points="2401,2058 2562,2097 2732,2036 2999,2035 3082,2099 3282,2019 3444,2076 3640,2040 3639,1975 3185,1986 3122,1948 3010,2004 2921,1956 2399,1950"/>
                <Baseline points="2408,2042 2469,2042 2530,2040 2591,2039 2652,2038 2714,2036 2775,2035 2836,2033 2897,2031 2958,2030 3020,2028 3081,2027 3142,2026 3203,2025 3264,2025 3326,2025 3387,2025 3448,2025 3509,2027 3570,2028 3632,2031"/>
                <Word id="r4l25_w1" custom="readingOrder {index:0;}">
                    <Coords points="2417,1999 2417,2059 2760,2059 2760,1999"/>
                    <TextEquiv>
                        <Unicode>Guggisserg.</Unicode>
                    </TextEquiv>
                </Word>
                <Word id="r4l25_w2" custom="readingOrder {index:1;}">
                    <Coords points="2774,1994 2774,2054 2818,2054 2818,1994"/>
                    <TextEquiv>
                        <Unicode>Es</Unicode>
                    </TextEquiv>
                </Word>
                <Word id="r4l25_w3" custom="readingOrder {index:2;}">
                    <Coords points="2846,1989 2846,2049 3089,2049 3089,1989"/>
                    <TextEquiv>
                        <Unicode>verlanget</Unicode>
                    </TextEquiv>
                </Word>
                <Word id="r4l25_w4" custom="readingOrder {index:3;}">
                    <Coords points="3118,1985 3118,2045 3304,2045 3304,1985"/>
                    <TextEquiv>
                        <Unicode>Sarbara</Unicode>
                    </TextEquiv>
                </Word>
                <Word id="r4l25_w5" custom="readingOrder {index:4;}">
                    <Coords points="3348,1985 3348,2045 3463,2045 3463,1985"/>
                    <TextEquiv>
                        <Unicode>Kohl.</Unicode>
                    </TextEquiv>
                </Word>
                <Word id="r4l25_w6" custom="readingOrder {index:5;}">
                    <Coords points="3477,1987 3477,2047 3650,2047 3650,1987"/>
                    <TextEquiv>
                        <Unicode>Christen</Unicode>
                    </TextEquiv>
                </Word>
                <TextEquiv>
                    <Unicode>Guggisserg. Es verlanget Sarbara Kohl. Christen</Unicode>
                </TextEquiv>
            </TextLine>
            <TextLine id="r4l26" custom="readingOrder {index:25;}">
                <Coords points="3371,2087 3379,2089 3381,2087 3387,2088 3395,2083 3403,2084 3408,2045 3395,2043 3392,2046 3388,2040 3378,2039"/>
                <Baseline points="3381,2073 3396,2075"/>
                <TextEquiv>
                    <Unicode></Unicode>
                </TextEquiv>
            </TextLine>
            <TextLine id="r4l27" custom="readingOrder {index:26;}">
                <Coords points="3185,2103 3206,2101 3221,2089 3270,2107 3288,2094 3301,2103 3324,2082 3371,2077 3370,2051 3357,2050 3344,2037 3339,2042 3316,2023 3290,2027 3275,2019 3246,2034 3241,2029 3184,2034"/>
                <Baseline points="3192,2079 3220,2077 3248,2075 3277,2075 3305,2073 3333,2075 3362,2075"/>
                <Word id="r4l27_w1" custom="readingOrder {index:0;}">
                    <Coords points="3182,2035 3182,2095 3299,2095 3299,2035"/>
                    <TextEquiv>
                        <Unicode>Efray</Unicode>
                    </TextEquiv>
                </Word>
                <TextEquiv>
                    <Unicode>Efray</Unicode>
                </TextEquiv>
            </TextLine>
            <TextLine id="r4l28" custom="readingOrder {index:27;}">
                <Coords points="2409,2191 2512,2155 2587,2206 2663,2145 2864,2136 2956,2200 3035,2148 3215,2178 3659,2119 3658,2077 3502,2043 3305,2102 3078,2105 2998,2037 2798,2112 2407,2096"/>
                <Baseline points="2417,2157 2478,2151 2540,2145 2601,2139 2663,2136 2725,2133 2786,2132 2848,2130 2910,2129 2971,2129 3033,2128 3095,2127 3156,2127 3218,2127 3280,2126 3341,2125 3403,2124 3465,2121 3526,2118 3588,2115 3650,2109"/>
                <Word id="r4l28_w1" custom="readingOrder {index:0;}">
                    <Coords points="2409,2111 2409,2171 2542,2171 2542,2111"/>
                    <TextEquiv>
                        <Unicode>Sinen</Unicode>
                    </TextEquiv>
                </Word>
                <Word id="r4l28_w2" custom="readingOrder {index:1;}">
                    <Coords points="2566,2098 2566,2158 2653,2158 2653,2098"/>
                    <TextEquiv>
                        <Unicode>auß</Unicode>
                    </TextEquiv>
                </Word>
                <Word id="r4l28_w3" custom="readingOrder {index:2;}">
                    <Coords points="2701,2092 2701,2152 2763,2152 2763,2092"/>
                    <TextEquiv>
                        <Unicode>sei</Unicode>
                    </TextEquiv>
                </Word>
                <Word id="r4l28_w4" custom="readingOrder {index:3;}">
                    <Coords points="2848,2088 2848,2148 3215,2148 3215,2088"/>
                    <TextEquiv>
                        <Unicode>Schargnaus,</Unicode>
                    </TextEquiv>
                </Word>
                <Word id="r4l28_w5" custom="readingOrder {index:4;}">
                    <Coords points="3239,2086 3239,2146 3314,2146 3314,2086"/>
                    <TextEquiv>
                        <Unicode>daß</Unicode>
                    </TextEquiv>
                </Word>
                <Word id="r4l28_w6" custom="readingOrder {index:5;}">
                    <Coords points="3362,2084 3362,2144 3435,2144 3435,2084"/>
                    <TextEquiv>
                        <Unicode>das</Unicode>
                    </TextEquiv>
                </Word>
                <Word id="r4l28_w7" custom="readingOrder {index:6;}">
                    <Coords points="3459,2077 3459,2137 3618,2137 3618,2077"/>
                    <TextEquiv>
                        <Unicode>jenige</Unicode>
                    </TextEquiv>
                </Word>
                <TextEquiv>
                    <Unicode>Sinen auß sei Schargnaus, daß das jenige</Unicode>
                </TextEquiv>
            </TextLine>
            <TextLine id="r4l29" custom="readingOrder {index:28;}">
                <Coords points="2419,2262 2528,2300 2981,2228 3118,2297 3380,2243 3435,2278 3682,2241 3681,2161 3564,2123 3214,2203 3015,2161 2950,2199 2853,2144 2539,2229 2418,2209"/>
                <Baseline points="2426,2252 2488,2249 2550,2247 2613,2244 2675,2242 2738,2240 2800,2238 2862,2237 2925,2235 2987,2233 3050,2232 3112,2231 3174,2229 3237,2229 3299,2228 3362,2226 3424,2226 3486,2225 3549,2225 3611,2223 3674,2222"/>
                <Word id="r4l29_w1" custom="readingOrder {index:0;}">
                    <Coords points="2421,2209 2421,2269 2531,2269 2531,2209"/>
                    <TextEquiv>
                        <Unicode>kind</Unicode>
                    </TextEquiv>
                </Word>
                <Word id="r4l29_w2" custom="readingOrder {index:1;}">
                    <Coords points="2572,2204 2572,2264 2613,2264 2613,2204"/>
                    <TextEquiv>
                        <Unicode>so</Unicode>
                    </TextEquiv>
                </Word>
                <Word id="r4l29_w3" custom="readingOrder {index:2;}">
                    <Coords points="2628,2202 2628,2262 2683,2262 2683,2202"/>
                    <TextEquiv>
                        <Unicode>sie</Unicode>
                    </TextEquiv>
                </Word>
                <Word id="r4l29_w4" custom="readingOrder {index:3;}">
                    <Coords points="2723,2198 2723,2258 2849,2258 2849,2198"/>
                    <TextEquiv>
                        <Unicode>hievor</Unicode>
                    </TextEquiv>
                </Word>
                <Word id="r4l29_w5" custom="readingOrder {index:4;}">
                    <Coords points="2876,2195 2876,2255 2973,2255 2973,2195"/>
                    <TextEquiv>
                        <Unicode>mit</Unicode>
                    </TextEquiv>
                </Word>
                <Word id="r4l29_w6" custom="readingOrder {index:5;}">
                    <Coords points="3000,2191 3000,2251 3124,2251 3124,2191"/>
                    <TextEquiv>
                        <Unicode>Renz</Unicode>
                    </TextEquiv>
                </Word>
                <Word id="r4l29_w7" custom="readingOrder {index:6;}">
                    <Coords points="3151,2189 3151,2249 3304,2249 3304,2189"/>
                    <TextEquiv>
                        <Unicode>Rahler</Unicode>
                    </TextEquiv>
                </Word>
                <Word id="r4l29_w8" custom="readingOrder {index:7;}">
                    <Coords points="3331,2185 3331,2245 3552,2245 3552,2185"/>
                    <TextEquiv>
                        <Unicode>erzeüget,</Unicode>
                    </TextEquiv>
                </Word>
                <Word id="r4l29_w9" custom="readingOrder {index:8;}">
                    <Coords points="3566,2183 3566,2243 3635,2243 3635,2183"/>
                    <TextEquiv>
                        <Unicode>als</Unicode>
                    </TextEquiv>
                </Word>
                <TextEquiv>
                    <Unicode>kind so sie hievor mit Renz Rahler erzeüget, als</Unicode>
                </TextEquiv>
            </TextLine>
            <TextLine id="r4l30" custom="readingOrder {index:29;}">
                <Coords points="2416,2390 2484,2349 2588,2395 2709,2339 2832,2394 3033,2334 3494,2380 3605,2331 3676,2358 3673,2240 3498,2293 3378,2241 3171,2307 2993,2250 2702,2306 2412,2265"/>
                <Baseline points="2423,2352 2485,2350 2547,2347 2609,2343 2671,2341 2733,2339 2795,2337 2858,2334 2920,2333 2982,2331 3044,2330 3106,2328 3168,2327 3230,2325 3293,2323 3355,2321 3417,2319 3479,2318 3541,2316 3603,2313 3666,2310"/>
                <Word id="r4l30_w1" custom="readingOrder {index:0;}">
                    <Coords points="2415,2310 2415,2370 2553,2370 2553,2310"/>
                    <TextEquiv>
                        <Unicode>Ehelich</Unicode>
                    </TextEquiv>
                </Word>
                <Word id="r4l30_w2" custom="readingOrder {index:1;}">
                    <Coords points="2580,2301 2580,2361 2732,2361 2732,2301"/>
                    <TextEquiv>
                        <Unicode>erbent</Unicode>
                    </TextEquiv>
                </Word>
                <Word id="r4l30_w3" custom="readingOrder {index:2;}">
                    <Coords points="2773,2296 2773,2356 2856,2356 2856,2296"/>
                    <TextEquiv>
                        <Unicode>und</Unicode>
                    </TextEquiv>
                </Word>
                <Word id="r4l30_w4" custom="readingOrder {index:3;}">
                    <Coords points="2883,2292 2883,2352 3008,2352 3008,2292"/>
                    <TextEquiv>
                        <Unicode>selben</Unicode>
                    </TextEquiv>
                </Word>
                <Word id="r4l30_w5" custom="readingOrder {index:4;}">
                    <Coords points="3064,2288 3064,2348 3132,2348 3132,2288"/>
                    <TextEquiv>
                        <Unicode>ein</Unicode>
                    </TextEquiv>
                </Word>
                <Word id="r4l30_w6" custom="readingOrder {index:5;}">
                    <Coords points="3175,2283 3175,2343 3367,2343 3367,2283"/>
                    <TextEquiv>
                        <Unicode>heimath</Unicode>
                    </TextEquiv>
                </Word>
                <Word id="r4l30_w7" custom="readingOrder {index:6;}">
                    <Coords points="3394,2276 3394,2336 3670,2336 3670,2276"/>
                    <TextEquiv>
                        <Unicode>angeschaffet</Unicode>
                    </TextEquiv>
                </Word>
                <TextEquiv>
                    <Unicode>Ehelich erbent und selben ein heimath angeschaffet</Unicode>
                </TextEquiv>
            </TextLine>
            <TextLine id="r4l31" custom="readingOrder {index:30;}">
                <Coords points="2418,2485 2618,2487 2744,2431 3266,2434 3393,2480 3701,2436 3700,2332 3534,2406 3164,2355 3011,2415 2900,2357 2814,2413 2727,2361 2653,2416 2487,2350 2417,2389"/>
                <Baseline points="2426,2453 2489,2449 2552,2445 2616,2442 2679,2439 2742,2438 2806,2435 2869,2433 2932,2432 2996,2432 3059,2430 3122,2430 3186,2430 3249,2430 3312,2430 3376,2430 3439,2430 3502,2430 3566,2431 3629,2432 3693,2432"/>
                <Word id="r4l31_w1" custom="readingOrder {index:0;}">
                    <Coords points="2418,2409 2418,2469 2548,2469 2548,2409"/>
                    <TextEquiv>
                        <Unicode>berden</Unicode>
                    </TextEquiv>
                </Word>
                <Word id="r4l31_w2" custom="readingOrder {index:1;}">
                    <Coords points="2583,2399 2583,2459 2773,2459 2773,2399"/>
                    <TextEquiv>
                        <Unicode>möchte:</Unicode>
                    </TextEquiv>
                </Word>
                <Word id="r4l31_w3" custom="readingOrder {index:2;}">
                    <Coords points="2821,2393 2821,2453 2915,2453 2915,2393"/>
                    <TextEquiv>
                        <Unicode>Wie</Unicode>
                    </TextEquiv>
                </Word>
                <Word id="r4l31_w4" custom="readingOrder {index:3;}">
                    <Coords points="2950,2391 2950,2451 3046,2451 3046,2391"/>
                    <TextEquiv>
                        <Unicode>nun</Unicode>
                    </TextEquiv>
                </Word>
                <Word id="r4l31_w5" custom="readingOrder {index:4;}">
                    <Coords points="3093,2390 3093,2450 3330,2450 3330,2390"/>
                    <TextEquiv>
                        <Unicode>bemallter</Unicode>
                    </TextEquiv>
                </Word>
                <Word id="r4l31_w6" custom="readingOrder {index:5;}">
                    <Coords points="3355,2390 3355,2450 3496,2450 3496,2390"/>
                    <TextEquiv>
                        <Unicode>Schähler</Unicode>
                    </TextEquiv>
                </Word>
                <Word id="r4l31_w7" custom="readingOrder {index:6;}">
                    <Coords points="3519,2390 3519,2450 3591,2450 3591,2390"/>
                    <TextEquiv>
                        <Unicode>ihro</Unicode>
                    </TextEquiv>
                </Word>
                <Word id="r4l31_w8" custom="readingOrder {index:7;}">
                    <Coords points="3615,2392 3615,2452 3711,2452 3711,2392"/>
                    <TextEquiv>
                        <Unicode>see¬</Unicode>
                    </TextEquiv>
                </Word>
                <TextEquiv>
                    <Unicode>berden möchte: Wie nun bemallter Schähler ihro see¬</Unicode>
                </TextEquiv>
            </TextLine>
            <TextLine id="r4l32" custom="readingOrder {index:31;}">
                <Coords points="2410,2596 3199,2527 3591,2582 3689,2526 3688,2457 3499,2435 3296,2501 3146,2447 2765,2443 2644,2500 2408,2493"/>
                <Baseline points="2417,2546 2480,2544 2543,2543 2606,2541 2669,2539 2733,2537 2796,2535 2859,2534 2922,2531 2985,2531 3049,2528 3112,2526 3175,2526 3238,2525 3301,2523 3365,2523 3428,2522 3491,2522 3554,2522 3617,2522 3681,2523"/>
                <Word id="r4l32_w1" custom="readingOrder {index:0;}">
                    <Coords points="2426,2504 2426,2564 2483,2564 2483,2504"/>
                    <TextEquiv>
                        <Unicode>Ehe</Unicode>
                    </TextEquiv>
                </Word>
                <Word id="r4l32_w2" custom="readingOrder {index:1;}">
                    <Coords points="2513,2500 2513,2560 2743,2560 2743,2500"/>
                    <TextEquiv>
                        <Unicode>zugesagt</Unicode>
                    </TextEquiv>
                </Word>
                <Word id="r4l32_w3" custom="readingOrder {index:2;}">
                    <Coords points="2773,2494 2773,2554 2888,2554 2888,2494"/>
                    <TextEquiv>
                        <Unicode>haben,</Unicode>
                    </TextEquiv>
                </Word>
                <Word id="r4l32_w4" custom="readingOrder {index:3;}">
                    <Coords points="2917,2491 2917,2551 3004,2551 3004,2491"/>
                    <TextEquiv>
                        <Unicode>und</Unicode>
                    </TextEquiv>
                </Word>
                <Word id="r4l32_w5" custom="readingOrder {index:4;}">
                    <Coords points="3032,2487 3032,2547 3105,2547 3105,2487"/>
                    <TextEquiv>
                        <Unicode>vor</Unicode>
                    </TextEquiv>
                </Word>
                <Word id="r4l32_w6" custom="readingOrder {index:5;}">
                    <Coords points="3119,2486 3119,2546 3163,2546 3163,2486"/>
                    <TextEquiv>
                        <Unicode>in</Unicode>
                    </TextEquiv>
                </Word>
                <Word id="r4l32_w7" custom="readingOrder {index:6;}">
                    <Coords points="3192,2484 3192,2544 3307,2544 3307,2484"/>
                    <TextEquiv>
                        <Unicode>curio</Unicode>
                    </TextEquiv>
                </Word>
                <Word id="r4l32_w8" custom="readingOrder {index:7;}">
                    <Coords points="3337,2482 3337,2542 3408,2542 3408,2482"/>
                    <TextEquiv>
                        <Unicode>10.</Unicode>
                    </TextEquiv>
                </Word>
                <Word id="r4l32_w9" custom="readingOrder {index:8;}">
                    <Coords points="3438,2482 3438,2542 3582,2542 3582,2482"/>
                    <TextEquiv>
                        <Unicode>Jahren</Unicode>
                    </TextEquiv>
                </Word>
                <Word id="r4l32_w10" custom="readingOrder {index:9;}">
                    <Coords points="3596,2482 3596,2542 3699,2542 3699,2482"/>
                    <TextEquiv>
                        <Unicode>bey¬</Unicode>
                    </TextEquiv>
                </Word>
                <TextEquiv>
                    <Unicode>Ehe zugesagt haben, und vor in curio 10. Jahren bey¬</Unicode>
                </TextEquiv>
            </TextLine>
            <TextLine id="r4l33" custom="readingOrder {index:32;}">
                <Coords points="2860,2610 2868,2609 2891,2590 2906,2601 2913,2598 2922,2604 2932,2596 2956,2599 2950,2536 2931,2534 2927,2538 2912,2534 2904,2542 2892,2538 2889,2541 2882,2535 2866,2550 2854,2551"/>
                <Baseline points="2865,2580 2891,2578 2918,2575 2945,2573"/>
                <Word id="r4l33_w1" custom="readingOrder {index:0;}">
                    <Coords points="2851,2536 2851,2596 2966,2596 2966,2536"/>
                    <TextEquiv>
                        <Unicode>worfen</Unicode>
                    </TextEquiv>
                </Word>
                <TextEquiv>
                    <Unicode>worfen</Unicode>
                </TextEquiv>
            </TextLine>
            <TextLine id="r4l34" custom="readingOrder {index:33;}">
                <Coords points="2392,2690 2603,2634 2816,2693 3089,2633 3283,2683 3463,2626 3524,2676 3668,2643 3666,2549 3371,2589 3181,2535 2954,2606 2817,2557 2756,2599 2390,2602"/>
                <Baseline points="2399,2643 2462,2640 2525,2639 2588,2636 2651,2634 2714,2632 2777,2630 2840,2628 2903,2625 2966,2624 3029,2622 3092,2621 3155,2619 3218,2618 3281,2616 3344,2615 3407,2614 3470,2613 3533,2613 3596,2613 3659,2613"/>
                <Word id="r4l34_w1" custom="readingOrder {index:0;}">
                    <Coords points="2405,2599 2405,2659 2595,2659 2595,2599"/>
                    <TextEquiv>
                        <Unicode>Losanen</Unicode>
                    </TextEquiv>
                </Word>
                <Word id="r4l34_w2" custom="readingOrder {index:1;}">
                    <Coords points="2620,2591 2620,2651 2836,2651 2836,2591"/>
                    <TextEquiv>
                        <Unicode>ermordet</Unicode>
                    </TextEquiv>
                </Word>
                <Word id="r4l34_w3" custom="readingOrder {index:2;}">
                    <Coords points="2863,2585 2863,2645 2925,2645 2925,2585"/>
                    <TextEquiv>
                        <Unicode>sen</Unicode>
                    </TextEquiv>
                </Word>
                <Word id="r4l34_w4" custom="readingOrder {index:3;}">
                    <Coords points="2964,2582 2964,2642 3091,2642 3091,2582"/>
                    <TextEquiv>
                        <Unicode>soll,</Unicode>
                    </TextEquiv>
                </Word>
                <Word id="r4l34_w5" custom="readingOrder {index:4;}">
                    <Coords points="3116,2579 3116,2639 3180,2639 3180,2579"/>
                    <TextEquiv>
                        <Unicode>eie</Unicode>
                    </TextEquiv>
                </Word>
                <Word id="r4l34_w6" custom="readingOrder {index:5;}">
                    <Coords points="3219,2576 3219,2636 3321,2636 3321,2576"/>
                    <TextEquiv>
                        <Unicode>Kohli</Unicode>
                    </TextEquiv>
                </Word>
                <Word id="r4l34_w7" custom="readingOrder {index:6;}">
                    <Coords points="3358,2574 3358,2634 3448,2634 3448,2574"/>
                    <TextEquiv>
                        <Unicode>anby</Unicode>
                    </TextEquiv>
                </Word>
                <Word id="r4l34_w8" custom="readingOrder {index:7;}">
                    <Coords points="3485,2573 3485,2633 3678,2633 3678,2573"/>
                    <TextEquiv>
                        <Unicode>vorgebt,</Unicode>
                    </TextEquiv>
                </Word>
                <TextEquiv>
                    <Unicode>Losanen ermordet sen soll, eie Kohli anby vorgebt,</Unicode>
                </TextEquiv>
            </TextLine>
            <TextEquiv>
                <Unicode></Unicode>
            </TextEquiv>
        </TextRegion>
    </Page>
</PcGts>
