<?xml version="1.0" encoding="UTF-8" standalone="yes"?>
<PcGts xmlns="http://schema.primaresearch.org/PAGE/gts/pagecontent/2013-07-15" xmlns:xsi="http://www.w3.org/2001/XMLSchema-instance" xsi:schemaLocation="http://schema.primaresearch.org/PAGE/gts/pagecontent/2013-07-15 http://schema.primaresearch.org/PAGE/gts/pagecontent/2013-07-15/pagecontent.xsd">
    <Metadata>
        <Creator>prov=READ-COOP:name=PyLaia@TranskribusPlatform:version=0.6.0:model_id=38215:lm=none:date=22_11_2021_11:06
prov=READ-COOP:name=PyLaia@Transkribus:version=0.6.0:model_id=38215:date=22_11_2021_11:04
prov=University of Rostock/Institute of Mathematics/CITlab|PLANET AI GmbH/Tobias Gruening/tobias.gruening@planet-ai.de:name=de.uros.citlab.module.baseline2polygon.B2PSeamMultiOriented:v=2.6.7</Creator>
        <Created>2021-08-09T15:16:19.059+02:00</Created>
        <LastChange>2021-11-22T11:06:13.913+01:00</LastChange>
        <TranskribusMetadata docId="746917" pageId="28279247" pageNr="10" tsid="68400572" status="IN_PROGRESS" userId="537" imgUrl="https://files.transkribus.eu/Get?id=OYGDDIEARFPWKRVCZAOWODAP&amp;fileType=view" xmlUrl="https://files.transkribus.eu/Get?id=REJNEKXERRYGZSDVLVTUMTXJ" imageId="22024752"/>
    </Metadata>
    <Page imageFilename="010.jpg" imageWidth="4032" imageHeight="3024">
        <ReadingOrder>
            <OrderedGroup id="ro_1687514929685" caption="Regions reading order">
                <RegionRefIndexed index="0" regionRef="r1"/>
                <RegionRefIndexed index="1" regionRef="r2"/>
                <RegionRefIndexed index="2" regionRef="r3"/>
                <RegionRefIndexed index="3" regionRef="r4"/>
                <RegionRefIndexed index="4" regionRef="r5"/>
            </OrderedGroup>
        </ReadingOrder>
        <TextRegion orientation="0.0" id="r1" custom="readingOrder {index:0;}">
            <Coords points="468,941 468,1094 483,1094 483,941"/>
            <TextLine id="r1l1" custom="readingOrder {index:0;}">
                <Coords points="466,1077 480,1078 483,1074 488,1075 498,1071 478,974 469,975 451,963 443,965"/>
                <Baseline points="468,1044 483,1041"/>
                <TextEquiv>
                    <Unicode></Unicode>
                </TextEquiv>
            </TextLine>
            <TextEquiv>
                <Unicode></Unicode>
            </TextEquiv>
        </TextRegion>
        <TextRegion orientation="0.0" id="r2" custom="readingOrder {index:1;}">
            <Coords points="501,242 501,2432 804,2432 804,242"/>
            <TextLine id="r2l1" custom="readingOrder {index:0;}">
                <Coords points="536,356 619,358 619,197 573,202 536,195"/>
                <Baseline points="545,294 578,291 611,294"/>
                <TextEquiv>
                    <Unicode></Unicode>
                </TextEquiv>
            </TextLine>
            <TextLine id="r2l2" custom="readingOrder {index:1;}">
                <Coords points="518,1061 620,1063 636,1076 686,1057 704,1067 739,1060 751,1047 811,1058 804,901 765,906 725,887 702,913 672,922 595,888 535,905 511,899"/>
                <Baseline points="525,1023 550,1022 575,1022 600,1021 625,1020 650,1019 675,1017 700,1016 725,1016 750,1014 775,1012 800,1011"/>
                <Word id="r2l2_w1" custom="readingOrder {index:0;}">
                    <Coords points="519,981 519,1041 661,1041 661,981"/>
                    <TextEquiv>
                        <Unicode>besheh</Unicode>
                    </TextEquiv>
                </Word>
                <Word id="r2l2_w2" custom="readingOrder {index:1;}">
                    <Coords points="700,973 700,1033 821,1033 821,973"/>
                    <TextEquiv>
                        <Unicode>abien</Unicode>
                    </TextEquiv>
                </Word>
                <TextEquiv>
                    <Unicode>besheh abien</Unicode>
                </TextEquiv>
            </TextLine>
            <TextLine id="r2l3" custom="readingOrder {index:2;}">
                <Coords points="495,1199 532,1181 564,1206 606,1212 696,1132 711,1143 725,1133 814,1140 807,1053 772,1061 757,1050 714,1072 669,1060 648,1080 621,1063 581,1078 565,1069 488,1104"/>
                <Baseline points="501,1149 526,1149 551,1149 576,1146 602,1144 627,1142 652,1139 677,1136 703,1134 728,1133 753,1131 778,1132 804,1134"/>
                <Word id="r2l3_w1" custom="readingOrder {index:0;}">
                    <Coords points="492,1105 492,1165 672,1165 672,1105"/>
                    <TextEquiv>
                        <Unicode>Schidiger</Unicode>
                    </TextEquiv>
                </Word>
                <Word id="r2l3_w2" custom="readingOrder {index:1;}">
                    <Coords points="688,1091 688,1151 824,1151 824,1091"/>
                    <TextEquiv>
                        <Unicode>Voland¬</Unicode>
                    </TextEquiv>
                </Word>
                <TextEquiv>
                    <Unicode>Schidiger Voland¬</Unicode>
                </TextEquiv>
            </TextLine>
            <TextLine id="r2l4" custom="readingOrder {index:3;}">
                <Coords points="497,2375 533,2370 562,2341 586,2348 629,2316 660,2339 685,2332 735,2367 795,2347 790,2256 750,2239 725,2253 685,2248 620,2296 566,2255 544,2256 519,2280 492,2274"/>
                <Baseline points="504,2331 529,2330 555,2330 580,2330 606,2328 631,2327 657,2326 682,2324 708,2322 733,2320 759,2318 785,2315"/>
                <Word id="r2l4_w1" custom="readingOrder {index:0;}">
                    <Coords points="503,2290 503,2350 603,2350 603,2290"/>
                    <TextEquiv>
                        <Unicode>Kocher</Unicode>
                    </TextEquiv>
                </Word>
                <Word id="r2l4_w2" custom="readingOrder {index:1;}">
                    <Coords points="636,2281 636,2341 793,2341 793,2281"/>
                    <TextEquiv>
                        <Unicode>Elisabeth</Unicode>
                    </TextEquiv>
                </Word>
                <TextEquiv>
                    <Unicode>Kocher Elisabeth</Unicode>
                </TextEquiv>
            </TextLine>
            <TextLine id="r2l5" custom="readingOrder {index:4;}">
                <Coords points="506,2456 523,2461 579,2423 615,2450 662,2447 682,2462 741,2414 758,2420 756,2333 715,2343 671,2330 659,2339 629,2316 569,2379 542,2368 504,2374"/>
                <Baseline points="513,2412 539,2411 565,2411 591,2411 617,2411 644,2411 670,2409 696,2408 722,2407 749,2405"/>
                <Word id="r2l5_w1" custom="readingOrder {index:0;}">
                    <Coords points="507,2371 507,2431 617,2431 617,2371"/>
                    <TextEquiv>
                        <Unicode>Vester</Unicode>
                    </TextEquiv>
                </Word>
                <Word id="r2l5_w2" custom="readingOrder {index:1;}">
                    <Coords points="643,2368 643,2428 725,2428 725,2368"/>
                    <TextEquiv>
                        <Unicode>Hhanß</Unicode>
                    </TextEquiv>
                </Word>
                <TextEquiv>
                    <Unicode>Vester Hhanß</Unicode>
                </TextEquiv>
            </TextLine>
            <TextEquiv>
                <Unicode></Unicode>
            </TextEquiv>
        </TextRegion>
        <TextRegion orientation="0.0" id="r3" custom="readingOrder {index:2;}">
            <Coords points="797,213 797,2620 2039,2620 2039,213"/>
            <TextLine id="r3l1" custom="readingOrder {index:0;}">
                <Coords points="824,411 957,315 1069,349 1286,283 2045,274 1902,157 1751,191 1670,157 1395,228 896,228 816,288"/>
                <Baseline points="827,329 887,323 947,318 1008,313 1068,306 1129,299 1189,293 1250,286 1310,280 1371,273 1431,269 1491,263 1552,259 1612,255 1673,253 1733,252 1794,252 1854,252 1915,257 1975,261 2036,267"/>
                <Word id="r3l1_w1" custom="readingOrder {index:0;}">
                    <Coords points="833,284 833,344 903,344 903,284"/>
                    <TextEquiv>
                        <Unicode>daß</Unicode>
                    </TextEquiv>
                </Word>
                <Word id="r3l1_w2" custom="readingOrder {index:1;}">
                    <Coords points="930,276 930,336 1001,336 1001,276"/>
                    <TextEquiv>
                        <Unicode>sind</Unicode>
                    </TextEquiv>
                </Word>
                <Word id="r3l1_w3" custom="readingOrder {index:2;}">
                    <Coords points="1029,256 1029,316 1282,316 1282,256"/>
                    <TextEquiv>
                        <Unicode>dießohrtigen</Unicode>
                    </TextEquiv>
                </Word>
                <Word id="r3l1_w4" custom="readingOrder {index:3;}">
                    <Coords points="1323,227 1323,287 1563,287 1563,227"/>
                    <TextEquiv>
                        <Unicode>unbstärd</Unicode>
                    </TextEquiv>
                </Word>
                <Word id="r3l1_w5" custom="readingOrder {index:4;}">
                    <Coords points="1590,214 1590,274 1689,274 1689,214"/>
                    <TextEquiv>
                        <Unicode>sann</Unicode>
                    </TextEquiv>
                </Word>
                <Word id="r3l1_w6" custom="readingOrder {index:5;}">
                    <Coords points="1717,212 1717,272 1772,272 1772,212"/>
                    <TextEquiv>
                        <Unicode>Ih</Unicode>
                    </TextEquiv>
                </Word>
                <Word id="r3l1_w7" custom="readingOrder {index:6;}">
                    <Coords points="1802,217 1802,277 2039,277 2039,217"/>
                    <TextEquiv>
                        <Unicode>Predigunt</Unicode>
                    </TextEquiv>
                </Word>
                <TextEquiv>
                    <Unicode>daß sind dießohrtigen unbstärd sann Ih Predigunt</Unicode>
                </TextEquiv>
            </TextLine>
            <TextLine id="r3l2" custom="readingOrder {index:1;}">
                <Coords points="849,424 1623,398 1714,329 1828,322 1878,364 2008,353 2002,284 1844,250 1639,316 1565,268 1305,279 1186,335 1113,306 1070,351 921,323 847,387"/>
                <Baseline points="857,411 914,406 971,399 1028,393 1085,386 1142,379 1199,372 1256,366 1313,360 1370,354 1427,350 1484,345 1541,340 1598,336 1655,333 1712,332 1769,330 1826,329 1883,330 1940,332 1997,333"/>
                <Word id="r3l2_w1" custom="readingOrder {index:0;}">
                    <Coords points="857,356 857,416 1130,416 1130,356"/>
                    <TextEquiv>
                        <Unicode>Gelenten</Unicode>
                    </TextEquiv>
                </Word>
                <Word id="r3l2_w2" custom="readingOrder {index:1;}">
                    <Coords points="1172,325 1172,385 1342,385 1342,325"/>
                    <TextEquiv>
                        <Unicode>ollen</Unicode>
                    </TextEquiv>
                </Word>
                <Word id="r3l2_w3" custom="readingOrder {index:2;}">
                    <Coords points="1363,310 1363,370 1489,370 1489,310"/>
                    <TextEquiv>
                        <Unicode>Reht</Unicode>
                    </TextEquiv>
                </Word>
                <Word id="r3l2_w4" custom="readingOrder {index:3;}">
                    <Coords points="1530,297 1530,357 1636,357 1636,297"/>
                    <TextEquiv>
                        <Unicode>ihre</Unicode>
                    </TextEquiv>
                </Word>
                <Word id="r3l2_w5" custom="readingOrder {index:4;}">
                    <Coords points="1656,289 1656,349 1912,349 1912,289"/>
                    <TextEquiv>
                        <Unicode>ferendtlich</Unicode>
                    </TextEquiv>
                </Word>
                <Word id="r3l2_w6" custom="readingOrder {index:5;}">
                    <Coords points="1932,292 1932,352 2018,352 2018,292"/>
                    <TextEquiv>
                        <Unicode>an</Unicode>
                    </TextEquiv>
                </Word>
                <TextEquiv>
                    <Unicode>Gelenten ollen Reht ihre ferendtlich an</Unicode>
                </TextEquiv>
            </TextLine>
            <TextLine id="r3l3" custom="readingOrder {index:2;}">
                <Coords points="833,573 913,493 986,529 1068,473 2032,452 2024,348 1955,384 1827,324 1714,329 1623,398 823,435"/>
                <Baseline points="836,497 895,493 954,488 1013,482 1073,475 1132,470 1191,463 1250,456 1310,451 1369,444 1428,438 1487,432 1547,428 1606,423 1665,420 1724,417 1784,416 1843,416 1902,416 1961,418 2021,422"/>
                <Word id="r3l3_w1" custom="readingOrder {index:0;}">
                    <Coords points="841,450 841,510 1002,510 1002,450"/>
                    <TextEquiv>
                        <Unicode>gesonen</Unicode>
                    </TextEquiv>
                </Word>
                <Word id="r3l3_w2" custom="readingOrder {index:1;}">
                    <Coords points="1017,435 1017,495 1119,495 1119,435"/>
                    <TextEquiv>
                        <Unicode>haben</Unicode>
                    </TextEquiv>
                </Word>
                <Word id="r3l3_w3" custom="readingOrder {index:2;}">
                    <Coords points="1148,420 1148,480 1280,480 1280,420"/>
                    <TextEquiv>
                        <Unicode>selben</Unicode>
                    </TextEquiv>
                </Word>
                <Word id="r3l3_w4" custom="readingOrder {index:3;}">
                    <Coords points="1323,403 1323,463 1427,463 1427,403"/>
                    <TextEquiv>
                        <Unicode>alleß</Unicode>
                    </TextEquiv>
                </Word>
                <Word id="r3l3_w5" custom="readingOrder {index:4;}">
                    <Coords points="1470,389 1470,449 1586,449 1586,389"/>
                    <TextEquiv>
                        <Unicode>vnste,</Unicode>
                    </TextEquiv>
                </Word>
                <Word id="r3l3_w6" custom="readingOrder {index:5;}">
                    <Coords points="1603,382 1603,442 1631,442 1631,382"/>
                    <TextEquiv>
                        <Unicode>so</Unicode>
                    </TextEquiv>
                </Word>
                <Word id="r3l3_w7" custom="readingOrder {index:6;}">
                    <Coords points="1660,377 1660,437 1778,437 1778,377"/>
                    <TextEquiv>
                        <Unicode>Ihrns</Unicode>
                    </TextEquiv>
                </Word>
                <Word id="r3l3_w8" custom="readingOrder {index:7;}">
                    <Coords points="1807,376 1807,436 1866,436 1866,376"/>
                    <TextEquiv>
                        <Unicode>diß</Unicode>
                    </TextEquiv>
                </Word>
                <Word id="r3l3_w9" custom="readingOrder {index:8;}">
                    <Coords points="1895,378 1895,438 2042,438 2042,378"/>
                    <TextEquiv>
                        <Unicode>ohrtsen</Unicode>
                    </TextEquiv>
                </Word>
                <TextEquiv>
                    <Unicode>gesonen haben selben alleß vnste, so Ihrns diß ohrtsen</Unicode>
                </TextEquiv>
            </TextLine>
            <TextLine id="r3l4" custom="readingOrder {index:3;}">
                <Coords points="826,645 997,568 1152,613 1410,559 1750,576 1814,522 1869,550 1959,513 1953,441 1858,474 1516,444 1357,511 1046,483 974,531 913,493 817,543"/>
                <Baseline points="830,591 888,584 947,578 1006,571 1065,564 1124,556 1183,549 1242,542 1301,536 1360,529 1418,524 1477,518 1536,513 1595,510 1654,506 1713,503 1772,501 1831,500 1890,500 1949,500"/>
                <Word id="r3l4_w1" custom="readingOrder {index:0;}">
                    <Coords points="823,543 823,603 961,603 961,543"/>
                    <TextEquiv>
                        <Unicode>Wfeyßte</Unicode>
                    </TextEquiv>
                </Word>
                <Word id="r3l4_w2" custom="readingOrder {index:1;}">
                    <Coords points="997,527 997,587 1066,587 1066,527"/>
                    <TextEquiv>
                        <Unicode>hen</Unicode>
                    </TextEquiv>
                </Word>
                <Word id="r3l4_w3" custom="readingOrder {index:2;}">
                    <Coords points="1100,498 1100,558 1447,558 1447,498"/>
                    <TextEquiv>
                        <Unicode>umbstandichen</Unicode>
                    </TextEquiv>
                </Word>
                <Word id="r3l4_w4" custom="readingOrder {index:3;}">
                    <Coords points="1464,473 1464,533 1603,533 1603,473"/>
                    <TextEquiv>
                        <Unicode>bericht</Unicode>
                    </TextEquiv>
                </Word>
                <Word id="r3l4_w5" custom="readingOrder {index:4;}">
                    <Coords points="1620,467 1620,527 1656,527 1656,467"/>
                    <TextEquiv>
                        <Unicode>er</Unicode>
                    </TextEquiv>
                </Word>
                <Word id="r3l4_w6" custom="readingOrder {index:5;}">
                    <Coords points="1690,460 1690,520 1969,520 1969,460"/>
                    <TextEquiv>
                        <Unicode>zeyzenden.</Unicode>
                    </TextEquiv>
                </Word>
                <TextEquiv>
                    <Unicode>Wfeyßte hen umbstandichen bericht er zeyzenden.</Unicode>
                </TextEquiv>
            </TextLine>
            <TextLine id="r3l5" custom="readingOrder {index:4;}">
                <Coords points="831,784 987,833 1160,748 1403,740 1486,803 1803,728 2040,753 2037,684 1738,616 1648,663 1443,644 1356,699 1264,651 1058,693 825,647"/>
                <Baseline points="839,768 898,767 958,764 1017,761 1077,757 1136,754 1196,750 1255,746 1315,743 1374,738 1434,735 1494,731 1553,729 1613,726 1672,725 1732,723 1791,723 1851,724 1910,725 1970,728 2030,732"/>
                <Word id="r3l5_w1" custom="readingOrder {index:0;}">
                    <Coords points="832,727 832,787 900,787 900,727"/>
                    <TextEquiv>
                        <Unicode>Sie</Unicode>
                    </TextEquiv>
                </Word>
                <Word id="r3l5_w2" custom="readingOrder {index:1;}">
                    <Coords points="934,718 934,778 1178,778 1178,718"/>
                    <TextEquiv>
                        <Unicode>außballed</Unicode>
                    </TextEquiv>
                </Word>
                <Word id="r3l5_w3" custom="readingOrder {index:2;}">
                    <Coords points="1249,700 1249,760 1439,760 1439,700"/>
                    <TextEquiv>
                        <Unicode>Demnach</Unicode>
                    </TextEquiv>
                </Word>
                <Word id="r3l5_w4" custom="readingOrder {index:3;}">
                    <Coords points="1474,687 1474,747 1701,747 1701,687"/>
                    <TextEquiv>
                        <Unicode>Aathaeine</Unicode>
                    </TextEquiv>
                </Word>
                <Word id="r3l5_w5" custom="readingOrder {index:4;}">
                    <Coords points="1752,683 1752,743 1927,743 1927,683"/>
                    <TextEquiv>
                        <Unicode>Guetsch</Unicode>
                    </TextEquiv>
                </Word>
                <Word id="r3l5_w6" custom="readingOrder {index:5;}">
                    <Coords points="1962,689 1962,749 2013,749 2013,689"/>
                    <TextEquiv>
                        <Unicode>ihm</Unicode>
                    </TextEquiv>
                </Word>
                <TextEquiv>
                    <Unicode>Sie außballed Demnach Aathaeine Guetsch ihm</Unicode>
                </TextEquiv>
            </TextLine>
            <TextLine id="r3l6" custom="readingOrder {index:5;}">
                <Coords points="829,883 2034,829 1941,740 1501,789 1396,741 1223,779 1160,747 991,830 825,786"/>
                <Baseline points="836,861 895,857 954,853 1014,849 1073,846 1133,842 1192,838 1251,834 1311,830 1370,827 1430,824 1489,821 1548,818 1608,816 1667,815 1727,813 1786,813 1845,813 1905,813 1964,815 2024,818"/>
                <Word id="r3l6_w1" custom="readingOrder {index:0;}">
                    <Coords points="827,813 827,873 1070,873 1070,813"/>
                    <TextEquiv>
                        <Unicode>angehörige</Unicode>
                    </TextEquiv>
                </Word>
                <Word id="r3l6_w2" custom="readingOrder {index:1;}">
                    <Coords points="1108,801 1108,861 1172,861 1172,801"/>
                    <TextEquiv>
                        <Unicode>der</Unicode>
                    </TextEquiv>
                </Word>
                <Word id="r3l6_w3" custom="readingOrder {index:2;}">
                    <Coords points="1186,796 1186,856 1249,856 1249,796"/>
                    <TextEquiv>
                        <Unicode>ehr</Unicode>
                    </TextEquiv>
                </Word>
                <Word id="r3l6_w4" custom="readingOrder {index:3;}">
                    <Coords points="1274,789 1274,849 1352,849 1352,789"/>
                    <TextEquiv>
                        <Unicode>halb</Unicode>
                    </TextEquiv>
                </Word>
                <Word id="r3l6_w5" custom="readingOrder {index:4;}">
                    <Coords points="1390,779 1390,839 1645,839 1645,779"/>
                    <TextEquiv>
                        <Unicode>angesprochen</Unicode>
                    </TextEquiv>
                </Word>
                <Word id="r3l6_w6" custom="readingOrder {index:5;}">
                    <Coords points="1671,773 1671,833 1838,833 1838,773"/>
                    <TextEquiv>
                        <Unicode>Milaus</Unicode>
                    </TextEquiv>
                </Word>
                <Word id="r3l6_w7" custom="readingOrder {index:6;}">
                    <Coords points="1876,774 1876,834 2017,834 2017,774"/>
                    <TextEquiv>
                        <Unicode>Scheide</Unicode>
                    </TextEquiv>
                </Word>
                <TextEquiv>
                    <Unicode>angehörige der ehr halb angesprochen Milaus Scheide</Unicode>
                </TextEquiv>
            </TextLine>
            <TextLine id="r3l7" custom="readingOrder {index:6;}">
                <Coords points="828,999 954,962 1046,1008 1285,919 2031,932 2028,874 1881,821 1755,862 1325,833 1180,890 1125,855 956,931 823,900"/>
                <Baseline points="834,957 893,953 952,949 1012,944 1071,939 1130,934 1190,929 1249,924 1308,921 1368,916 1427,912 1486,909 1546,906 1605,903 1664,902 1724,900 1783,900 1842,900 1902,902 1961,904 2021,908"/>
                <Word id="r3l7_w1" custom="readingOrder {index:0;}">
                    <Coords points="827,913 827,973 942,973 942,913"/>
                    <TextEquiv>
                        <Unicode>kegger</Unicode>
                    </TextEquiv>
                </Word>
                <Word id="r3l7_w2" custom="readingOrder {index:1;}">
                    <Coords points="985,902 985,962 1072,962 1072,902"/>
                    <TextEquiv>
                        <Unicode>auch</Unicode>
                    </TextEquiv>
                </Word>
                <Word id="r3l7_w3" custom="readingOrder {index:2;}">
                    <Coords points="1100,892 1100,952 1202,952 1202,892"/>
                    <TextEquiv>
                        <Unicode>Ihren</Unicode>
                    </TextEquiv>
                </Word>
                <Word id="r3l7_w4" custom="readingOrder {index:3;}">
                    <Coords points="1230,876 1230,936 1506,936 1506,876"/>
                    <TextEquiv>
                        <Unicode>angehötigen,</Unicode>
                    </TextEquiv>
                </Word>
                <Word id="r3l7_w5" custom="readingOrder {index:4;}">
                    <Coords points="1520,865 1520,925 1591,925 1591,865"/>
                    <TextEquiv>
                        <Unicode>fer</Unicode>
                    </TextEquiv>
                </Word>
                <Word id="r3l7_w6" custom="readingOrder {index:5;}">
                    <Coords points="1621,862 1621,922 1692,922 1692,862"/>
                    <TextEquiv>
                        <Unicode>ihre</Unicode>
                    </TextEquiv>
                </Word>
                <Word id="r3l7_w7" custom="readingOrder {index:6;}">
                    <Coords points="1737,860 1737,920 1824,920 1824,860"/>
                    <TextEquiv>
                        <Unicode>aber</Unicode>
                    </TextEquiv>
                </Word>
                <Word id="r3l7_w8" custom="readingOrder {index:7;}">
                    <Coords points="1852,863 1852,923 2041,923 2041,863"/>
                    <TextEquiv>
                        <Unicode>deren.</Unicode>
                    </TextEquiv>
                </Word>
                <TextEquiv>
                    <Unicode>kegger auch Ihren angehötigen, fer ihre aber deren.</Unicode>
                </TextEquiv>
            </TextLine>
            <TextLine id="r3l8" custom="readingOrder {index:7;}">
                <Coords points="850,1062 1115,1056 1180,1094 1338,1014 1493,1069 1600,1010 1809,993 1876,1033 2009,1002 2005,926 1867,973 1586,906 1520,953 1237,923 1061,1006 955,961 847,1011"/>
                <Baseline points="858,1046 915,1040 972,1035 1029,1031 1086,1026 1143,1023 1200,1020 1257,1016 1314,1012 1371,1010 1429,1007 1486,1004 1543,1001 1600,999 1657,997 1714,996 1771,993 1828,992 1885,992 1942,990 2000,989"/>
                <Word id="r3l8_w1" custom="readingOrder {index:0;}">
                    <Coords points="851,998 851,1058 1016,1058 1016,998"/>
                    <TextEquiv>
                        <Unicode>nderßt</Unicode>
                    </TextEquiv>
                </Word>
                <Word id="r3l8_w2" custom="readingOrder {index:1;}">
                    <Coords points="1045,985 1045,1045 1150,1045 1150,985"/>
                    <TextEquiv>
                        <Unicode>nicht</Unicode>
                    </TextEquiv>
                </Word>
                <Word id="r3l8_w3" custom="readingOrder {index:2;}">
                    <Coords points="1180,978 1180,1038 1254,1038 1254,978"/>
                    <TextEquiv>
                        <Unicode>abs</Unicode>
                    </TextEquiv>
                </Word>
                <Word id="r3l8_w4" custom="readingOrder {index:3;}">
                    <Coords points="1269,971 1269,1031 1403,1031 1403,971"/>
                    <TextEquiv>
                        <Unicode>ander</Unicode>
                    </TextEquiv>
                </Word>
                <Word id="r3l8_w5" custom="readingOrder {index:4;}">
                    <Coords points="1435,961 1435,1021 1629,1021 1629,961"/>
                    <TextEquiv>
                        <Unicode>Verbehalt</Unicode>
                    </TextEquiv>
                </Word>
                <Word id="r3l8_w6" custom="readingOrder {index:5;}">
                    <Coords points="1658,956 1658,1016 1734,1016 1734,956"/>
                    <TextEquiv>
                        <Unicode>bau</Unicode>
                    </TextEquiv>
                </Word>
                <Word id="r3l8_w7" custom="readingOrder {index:6;}">
                    <Coords points="1778,952 1778,1012 1808,1012 1808,952"/>
                    <TextEquiv>
                        <Unicode>es</Unicode>
                    </TextEquiv>
                </Word>
                <Word id="r3l8_w8" custom="readingOrder {index:7;}">
                    <Coords points="1852,950 1852,1010 1987,1010 1987,950"/>
                    <TextEquiv>
                        <Unicode>nichts</Unicode>
                    </TextEquiv>
                </Word>
                <TextEquiv>
                    <Unicode>nderßt nicht abs ander Verbehalt bau es nichts</Unicode>
                </TextEquiv>
            </TextLine>
            <TextLine id="r3l9" custom="readingOrder {index:8;}">
                <Coords points="840,1137 956,1187 1027,1148 1097,1191 1186,1152 1297,1177 1405,1099 1456,1141 1661,1089 1877,1123 2047,1092 2045,1043 1927,998 1880,1036 1576,1020 1493,1068 1366,1016 1179,1096 836,1056"/>
                <Baseline points="849,1139 908,1133 968,1130 1027,1125 1087,1122 1146,1118 1206,1115 1265,1112 1325,1109 1384,1106 1444,1103 1503,1101 1563,1098 1622,1097 1682,1095 1741,1095 1801,1094 1860,1092 1920,1092 1979,1092 2039,1092"/>
                <Word id="r3l9_w1" custom="readingOrder {index:0;}">
                    <Coords points="840,1093 840,1153 969,1153 969,1093"/>
                    <TextEquiv>
                        <Unicode>ieders</Unicode>
                    </TextEquiv>
                </Word>
                <Word id="r3l9_w2" custom="readingOrder {index:1;}">
                    <Coords points="999,1083 999,1143 1114,1143 1114,1083"/>
                    <TextEquiv>
                        <Unicode>geben</Unicode>
                    </TextEquiv>
                </Word>
                <Word id="r3l9_w3" custom="readingOrder {index:2;}">
                    <Coords points="1158,1071 1158,1131 1375,1131 1375,1071"/>
                    <TextEquiv>
                        <Unicode>geständig</Unicode>
                    </TextEquiv>
                </Word>
                <Word id="r3l9_w4" custom="readingOrder {index:3;}">
                    <Coords points="1418,1062 1418,1122 1491,1122 1491,1062"/>
                    <TextEquiv>
                        <Unicode>sein</Unicode>
                    </TextEquiv>
                </Word>
                <Word id="r3l9_w5" custom="readingOrder {index:4;}">
                    <Coords points="1520,1057 1520,1117 1665,1117 1665,1057"/>
                    <TextEquiv>
                        <Unicode>wollen,</Unicode>
                    </TextEquiv>
                </Word>
                <Word id="r3l9_w6" custom="readingOrder {index:5;}">
                    <Coords points="1693,1055 1693,1115 1781,1115 1781,1055"/>
                    <TextEquiv>
                        <Unicode>und</Unicode>
                    </TextEquiv>
                </Word>
                <Word id="r3l9_w7" custom="readingOrder {index:6;}">
                    <Coords points="1795,1053 1795,1113 1853,1113 1853,1053"/>
                    <TextEquiv>
                        <Unicode>sie</Unicode>
                    </TextEquiv>
                </Word>
                <Word id="r3l9_w8" custom="readingOrder {index:7;}">
                    <Coords points="1881,1052 1881,1112 2057,1112 2057,1052"/>
                    <TextEquiv>
                        <Unicode>harübet.</Unicode>
                    </TextEquiv>
                </Word>
                <TextEquiv>
                    <Unicode>ieders geben geständig sein wollen, und sie harübet.</Unicode>
                </TextEquiv>
            </TextLine>
            <TextLine id="r3l10" custom="readingOrder {index:9;}">
                <Coords points="832,1236 1117,1243 1158,1205 1354,1263 1445,1191 1753,1214 1840,1175 1979,1212 2010,1092 1897,1157 1678,1095 1459,1141 1402,1101 1297,1177 828,1161"/>
                <Baseline points="840,1230 898,1227 956,1224 1014,1220 1073,1217 1131,1212 1189,1208 1248,1204 1306,1199 1364,1196 1423,1191 1481,1188 1539,1184 1597,1181 1656,1179 1714,1177 1772,1175 1831,1175 1889,1175 1947,1175 2006,1178"/>
                <Word id="r3l10_w1" custom="readingOrder {index:0;}">
                    <Coords points="830,1186 830,1246 980,1246 980,1186"/>
                    <TextEquiv>
                        <Unicode>betenn</Unicode>
                    </TextEquiv>
                </Word>
                <Word id="r3l10_w2" custom="readingOrder {index:1;}">
                    <Coords points="1030,1172 1030,1232 1231,1232 1231,1172"/>
                    <TextEquiv>
                        <Unicode>müste,</Unicode>
                    </TextEquiv>
                </Word>
                <Word id="r3l10_w3" custom="readingOrder {index:2;}">
                    <Coords points="1258,1159 1258,1219 1332,1219 1332,1159"/>
                    <TextEquiv>
                        <Unicode>daß</Unicode>
                    </TextEquiv>
                </Word>
                <Word id="r3l10_w4" custom="readingOrder {index:3;}">
                    <Coords points="1371,1149 1371,1209 1533,1209 1533,1149"/>
                    <TextEquiv>
                        <Unicode>andere</Unicode>
                    </TextEquiv>
                </Word>
                <Word id="r3l10_w5" custom="readingOrder {index:4;}">
                    <Coords points="1558,1141 1558,1201 1634,1201 1634,1141"/>
                    <TextEquiv>
                        <Unicode>zur</Unicode>
                    </TextEquiv>
                </Word>
                <Word id="r3l10_w6" custom="readingOrder {index:5;}">
                    <Coords points="1659,1137 1659,1197 1735,1197 1735,1137"/>
                    <TextEquiv>
                        <Unicode>ihre</Unicode>
                    </TextEquiv>
                </Word>
                <Word id="r3l10_w7" custom="readingOrder {index:6;}">
                    <Coords points="1772,1135 1772,1195 2025,1195 2025,1135"/>
                    <TextEquiv>
                        <Unicode>gebandlet,</Unicode>
                    </TextEquiv>
                </Word>
                <TextEquiv>
                    <Unicode>betenn müste, daß andere zur ihre gebandlet,</Unicode>
                </TextEquiv>
            </TextLine>
            <TextLine id="r3l11" custom="readingOrder {index:10;}">
                <Coords points="827,1352 984,1317 1050,1367 1118,1319 1257,1350 1403,1291 1461,1328 1763,1323 1984,1271 2006,1202 1867,1234 1443,1192 1351,1263 1160,1205 1022,1261 820,1239"/>
                <Baseline points="833,1316 891,1311 949,1308 1008,1305 1066,1301 1125,1298 1183,1295 1241,1290 1300,1286 1358,1284 1417,1280 1475,1276 1533,1273 1592,1270 1650,1266 1709,1264 1767,1260 1825,1259 1884,1256 1942,1254 2001,1251"/>
                <Word id="r3l11_w1" custom="readingOrder {index:0;}">
                    <Coords points="825,1274 825,1334 870,1334 870,1274"/>
                    <TextEquiv>
                        <Unicode>so</Unicode>
                    </TextEquiv>
                </Word>
                <Word id="r3l11_w2" custom="readingOrder {index:1;}">
                    <Coords points="900,1268 900,1328 992,1328 992,1268"/>
                    <TextEquiv>
                        <Unicode>auch</Unicode>
                    </TextEquiv>
                </Word>
                <Word id="r3l11_w3" custom="readingOrder {index:2;}">
                    <Coords points="1022,1261 1022,1321 1099,1321 1099,1261"/>
                    <TextEquiv>
                        <Unicode>mit</Unicode>
                    </TextEquiv>
                </Word>
                <Word id="r3l11_w4" custom="readingOrder {index:3;}">
                    <Coords points="1114,1253 1114,1313 1298,1313 1298,1253"/>
                    <TextEquiv>
                        <Unicode>selberen</Unicode>
                    </TextEquiv>
                </Word>
                <Word id="r3l11_w5" custom="readingOrder {index:4;}">
                    <Coords points="1313,1244 1313,1304 1390,1304 1390,1244"/>
                    <TextEquiv>
                        <Unicode>aus</Unicode>
                    </TextEquiv>
                </Word>
                <Word id="r3l11_w6" custom="readingOrder {index:5;}">
                    <Coords points="1406,1235 1406,1295 1573,1295 1573,1235"/>
                    <TextEquiv>
                        <Unicode>gleichen</Unicode>
                    </TextEquiv>
                </Word>
                <Word id="r3l11_w7" custom="readingOrder {index:6;}">
                    <Coords points="1605,1225 1605,1285 1712,1285 1712,1225"/>
                    <TextEquiv>
                        <Unicode>bethe</Unicode>
                    </TextEquiv>
                </Word>
                <Word id="r3l11_w8" custom="readingOrder {index:7;}">
                    <Coords points="1727,1219 1727,1279 1894,1279 1894,1219"/>
                    <TextEquiv>
                        <Unicode>gelegen,</Unicode>
                    </TextEquiv>
                </Word>
                <Word id="r3l11_w9" custom="readingOrder {index:8;}">
                    <Coords points="1926,1212 1926,1272 2002,1272 2002,1212"/>
                    <TextEquiv>
                        <Unicode>vnd</Unicode>
                    </TextEquiv>
                </Word>
                <TextEquiv>
                    <Unicode>so auch mit selberen aus gleichen bethe gelegen, vnd</Unicode>
                </TextEquiv>
            </TextLine>
            <TextLine id="r3l12" custom="readingOrder {index:11;}">
                <Coords points="821,1472 931,1398 1054,1443 1146,1387 1239,1445 1491,1395 1617,1436 1799,1357 2009,1369 2006,1313 1903,1274 1769,1335 1668,1301 1513,1351 1402,1291 1311,1360 1121,1322 1058,1366 1008,1333 817,1376"/>
                <Baseline points="827,1409 885,1404 944,1400 1002,1396 1061,1392 1120,1389 1178,1385 1237,1381 1296,1379 1354,1376 1413,1373 1472,1370 1530,1368 1589,1367 1648,1364 1706,1362 1765,1361 1824,1361 1882,1359 1941,1359 2000,1359"/>
                <Word id="r3l12_w1" custom="readingOrder {index:0;}">
                    <Coords points="820,1367 820,1427 874,1427 874,1367"/>
                    <TextEquiv>
                        <Unicode>er</Unicode>
                    </TextEquiv>
                </Word>
                <Word id="r3l12_w2" custom="readingOrder {index:1;}">
                    <Coords points="888,1361 888,1421 944,1421 944,1361"/>
                    <TextEquiv>
                        <Unicode>sie</Unicode>
                    </TextEquiv>
                </Word>
                <Word id="r3l12_w3" custom="readingOrder {index:2;}">
                    <Coords points="971,1356 971,1416 1012,1416 1012,1356"/>
                    <TextEquiv>
                        <Unicode>zu</Unicode>
                    </TextEquiv>
                </Word>
                <Word id="r3l12_w4" custom="readingOrder {index:3;}">
                    <Coords points="1054,1347 1054,1407 1233,1407 1233,1347"/>
                    <TextEquiv>
                        <Unicode>Ehnlichen</Unicode>
                    </TextEquiv>
                </Word>
                <Word id="r3l12_w5" custom="readingOrder {index:4;}">
                    <Coords points="1260,1335 1260,1395 1453,1395 1453,1335"/>
                    <TextEquiv>
                        <Unicode>Testhalb</Unicode>
                    </TextEquiv>
                </Word>
                <Word id="r3l12_w6" custom="readingOrder {index:5;}">
                    <Coords points="1480,1323 1480,1383 1825,1383 1825,1323"/>
                    <TextEquiv>
                        <Unicode>außgeschlagen:</Unicode>
                    </TextEquiv>
                </Word>
                <Word id="r3l12_w7" custom="readingOrder {index:6;}">
                    <Coords points="1839,1319 1839,1379 2019,1379 2019,1319"/>
                    <TextEquiv>
                        <Unicode>derobegen</Unicode>
                    </TextEquiv>
                </Word>
                <TextEquiv>
                    <Unicode>er sie zu Ehnlichen Testhalb außgeschlagen: derobegen</Unicode>
                </TextEquiv>
            </TextLine>
            <TextLine id="r3l13" custom="readingOrder {index:12;}">
                <Coords points="789,1540 978,1506 1131,1553 1275,1486 1355,1543 1642,1455 2017,1463 2013,1369 1899,1357 1619,1436 1492,1394 1374,1434 1293,1405 1236,1452 1159,1386 1054,1444 784,1419"/>
                <Baseline points="797,1506 857,1502 918,1498 978,1494 1039,1490 1100,1486 1160,1481 1221,1478 1281,1474 1342,1470 1403,1467 1463,1465 1524,1462 1584,1460 1645,1457 1706,1455 1766,1454 1827,1452 1887,1452 1948,1452 2009,1452"/>
                <Word id="r3l13_w1" custom="readingOrder {index:0;}">
                    <Coords points="788,1464 788,1524 845,1524 845,1464"/>
                    <TextEquiv>
                        <Unicode>Do</Unicode>
                    </TextEquiv>
                </Word>
                <Word id="r3l13_w2" custom="readingOrder {index:1;}">
                    <Coords points="890,1457 890,1517 961,1517 961,1457"/>
                    <TextEquiv>
                        <Unicode>mn</Unicode>
                    </TextEquiv>
                </Word>
                <Word id="r3l13_w3" custom="readingOrder {index:2;}">
                    <Coords points="976,1450 976,1510 1094,1510 1094,1450"/>
                    <TextEquiv>
                        <Unicode>gnädigen</Unicode>
                    </TextEquiv>
                </Word>
                <Word id="r3l13_w4" custom="readingOrder {index:3;}">
                    <Coords points="1108,1440 1108,1500 1225,1500 1225,1440"/>
                    <TextEquiv>
                        <Unicode>Herren</Unicode>
                    </TextEquiv>
                </Word>
                <Word id="r3l13_w5" custom="readingOrder {index:4;}">
                    <Coords points="1239,1432 1239,1492 1370,1492 1370,1432"/>
                    <TextEquiv>
                        <Unicode>ohane</Unicode>
                    </TextEquiv>
                </Word>
                <Word id="r3l13_w6" custom="readingOrder {index:5;}">
                    <Coords points="1414,1419 1414,1479 1763,1479 1763,1419"/>
                    <TextEquiv>
                        <Unicode>Eheversprechung</Unicode>
                    </TextEquiv>
                </Word>
                <Word id="r3l13_w7" custom="readingOrder {index:6;}">
                    <Coords points="1806,1412 1806,1472 2027,1472 2027,1412"/>
                    <TextEquiv>
                        <Unicode>aufgehoben,</Unicode>
                    </TextEquiv>
                </Word>
                <TextEquiv>
                    <Unicode>Do mn gnädigen Herren ohane Eheversprechung aufgehoben,</Unicode>
                </TextEquiv>
            </TextLine>
            <TextLine id="r3l14" custom="readingOrder {index:13;}">
                <Coords points="817,1611 1221,1619 1334,1580 1475,1613 1544,1557 1593,1587 1689,1545 1937,1569 2011,1547 2009,1485 1644,1456 1517,1536 1445,1494 1348,1540 1251,1477 1134,1551 984,1507 815,1570"/>
                <Baseline points="824,1593 886,1589 948,1586 1010,1581 1072,1577 1134,1573 1196,1570 1258,1567 1320,1563 1382,1560 1444,1557 1506,1556 1568,1553 1630,1551 1692,1550 1754,1547 1816,1545 1878,1545 1940,1544 2003,1542"/>
                <Word id="r3l14_w1" custom="readingOrder {index:0;}">
                    <Coords points="841,1549 841,1609 916,1609 916,1549"/>
                    <TextEquiv>
                        <Unicode>und</Unicode>
                    </TextEquiv>
                </Word>
                <Word id="r3l14_w2" custom="readingOrder {index:1;}">
                    <Coords points="941,1542 941,1602 1040,1602 1040,1542"/>
                    <TextEquiv>
                        <Unicode>beyde</Unicode>
                    </TextEquiv>
                </Word>
                <Word id="r3l14_w3" custom="readingOrder {index:2;}">
                    <Coords points="1077,1535 1077,1595 1113,1595 1113,1535"/>
                    <TextEquiv>
                        <Unicode>in</Unicode>
                    </TextEquiv>
                </Word>
                <Word id="r3l14_w4" custom="readingOrder {index:3;}">
                    <Coords points="1164,1528 1164,1588 1300,1588 1300,1528"/>
                    <TextEquiv>
                        <Unicode>vorige</Unicode>
                    </TextEquiv>
                </Word>
                <Word id="r3l14_w5" custom="readingOrder {index:4;}">
                    <Coords points="1325,1518 1325,1578 1499,1578 1499,1518"/>
                    <TextEquiv>
                        <Unicode>freiheit</Unicode>
                    </TextEquiv>
                </Word>
                <Word id="r3l14_w6" custom="readingOrder {index:5;}">
                    <Coords points="1523,1511 1523,1571 1722,1571 1722,1511"/>
                    <TextEquiv>
                        <Unicode>gesetzet:</Unicode>
                    </TextEquiv>
                </Word>
                <Word id="r3l14_w7" custom="readingOrder {index:6;}">
                    <Coords points="1734,1505 1734,1565 1871,1565 1871,1505"/>
                    <TextEquiv>
                        <Unicode>Worbey</Unicode>
                    </TextEquiv>
                </Word>
                <Word id="r3l14_w8" custom="readingOrder {index:7;}">
                    <Coords points="1907,1504 1907,1564 1970,1564 1970,1504"/>
                    <TextEquiv>
                        <Unicode>Sie</Unicode>
                    </TextEquiv>
                </Word>
                <TextEquiv>
                    <Unicode>und beyde in vorige freiheit gesetzet: Worbey Sie</Unicode>
                </TextEquiv>
            </TextLine>
            <TextLine id="r3l15" custom="readingOrder {index:14;}">
                <Coords points="795,1712 1182,1738 1359,1678 1498,1713 1632,1652 1916,1673 2015,1643 2012,1564 1052,1625 922,1593 793,1657"/>
                <Baseline points="803,1694 863,1688 923,1682 983,1677 1043,1673 1103,1668 1163,1665 1224,1662 1284,1659 1344,1656 1404,1653 1464,1651 1524,1650 1584,1647 1645,1646 1705,1644 1765,1644 1825,1643 1885,1641 1945,1640 2006,1640"/>
                <Word id="r3l15_w1" custom="readingOrder {index:0;}">
                    <Coords points="811,1650 811,1710 868,1710 868,1650"/>
                    <TextEquiv>
                        <Unicode>der</Unicode>
                    </TextEquiv>
                </Word>
                <Word id="r3l15_w2" custom="readingOrder {index:1;}">
                    <Coords points="897,1634 897,1694 1143,1694 1143,1634"/>
                    <TextEquiv>
                        <Unicode>Scheidegger</Unicode>
                    </TextEquiv>
                </Word>
                <Word id="r3l15_w3" custom="readingOrder {index:2;}">
                    <Coords points="1186,1622 1186,1682 1258,1682 1258,1622"/>
                    <TextEquiv>
                        <Unicode>auß</Unicode>
                    </TextEquiv>
                </Word>
                <Word id="r3l15_w4" custom="readingOrder {index:3;}">
                    <Coords points="1286,1613 1286,1673 1519,1673 1519,1613"/>
                    <TextEquiv>
                        <Unicode>erheblichen</Unicode>
                    </TextEquiv>
                </Word>
                <Word id="r3l15_w5" custom="readingOrder {index:4;}">
                    <Coords points="1533,1606 1533,1666 1721,1666 1721,1606"/>
                    <TextEquiv>
                        <Unicode>gründen</Unicode>
                    </TextEquiv>
                </Word>
                <Word id="r3l15_w6" custom="readingOrder {index:5;}">
                    <Coords points="1749,1602 1749,1662 1937,1662 1937,1602"/>
                    <TextEquiv>
                        <Unicode>tefellt,</Unicode>
                    </TextEquiv>
                </Word>
                <Word id="r3l15_w7" custom="readingOrder {index:6;}">
                    <Coords points="1951,1600 1951,1660 1994,1660 1994,1600"/>
                    <TextEquiv>
                        <Unicode>sie</Unicode>
                    </TextEquiv>
                </Word>
                <TextEquiv>
                    <Unicode>der Scheidegger auß erheblichen gründen tefellt, sie</Unicode>
                </TextEquiv>
            </TextLine>
            <TextLine id="r3l16" custom="readingOrder {index:15;}">
                <Coords points="796,1849 1398,1738 1529,1790 1740,1736 1888,1783 2024,1748 2021,1690 1945,1663 1572,1671 1503,1720 1450,1676 1403,1723 1182,1741 791,1726"/>
                <Baseline points="803,1785 863,1781 924,1776 984,1772 1045,1767 1106,1763 1166,1760 1227,1756 1287,1752 1348,1750 1409,1746 1469,1744 1530,1742 1590,1740 1651,1739 1712,1737 1772,1736 1833,1736 1893,1736 1954,1736 2015,1737"/>
                <Word id="r3l16_w1" custom="readingOrder {index:0;}">
                    <Coords points="816,1742 816,1802 876,1802 876,1742"/>
                    <TextEquiv>
                        <Unicode>diß</Unicode>
                    </TextEquiv>
                </Word>
                <Word id="r3l16_w2" custom="readingOrder {index:1;}">
                    <Coords points="913,1733 913,1793 996,1793 996,1733"/>
                    <TextEquiv>
                        <Unicode>ohres</Unicode>
                    </TextEquiv>
                </Word>
                <Word id="r3l16_w3" custom="readingOrder {index:2;}">
                    <Coords points="1033,1725 1033,1785 1117,1785 1117,1725"/>
                    <TextEquiv>
                        <Unicode>halb</Unicode>
                    </TextEquiv>
                </Word>
                <Word id="r3l16_w4" custom="readingOrder {index:3;}">
                    <Coords points="1141,1714 1141,1774 1370,1774 1370,1714"/>
                    <TextEquiv>
                        <Unicode>ergangene</Unicode>
                    </TextEquiv>
                </Word>
                <Word id="r3l16_w5" custom="readingOrder {index:4;}">
                    <Coords points="1407,1703 1407,1763 1587,1763 1587,1703"/>
                    <TextEquiv>
                        <Unicode>sämbtl.</Unicode>
                    </TextEquiv>
                </Word>
                <Word id="r3l16_w6" custom="readingOrder {index:5;}">
                    <Coords points="1599,1698 1599,1758 1731,1758 1731,1698"/>
                    <TextEquiv>
                        <Unicode>Losten</Unicode>
                    </TextEquiv>
                </Word>
                <Word id="r3l16_w7" custom="readingOrder {index:6;}">
                    <Coords points="1755,1696 1755,1756 1792,1756 1792,1696"/>
                    <TextEquiv>
                        <Unicode>zu</Unicode>
                    </TextEquiv>
                </Word>
                <Word id="r3l16_w8" custom="readingOrder {index:7;}">
                    <Coords points="1828,1696 1828,1756 2034,1756 2034,1696"/>
                    <TextEquiv>
                        <Unicode>bezahlen,</Unicode>
                    </TextEquiv>
                </Word>
                <TextEquiv>
                    <Unicode>diß ohres halb ergangene sämbtl. Losten zu bezahlen,</Unicode>
                </TextEquiv>
            </TextLine>
            <TextLine id="r3l17" custom="readingOrder {index:16;}">
                <Coords points="806,1888 992,1918 1174,1864 1296,1925 2041,1841 1977,1771 1896,1801 1701,1750 1520,1814 1392,1738 1320,1787 1097,1765 1040,1822 805,1849"/>
                <Baseline points="815,1874 875,1871 936,1867 997,1863 1058,1860 1119,1856 1180,1853 1241,1849 1302,1847 1363,1844 1424,1841 1484,1839 1545,1837 1606,1835 1667,1835 1728,1833 1789,1833 1850,1833 1911,1834 1972,1835 2033,1836"/>
                <Word id="r3l17_w1" custom="readingOrder {index:0;}">
                    <Coords points="826,1831 826,1891 904,1891 904,1831"/>
                    <TextEquiv>
                        <Unicode>vnd</Unicode>
                    </TextEquiv>
                </Word>
                <Word id="r3l17_w2" custom="readingOrder {index:1;}">
                    <Coords points="921,1825 921,1885 984,1885 984,1825"/>
                    <TextEquiv>
                        <Unicode>ihr</Unicode>
                    </TextEquiv>
                </Word>
                <Word id="r3l17_w3" custom="readingOrder {index:2;}">
                    <Coords points="1033,1819 1033,1879 1111,1879 1111,1819"/>
                    <TextEquiv>
                        <Unicode>für</Unicode>
                    </TextEquiv>
                </Word>
                <Word id="r3l17_w4" custom="readingOrder {index:3;}">
                    <Coords points="1127,1812 1127,1872 1255,1872 1255,1812"/>
                    <TextEquiv>
                        <Unicode>Veren</Unicode>
                    </TextEquiv>
                </Word>
                <Word id="r3l17_w5" custom="readingOrder {index:4;}">
                    <Coords points="1271,1800 1271,1860 1588,1860 1588,1800"/>
                    <TextEquiv>
                        <Unicode>versaummnß</Unicode>
                    </TextEquiv>
                </Word>
                <Word id="r3l17_w6" custom="readingOrder {index:5;}">
                    <Coords points="1636,1793 1636,1853 1763,1853 1763,1793"/>
                    <TextEquiv>
                        <Unicode>furngt</Unicode>
                    </TextEquiv>
                </Word>
                <Word id="r3l17_w7" custom="readingOrder {index:6;}">
                    <Coords points="1779,1793 1779,1853 1890,1853 1890,1793"/>
                    <TextEquiv>
                        <Unicode>Sharn</Unicode>
                    </TextEquiv>
                </Word>
                <Word id="r3l17_w8" custom="readingOrder {index:7;}">
                    <Coords points="1922,1795 1922,1855 2051,1855 2051,1795"/>
                    <TextEquiv>
                        <Unicode>kronen</Unicode>
                    </TextEquiv>
                </Word>
                <TextEquiv>
                    <Unicode>vnd ihr für Veren versaummnß furngt Sharn kronen</Unicode>
                </TextEquiv>
            </TextLine>
            <TextLine id="r3l18" custom="readingOrder {index:17;}">
                <Coords points="810,2002 848,2010 894,1993 975,2014 1074,1956 1095,1962 1163,1936 1161,1871 1116,1866 1076,1903 1026,1896 991,1919 908,1883 879,1897 851,1881 807,1912"/>
                <Baseline points="818,1956 843,1955 869,1953 895,1950 921,1950 947,1949 973,1947 999,1947 1025,1947 1051,1946 1077,1946 1103,1946 1129,1944 1155,1944"/>
                <Word id="r3l18_w1" custom="readingOrder {index:0;}">
                    <Coords points="822,1915 822,1975 862,1975 862,1915"/>
                    <TextEquiv>
                        <Unicode>zu</Unicode>
                    </TextEquiv>
                </Word>
                <Word id="r3l18_w2" custom="readingOrder {index:1;}">
                    <Coords points="904,1906 904,1966 1173,1966 1173,1906"/>
                    <TextEquiv>
                        <Unicode>entrichten.</Unicode>
                    </TextEquiv>
                </Word>
                <TextEquiv>
                    <Unicode>zu entrichten.</Unicode>
                </TextEquiv>
            </TextLine>
            <TextLine id="r3l19" custom="readingOrder {index:18;}">
                <Coords points="829,2166 960,2123 1360,2134 1399,2171 1749,2121 1797,2153 1901,2107 2001,2155 1999,2039 1719,2064 1500,1980 1356,2040 1164,2022 1077,2084 960,2003 826,2002"/>
                <Baseline points="836,2126 893,2124 951,2124 1009,2123 1067,2121 1124,2120 1182,2118 1240,2117 1298,2117 1355,2115 1413,2114 1471,2114 1529,2112 1586,2112 1644,2111 1702,2111 1760,2111 1817,2109 1875,2109 1933,2109 1991,2111"/>
                <Word id="r3l19_w1" custom="readingOrder {index:0;}">
                    <Coords points="832,2084 832,2144 1031,2144 1031,2084"/>
                    <TextEquiv>
                        <Unicode>Granden</Unicode>
                    </TextEquiv>
                </Word>
                <Word id="r3l19_w2" custom="readingOrder {index:1;}">
                    <Coords points="1063,2079 1063,2139 1197,2139 1197,2079"/>
                    <TextEquiv>
                        <Unicode>Fraf.</Unicode>
                    </TextEquiv>
                </Word>
                <Word id="r3l19_w3" custom="readingOrder {index:2;}">
                    <Coords points="1229,2077 1229,2137 1246,2137 1246,2077"/>
                    <TextEquiv>
                        <Unicode>u</Unicode>
                    </TextEquiv>
                </Word>
                <Word id="r3l19_w4" custom="readingOrder {index:3;}">
                    <Coords points="1262,2077 1262,2137 1280,2137 1280,2077"/>
                    <TextEquiv>
                        <Unicode>u</Unicode>
                    </TextEquiv>
                </Word>
                <Word id="r3l19_w5" custom="readingOrder {index:4;}">
                    <Coords points="1380,2074 1380,2134 1463,2134 1463,2074"/>
                    <TextEquiv>
                        <Unicode>ein</Unicode>
                    </TextEquiv>
                </Word>
                <Word id="r3l19_w6" custom="readingOrder {index:5;}">
                    <Coords points="1479,2072 1479,2132 1611,2132 1611,2072"/>
                    <TextEquiv>
                        <Unicode>gnädigen</Unicode>
                    </TextEquiv>
                </Word>
                <Word id="r3l19_w7" custom="readingOrder {index:6;}">
                    <Coords points="1627,2071 1627,2131 1761,2131 1761,2071"/>
                    <TextEquiv>
                        <Unicode>Hern</Unicode>
                    </TextEquiv>
                </Word>
                <Word id="r3l19_w8" custom="readingOrder {index:7;}">
                    <Coords points="1777,2069 1777,2129 2011,2129 2011,2069"/>
                    <TextEquiv>
                        <Unicode>versandten</Unicode>
                    </TextEquiv>
                </Word>
                <TextEquiv>
                    <Unicode>Granden Fraf. u u ein gnädigen Hern versandten</Unicode>
                </TextEquiv>
            </TextLine>
            <TextLine id="r3l20" custom="readingOrder {index:19;}">
                <Coords points="823,2231 1011,2230 1131,2282 1307,2231 1378,2281 1521,2213 1990,2219 1989,2146 1863,2119 1738,2190 1587,2139 1430,2180 964,2122 823,2169"/>
                <Baseline points="831,2222 888,2219 946,2216 1003,2213 1061,2210 1118,2208 1176,2207 1233,2205 1291,2205 1348,2204 1406,2204 1464,2204 1521,2204 1579,2205 1636,2205 1694,2207 1751,2208 1809,2208 1866,2210 1924,2213 1982,2214"/>
                <Word id="r3l20_w1" custom="readingOrder {index:0;}">
                    <Coords points="828,2180 828,2240 888,2240 888,2180"/>
                    <TextEquiv>
                        <Unicode>S.</Unicode>
                    </TextEquiv>
                </Word>
                <Word id="r3l20_w2" custom="readingOrder {index:1;}">
                    <Coords points="903,2176 903,2236 979,2236 979,2176"/>
                    <TextEquiv>
                        <Unicode>von</Unicode>
                    </TextEquiv>
                </Word>
                <Word id="r3l20_w3" custom="readingOrder {index:2;}">
                    <Coords points="1009,2171 1009,2231 1069,2231 1069,2171"/>
                    <TextEquiv>
                        <Unicode>der</Unicode>
                    </TextEquiv>
                </Word>
                <Word id="r3l20_w4" custom="readingOrder {index:3;}">
                    <Coords points="1101,2167 1101,2227 1223,2227 1223,2167"/>
                    <TextEquiv>
                        <Unicode>Ehrb.</Unicode>
                    </TextEquiv>
                </Word>
                <Word id="r3l20_w5" custom="readingOrder {index:4;}">
                    <Coords points="1238,2165 1238,2225 1283,2225 1283,2165"/>
                    <TextEquiv>
                        <Unicode>zu</Unicode>
                    </TextEquiv>
                </Word>
                <Word id="r3l20_w6" custom="readingOrder {index:5;}">
                    <Coords points="1313,2164 1313,2224 1390,2224 1390,2164"/>
                    <TextEquiv>
                        <Unicode>hab</Unicode>
                    </TextEquiv>
                </Word>
                <Word id="r3l20_w7" custom="readingOrder {index:6;}">
                    <Coords points="1450,2164 1450,2224 1604,2224 1604,2164"/>
                    <TextEquiv>
                        <Unicode>habend</Unicode>
                    </TextEquiv>
                </Word>
                <Word id="r3l20_w8" custom="readingOrder {index:7;}">
                    <Coords points="1634,2166 1634,2226 1709,2226 1709,2166"/>
                    <TextEquiv>
                        <Unicode>Sie</Unicode>
                    </TextEquiv>
                </Word>
                <Word id="r3l20_w9" custom="readingOrder {index:8;}">
                    <Coords points="1741,2168 1741,2228 1786,2228 1786,2168"/>
                    <TextEquiv>
                        <Unicode>zu</Unicode>
                    </TextEquiv>
                </Word>
                <Word id="r3l20_w10" custom="readingOrder {index:9;}">
                    <Coords points="1831,2172 1831,2232 2000,2232 2000,2172"/>
                    <TextEquiv>
                        <Unicode>erfechen</Unicode>
                    </TextEquiv>
                </Word>
                <TextEquiv>
                    <Unicode>S. von der Ehrb. zu hab habend Sie zu erfechen</Unicode>
                </TextEquiv>
            </TextLine>
            <TextLine id="r3l21" custom="readingOrder {index:20;}">
                <Coords points="837,2359 1008,2299 1072,2347 1138,2307 1219,2341 1263,2300 1534,2293 1974,2357 1973,2227 1912,2220 1712,2250 1522,2212 1364,2273 1159,2222 1102,2265 1008,2234 837,2271"/>
                <Baseline points="846,2301 904,2300 963,2298 1022,2296 1081,2295 1140,2294 1199,2292 1258,2292 1317,2292 1376,2291 1434,2291 1493,2292 1552,2292 1611,2292 1670,2292 1729,2294 1788,2295 1847,2295 1906,2297 1965,2298"/>
                <Word id="r3l21_w1" custom="readingOrder {index:0;}">
                    <Coords points="840,2259 840,2319 1017,2319 1017,2259"/>
                    <TextEquiv>
                        <Unicode>gehabt,</Unicode>
                    </TextEquiv>
                </Word>
                <Word id="r3l21_w2" custom="readingOrder {index:1;}">
                    <Coords points="1044,2254 1044,2314 1125,2314 1125,2254"/>
                    <TextEquiv>
                        <Unicode>baß</Unicode>
                    </TextEquiv>
                </Word>
                <Word id="r3l21_w3" custom="readingOrder {index:2;}">
                    <Coords points="1165,2252 1165,2312 1316,2312 1316,2252"/>
                    <TextEquiv>
                        <Unicode>maßen</Unicode>
                    </TextEquiv>
                </Word>
                <Word id="r3l21_w4" custom="readingOrder {index:3;}">
                    <Coords points="1342,2251 1342,2311 1548,2311 1548,2251"/>
                    <TextEquiv>
                        <Unicode>Llisabeth</Unicode>
                    </TextEquiv>
                </Word>
                <Word id="r3l21_w5" custom="readingOrder {index:4;}">
                    <Coords points="1574,2252 1574,2312 1696,2312 1696,2252"/>
                    <TextEquiv>
                        <Unicode>Kocher</Unicode>
                    </TextEquiv>
                </Word>
                <Word id="r3l21_w6" custom="readingOrder {index:5;}">
                    <Coords points="1738,2254 1738,2314 1807,2314 1807,2254"/>
                    <TextEquiv>
                        <Unicode>von</Unicode>
                    </TextEquiv>
                </Word>
                <Word id="r3l21_w7" custom="readingOrder {index:6;}">
                    <Coords points="1847,2257 1847,2317 1984,2317 1984,2257"/>
                    <TextEquiv>
                        <Unicode>Forth.</Unicode>
                    </TextEquiv>
                </Word>
                <TextEquiv>
                    <Unicode>gehabt, baß maßen Llisabeth Kocher von Forth.</Unicode>
                </TextEquiv>
            </TextLine>
            <TextLine id="r3l22" custom="readingOrder {index:21;}">
                <Coords points="825,2400 1304,2440 1412,2383 1568,2434 1967,2412 1966,2354 1482,2297 1333,2368 1010,2304 825,2371"/>
                <Baseline points="833,2393 889,2391 945,2390 1001,2389 1058,2388 1114,2388 1170,2387 1226,2387 1283,2387 1339,2387 1395,2387 1451,2387 1508,2387 1564,2388 1620,2388 1676,2388 1733,2387 1789,2387 1845,2387 1901,2387 1958,2385"/>
                <Word id="r3l22_w1" custom="readingOrder {index:0;}">
                    <Coords points="839,2350 839,2410 986,2410 986,2350"/>
                    <TextEquiv>
                        <Unicode>Ampts</Unicode>
                    </TextEquiv>
                </Word>
                <Word id="r3l22_w2" custom="readingOrder {index:1;}">
                    <Coords points="1022,2348 1022,2408 1193,2408 1193,2348"/>
                    <TextEquiv>
                        <Unicode>Nydaus</Unicode>
                    </TextEquiv>
                </Word>
                <Word id="r3l22_w3" custom="readingOrder {index:2;}">
                    <Coords points="1242,2347 1242,2407 1302,2407 1302,2347"/>
                    <TextEquiv>
                        <Unicode>der</Unicode>
                    </TextEquiv>
                </Word>
                <Word id="r3l22_w4" custom="readingOrder {index:3;}">
                    <Coords points="1340,2347 1340,2407 1402,2407 1402,2347"/>
                    <TextEquiv>
                        <Unicode>Ehe</Unicode>
                    </TextEquiv>
                </Word>
                <Word id="r3l22_w5" custom="readingOrder {index:4;}">
                    <Coords points="1450,2347 1450,2407 1535,2407 1535,2347"/>
                    <TextEquiv>
                        <Unicode>und</Unicode>
                    </TextEquiv>
                </Word>
                <Word id="r3l22_w6" custom="readingOrder {index:5;}">
                    <Coords points="1573,2347 1573,2407 1915,2407 1915,2347"/>
                    <TextEquiv>
                        <Unicode>schwängerung</Unicode>
                    </TextEquiv>
                </Word>
                <TextEquiv>
                    <Unicode>Ampts Nydaus der Ehe und schwängerung</Unicode>
                </TextEquiv>
            </TextLine>
            <TextLine id="r3l23" custom="readingOrder {index:22;}">
                <Coords points="827,2513 956,2485 1048,2538 1161,2505 1323,2542 1434,2489 1554,2554 1680,2505 1890,2537 1988,2501 1989,2420 1921,2409 1643,2460 1606,2423 1450,2450 1382,2394 1314,2441 829,2400"/>
                <Baseline points="836,2481 893,2480 950,2478 1007,2478 1064,2478 1121,2477 1178,2477 1236,2477 1293,2477 1350,2478 1407,2478 1464,2480 1521,2480 1578,2482 1636,2484 1693,2485 1750,2487 1807,2490 1864,2492 1921,2495 1979,2498"/>
                <Word id="r3l23_w1" custom="readingOrder {index:0;}">
                    <Coords points="830,2440 830,2500 912,2500 912,2440"/>
                    <TextEquiv>
                        <Unicode>halb</Unicode>
                    </TextEquiv>
                </Word>
                <Word id="r3l23_w2" custom="readingOrder {index:1;}">
                    <Coords points="939,2438 939,2498 1104,2498 1104,2438"/>
                    <TextEquiv>
                        <Unicode>beklage</Unicode>
                    </TextEquiv>
                </Word>
                <Word id="r3l23_w3" custom="readingOrder {index:2;}">
                    <Coords points="1146,2437 1146,2497 1255,2497 1255,2437"/>
                    <TextEquiv>
                        <Unicode>Hanß</Unicode>
                    </TextEquiv>
                </Word>
                <Word id="r3l23_w4" custom="readingOrder {index:3;}">
                    <Coords points="1311,2438 1311,2498 1462,2498 1462,2438"/>
                    <TextEquiv>
                        <Unicode>Urffor</Unicode>
                    </TextEquiv>
                </Word>
                <Word id="r3l23_w5" custom="readingOrder {index:4;}">
                    <Coords points="1489,2440 1489,2500 1543,2500 1543,2440"/>
                    <TextEquiv>
                        <Unicode>von</Unicode>
                    </TextEquiv>
                </Word>
                <Word id="r3l23_w6" custom="readingOrder {index:5;}">
                    <Coords points="1572,2445 1572,2505 1818,2505 1818,2445"/>
                    <TextEquiv>
                        <Unicode>Guegisten,</Unicode>
                    </TextEquiv>
                </Word>
                <Word id="r3l23_w7" custom="readingOrder {index:6;}">
                    <Coords points="1846,2452 1846,2512 1902,2512 1902,2452"/>
                    <TextEquiv>
                        <Unicode>der</Unicode>
                    </TextEquiv>
                </Word>
                <Word id="r3l23_w8" custom="readingOrder {index:7;}">
                    <Coords points="1929,2456 1929,2516 1970,2516 1970,2456"/>
                    <TextEquiv>
                        <Unicode>sie</Unicode>
                    </TextEquiv>
                </Word>
                <TextEquiv>
                    <Unicode>halb beklage Hanß Urffor von Guegisten, der sie</Unicode>
                </TextEquiv>
            </TextLine>
            <TextLine id="r3l24" custom="readingOrder {index:23;}">
                <Coords points="812,2636 1217,2595 1548,2655 1953,2626 1955,2551 1824,2500 1772,2545 1684,2500 1537,2559 1432,2488 1323,2542 1196,2508 952,2532 891,2493 815,2537"/>
                <Baseline points="822,2574 878,2573 934,2573 990,2571 1046,2573 1102,2573 1158,2574 1214,2575 1270,2577 1326,2579 1383,2580 1439,2582 1495,2585 1551,2586 1607,2588 1663,2591 1719,2592 1775,2594 1831,2595 1887,2595 1944,2597"/>
                <Word id="r3l24_w1" custom="readingOrder {index:0;}">
                    <Coords points="830,2533 830,2593 902,2593 902,2533"/>
                    <TextEquiv>
                        <Unicode>das</Unicode>
                    </TextEquiv>
                </Word>
                <Word id="r3l24_w2" custom="readingOrder {index:1;}">
                    <Coords points="918,2531 918,2591 1034,2591 1034,2531"/>
                    <TextEquiv>
                        <Unicode>erste</Unicode>
                    </TextEquiv>
                </Word>
                <Word id="r3l24_w3" custom="readingOrder {index:2;}">
                    <Coords points="1077,2533 1077,2593 1208,2593 1208,2533"/>
                    <TextEquiv>
                        <Unicode>mahl</Unicode>
                    </TextEquiv>
                </Word>
                <Word id="r3l24_w4" custom="readingOrder {index:3;}">
                    <Coords points="1222,2536 1222,2596 1281,2596 1281,2536"/>
                    <TextEquiv>
                        <Unicode>den</Unicode>
                    </TextEquiv>
                </Word>
                <Word id="r3l24_w5" custom="readingOrder {index:4;}">
                    <Coords points="1295,2539 1295,2599 1383,2599 1383,2539"/>
                    <TextEquiv>
                        <Unicode>20te</Unicode>
                    </TextEquiv>
                </Word>
                <Word id="r3l24_w6" custom="readingOrder {index:5;}">
                    <Coords points="1397,2542 1397,2602 1483,2602 1483,2542"/>
                    <TextEquiv>
                        <Unicode>Jan.</Unicode>
                    </TextEquiv>
                </Word>
                <Word id="r3l24_w7" custom="readingOrder {index:6;}">
                    <Coords points="1499,2545 1499,2605 1571,2605 1571,2545"/>
                    <TextEquiv>
                        <Unicode>das</Unicode>
                    </TextEquiv>
                </Word>
                <Word id="r3l24_w8" custom="readingOrder {index:7;}">
                    <Coords points="1585,2549 1585,2609 1673,2609 1673,2549"/>
                    <TextEquiv>
                        <Unicode>2te</Unicode>
                    </TextEquiv>
                </Word>
                <Word id="r3l24_w9" custom="readingOrder {index:8;}">
                    <Coords points="1701,2552 1701,2612 1789,2612 1789,2552"/>
                    <TextEquiv>
                        <Unicode>acht</Unicode>
                    </TextEquiv>
                </Word>
                <Word id="r3l24_w10" custom="readingOrder {index:9;}">
                    <Coords points="1803,2555 1803,2615 1891,2615 1891,2555"/>
                    <TextEquiv>
                        <Unicode>tag</Unicode>
                    </TextEquiv>
                </Word>
                <TextEquiv>
                    <Unicode>das erste mahl den 20te Jan. das 2te acht tag</Unicode>
                </TextEquiv>
            </TextLine>
            <TextEquiv>
                <Unicode></Unicode>
            </TextEquiv>
        </TextRegion>
        <TextRegion orientation="0.0" id="r4" custom="readingOrder {index:3;}">
            <Coords points="2085,1468 2085,2376 2367,2376 2367,1468"/>
            <TextLine id="r4l1" custom="readingOrder {index:0;}">
                <Coords points="2193,1563 2219,1564 2258,1536 2290,1531 2315,1546 2373,1553 2347,1392 2326,1399 2302,1387 2286,1399 2258,1387 2237,1415 2221,1405 2169,1412"/>
                <Baseline points="2198,1541 2224,1532 2251,1527 2277,1523 2304,1521 2330,1517 2357,1511"/>
                <Word id="r4l1_w1" custom="readingOrder {index:0;}">
                    <Coords points="2196,1495 2196,1555 2233,1555 2233,1495"/>
                    <TextEquiv>
                        <Unicode>E</Unicode>
                    </TextEquiv>
                </Word>
                <TextEquiv>
                    <Unicode>E</Unicode>
                </TextEquiv>
            </TextLine>
            <TextLine id="r4l2" custom="readingOrder {index:1;}">
                <Coords points="2085,2265 2117,2267 2166,2313 2227,2260 2243,2275 2271,2254 2290,2265 2376,2260 2374,2195 2332,2201 2318,2188 2292,2194 2275,2184 2236,2205 2215,2193 2159,2198 2130,2188 2103,2213 2084,2212"/>
                <Baseline points="2094,2259 2121,2257 2148,2256 2175,2256 2203,2256 2230,2255 2257,2255 2285,2255 2312,2254 2339,2253 2367,2250"/>
                <Word id="r4l2_w1" custom="readingOrder {index:0;}">
                    <Coords points="2084,2216 2084,2276 2269,2276 2269,2216"/>
                    <TextEquiv>
                        <Unicode>Hintzigkr</Unicode>
                    </TextEquiv>
                </Word>
                <Word id="r4l2_w2" custom="readingOrder {index:1;}">
                    <Coords points="2282,2213 2282,2273 2373,2273 2373,2213"/>
                    <TextEquiv>
                        <Unicode>fmanu</Unicode>
                    </TextEquiv>
                </Word>
                <TextEquiv>
                    <Unicode>Hintzigkr fmanu</Unicode>
                </TextEquiv>
            </TextLine>
            <TextLine id="r4l3" custom="readingOrder {index:2;}">
                <Coords points="2077,2370 2121,2368 2173,2409 2189,2399 2257,2412 2280,2388 2326,2386 2356,2364 2352,2279 2322,2270 2300,2281 2274,2262 2246,2285 2213,2282 2168,2313 2131,2285 2074,2319"/>
                <Baseline points="2085,2355 2111,2351 2137,2348 2163,2346 2189,2345 2215,2345 2241,2345 2267,2343 2293,2343 2319,2341 2345,2339"/>
                <Word id="r4l3_w1" custom="readingOrder {index:0;}">
                    <Coords points="2096,2309 2096,2369 2146,2369 2146,2309"/>
                    <TextEquiv>
                        <Unicode>be</Unicode>
                    </TextEquiv>
                </Word>
                <Word id="r4l3_w2" custom="readingOrder {index:1;}">
                    <Coords points="2181,2303 2181,2363 2366,2363 2366,2303"/>
                    <TextEquiv>
                        <Unicode>peeh.</Unicode>
                    </TextEquiv>
                </Word>
                <TextEquiv>
                    <Unicode>be peeh.</Unicode>
                </TextEquiv>
            </TextLine>
            <TextEquiv>
                <Unicode></Unicode>
            </TextEquiv>
        </TextRegion>
        <TextRegion orientation="0.0" id="r5" custom="readingOrder {index:4;}">
            <Coords points="2360,254 2360,2585 3729,2585 3729,254"/>
            <TextLine id="r5l1" custom="readingOrder {index:0;}">
                <Coords points="2451,336 2658,290 2949,331 3715,311 3715,215 3361,253 3311,213 3145,272 3051,216 2983,262 2914,213 2656,275 2450,242"/>
                <Baseline points="2459,294 2521,295 2583,296 2646,296 2708,296 2771,296 2833,296 2895,296 2958,294 3020,294 3083,294 3145,293 3207,293 3270,291 3332,291 3395,291 3457,290 3519,290 3582,290 3644,290 3707,290"/>
                <Word id="r5l1_w1" custom="readingOrder {index:0;}">
                    <Coords points="2462,255 2462,315 2607,315 2607,255"/>
                    <TextEquiv>
                        <Unicode>hernach</Unicode>
                    </TextEquiv>
                </Word>
                <Word id="r5l1_w2" custom="readingOrder {index:1;}">
                    <Coords points="2640,256 2640,316 2706,316 2706,256"/>
                    <TextEquiv>
                        <Unicode>und</Unicode>
                    </TextEquiv>
                </Word>
                <Word id="r5l1_w3" custom="readingOrder {index:2;}">
                    <Coords points="2741,256 2741,316 2796,316 2796,256"/>
                    <TextEquiv>
                        <Unicode>das</Unicode>
                    </TextEquiv>
                </Word>
                <Word id="r5l1_w4" custom="readingOrder {index:3;}">
                    <Coords points="2830,256 2830,316 2908,316 2908,256"/>
                    <TextEquiv>
                        <Unicode>3ten</Unicode>
                    </TextEquiv>
                </Word>
                <Word id="r5l1_w5" custom="readingOrder {index:4;}">
                    <Coords points="2931,254 2931,314 2997,314 2997,254"/>
                    <TextEquiv>
                        <Unicode>14.</Unicode>
                    </TextEquiv>
                </Word>
                <Word id="r5l1_w6" custom="readingOrder {index:5;}">
                    <Coords points="3008,254 3008,314 3076,314 3076,254"/>
                    <TextEquiv>
                        <Unicode>tag</Unicode>
                    </TextEquiv>
                </Word>
                <Word id="r5l1_w7" custom="readingOrder {index:6;}">
                    <Coords points="3109,253 3109,313 3188,313 3188,253"/>
                    <TextEquiv>
                        <Unicode>noch</Unicode>
                    </TextEquiv>
                </Word>
                <Word id="r5l1_w8" custom="readingOrder {index:7;}">
                    <Coords points="3210,251 3210,311 3355,311 3355,251"/>
                    <TextEquiv>
                        <Unicode>letster</Unicode>
                    </TextEquiv>
                </Word>
                <Word id="r5l1_w9" custom="readingOrder {index:8;}">
                    <Coords points="3377,250 3377,310 3601,310 3601,250"/>
                    <TextEquiv>
                        <Unicode>liechtmäß</Unicode>
                    </TextEquiv>
                </Word>
                <Word id="r5l1_w10" custom="readingOrder {index:9;}">
                    <Coords points="3646,250 3646,310 3725,310 3725,250"/>
                    <TextEquiv>
                        <Unicode>be¬</Unicode>
                    </TextEquiv>
                </Word>
                <TextEquiv>
                    <Unicode>hernach und das 3ten 14. tag noch letster liechtmäß be¬</Unicode>
                </TextEquiv>
            </TextLine>
            <TextLine id="r5l2" custom="readingOrder {index:1;}">
                <Coords points="2443,422 2792,368 2956,427 3042,370 3190,411 3244,364 3493,414 3543,363 3737,369 3736,313 3423,332 3323,288 3237,342 3102,295 2658,291 2440,328"/>
                <Baseline points="2450,384 2513,383 2577,380 2641,378 2705,377 2769,375 2833,374 2897,372 2961,371 3025,368 3089,368 3152,366 3216,365 3280,363 3344,362 3408,360 3472,359 3536,357 3600,356 3664,354 3728,353"/>
                <Word id="r5l2_w1" custom="readingOrder {index:0;}">
                    <Coords points="2442,342 2442,402 2601,402 2601,342"/>
                    <TextEquiv>
                        <Unicode>schlaffen</Unicode>
                    </TextEquiv>
                </Word>
                <Word id="r5l2_w2" custom="readingOrder {index:1;}">
                    <Coords points="2625,337 2625,397 2736,397 2736,337"/>
                    <TextEquiv>
                        <Unicode>habe,</Unicode>
                    </TextEquiv>
                </Word>
                <Word id="r5l2_w3" custom="readingOrder {index:2;}">
                    <Coords points="2761,334 2761,394 2823,394 2823,334"/>
                    <TextEquiv>
                        <Unicode>sie</Unicode>
                    </TextEquiv>
                </Word>
                <Word id="r5l2_w4" custom="readingOrder {index:3;}">
                    <Coords points="2847,332 2847,392 2922,392 2922,332"/>
                    <TextEquiv>
                        <Unicode>vor</Unicode>
                    </TextEquiv>
                </Word>
                <Word id="r5l2_w5" custom="readingOrder {index:4;}">
                    <Coords points="2946,329 2946,389 3033,389 3033,329"/>
                    <TextEquiv>
                        <Unicode>Unß</Unicode>
                    </TextEquiv>
                </Word>
                <Word id="r5l2_w6" custom="readingOrder {index:5;}">
                    <Coords points="3069,327 3069,387 3156,387 3156,327"/>
                    <TextEquiv>
                        <Unicode>auch</Unicode>
                    </TextEquiv>
                </Word>
                <Word id="r5l2_w7" custom="readingOrder {index:6;}">
                    <Coords points="3180,325 3180,385 3241,385 3241,325"/>
                    <TextEquiv>
                        <Unicode>auf</Unicode>
                    </TextEquiv>
                </Word>
                <Word id="r5l2_w8" custom="readingOrder {index:7;}">
                    <Coords points="3279,321 3279,381 3438,381 3438,321"/>
                    <TextEquiv>
                        <Unicode>gleiches</Unicode>
                    </TextEquiv>
                </Word>
                <Word id="r5l2_w9" custom="readingOrder {index:8;}">
                    <Coords points="3462,317 3462,377 3549,377 3549,317"/>
                    <TextEquiv>
                        <Unicode>klag</Unicode>
                    </TextEquiv>
                </Word>
                <Word id="r5l2_w10" custom="readingOrder {index:9;}">
                    <Coords points="3573,316 3573,376 3610,376 3610,316"/>
                    <TextEquiv>
                        <Unicode>er</Unicode>
                    </TextEquiv>
                </Word>
                <Word id="r5l2_w11" custom="readingOrder {index:10;}">
                    <Coords points="3622,313 3622,373 3709,373 3709,313"/>
                    <TextEquiv>
                        <Unicode>aber</Unicode>
                    </TextEquiv>
                </Word>
                <TextEquiv>
                    <Unicode>schlaffen habe, sie vor Unß auch auf gleiches klag er aber</Unicode>
                </TextEquiv>
            </TextLine>
            <TextLine id="r5l3" custom="readingOrder {index:2;}">
                <Coords points="2449,491 3004,445 3345,497 3704,424 3679,360 3546,363 3484,416 3321,364 3191,411 3041,374 2957,427 2787,369 2448,452"/>
                <Baseline points="2457,474 2518,470 2580,466 2642,464 2704,459 2766,457 2828,455 2890,452 2952,450 3014,449 3076,447 3137,445 3199,443 3261,441 3323,440 3385,438 3447,435 3509,433 3571,430 3633,428 3695,423"/>
                <Word id="r5l3_w1" custom="readingOrder {index:0;}">
                    <Coords points="2450,431 2450,491 2534,491 2534,431"/>
                    <TextEquiv>
                        <Unicode>auf</Unicode>
                    </TextEquiv>
                </Word>
                <Word id="r5l3_w2" custom="readingOrder {index:1;}">
                    <Coords points="2558,425 2558,485 2619,485 2619,425"/>
                    <TextEquiv>
                        <Unicode>der</Unicode>
                    </TextEquiv>
                </Word>
                <Word id="r5l3_w3" custom="readingOrder {index:2;}">
                    <Coords points="2643,416 2643,476 2948,476 2948,416"/>
                    <TextEquiv>
                        <Unicode>Vernenung</Unicode>
                    </TextEquiv>
                </Word>
                <Word id="r5l3_w4" custom="readingOrder {index:3;}">
                    <Coords points="2972,406 2972,466 3239,466 3239,406"/>
                    <TextEquiv>
                        <Unicode>verrhaeret,</Unicode>
                    </TextEquiv>
                </Word>
                <Word id="r5l3_w5" custom="readingOrder {index:4;}">
                    <Coords points="3263,398 3263,458 3482,458 3482,398"/>
                    <TextEquiv>
                        <Unicode>Verobegen</Unicode>
                    </TextEquiv>
                </Word>
                <Word id="r5l3_w6" custom="readingOrder {index:5;}">
                    <Coords points="3506,392 3506,452 3530,452 3530,392"/>
                    <TextEquiv>
                        <Unicode>so</Unicode>
                    </TextEquiv>
                </Word>
                <Word id="r5l3_w7" custom="readingOrder {index:6;}">
                    <Coords points="3554,388 3554,448 3688,448 3688,388"/>
                    <TextEquiv>
                        <Unicode>habend</Unicode>
                    </TextEquiv>
                </Word>
                <TextEquiv>
                    <Unicode>auf der Vernenung verrhaeret, Verobegen so habend</Unicode>
                </TextEquiv>
            </TextLine>
            <TextLine id="r5l4" custom="readingOrder {index:3;}">
                <Coords points="2417,631 2574,559 2818,552 3002,607 3423,520 3510,582 3588,532 3669,552 3666,475 2843,450 2413,534"/>
                <Baseline points="2423,566 2484,562 2546,560 2608,557 2670,554 2732,551 2793,548 2855,545 2917,542 2979,539 3041,536 3102,533 3164,530 3226,528 3288,525 3350,522 3411,521 3473,518 3535,516 3597,515 3659,513"/>
                <Word id="r5l4_w1" custom="readingOrder {index:0;}">
                    <Coords points="2417,519 2417,579 2679,579 2679,519"/>
                    <TextEquiv>
                        <Unicode>Mengdge</Unicode>
                    </TextEquiv>
                </Word>
                <Word id="r5l4_w2" custom="readingOrder {index:1;}">
                    <Coords points="2739,509 2739,569 2768,569 2768,509"/>
                    <TextEquiv>
                        <Unicode>e</Unicode>
                    </TextEquiv>
                </Word>
                <Word id="r5l4_w3" custom="readingOrder {index:2;}">
                    <Coords points="2812,506 2812,566 2828,566 2828,506"/>
                    <TextEquiv>
                        <Unicode>e</Unicode>
                    </TextEquiv>
                </Word>
                <Word id="r5l4_w4" custom="readingOrder {index:3;}">
                    <Coords points="2842,504 2842,564 2900,564 2900,504"/>
                    <TextEquiv>
                        <Unicode>ien</Unicode>
                    </TextEquiv>
                </Word>
                <Word id="r5l4_w5" custom="readingOrder {index:4;}">
                    <Coords points="2915,500 2915,560 2989,560 2989,500"/>
                    <TextEquiv>
                        <Unicode>de</Unicode>
                    </TextEquiv>
                </Word>
                <Word id="r5l4_w6" custom="readingOrder {index:5;}">
                    <Coords points="3003,493 3003,553 3193,553 3193,493"/>
                    <TextEquiv>
                        <Unicode>geschafft</Unicode>
                    </TextEquiv>
                </Word>
                <Word id="r5l4_w7" custom="readingOrder {index:6;}">
                    <Coords points="3222,486 3222,546 3282,546 3282,486"/>
                    <TextEquiv>
                        <Unicode>biß</Unicode>
                    </TextEquiv>
                </Word>
                <Word id="r5l4_w8" custom="readingOrder {index:7;}">
                    <Coords points="3326,481 3326,541 3400,541 3400,481"/>
                    <TextEquiv>
                        <Unicode>nch</Unicode>
                    </TextEquiv>
                </Word>
                <Word id="r5l4_w9" custom="readingOrder {index:8;}">
                    <Coords points="3429,478 3429,538 3487,538 3487,478"/>
                    <TextEquiv>
                        <Unicode>der</Unicode>
                    </TextEquiv>
                </Word>
                <Word id="r5l4_w10" custom="readingOrder {index:9;}">
                    <Coords points="3516,475 3516,535 3662,535 3662,475"/>
                    <TextEquiv>
                        <Unicode>Kachren</Unicode>
                    </TextEquiv>
                </Word>
                <TextEquiv>
                    <Unicode>Mengdge e e ien de geschafft biß nch der Kachren</Unicode>
                </TextEquiv>
            </TextLine>
            <TextLine id="r5l5" custom="readingOrder {index:4;}">
                <Coords points="2434,668 2722,684 2777,635 2895,668 2968,624 3317,653 3380,597 3711,643 3707,559 3506,581 3372,522 3193,593 2943,605 2797,549 2432,617"/>
                <Baseline points="2441,648 2504,646 2567,644 2630,641 2693,638 2756,635 2819,632 2882,629 2945,625 3008,621 3071,618 3134,615 3197,612 3260,609 3323,607 3386,605 3449,604 3512,603 3575,603 3638,603 3701,605"/>
                <Word id="r5l5_w1" custom="readingOrder {index:0;}">
                    <Coords points="2445,605 2445,665 2621,665 2621,605"/>
                    <TextEquiv>
                        <Unicode>gemißt</Unicode>
                    </TextEquiv>
                </Word>
                <Word id="r5l5_w2" custom="readingOrder {index:1;}">
                    <Coords points="2645,594 2645,654 2893,654 2893,594"/>
                    <TextEquiv>
                        <Unicode>verschoben,</Unicode>
                    </TextEquiv>
                </Word>
                <Word id="r5l5_w3" custom="readingOrder {index:2;}">
                    <Coords points="2916,584 2916,644 2976,644 2976,584"/>
                    <TextEquiv>
                        <Unicode>der</Unicode>
                    </TextEquiv>
                </Word>
                <Word id="r5l5_w4" custom="readingOrder {index:3;}">
                    <Coords points="3011,574 3011,634 3271,634 3271,574"/>
                    <TextEquiv>
                        <Unicode>meinung,</Unicode>
                    </TextEquiv>
                </Word>
                <Word id="r5l5_w5" custom="readingOrder {index:4;}">
                    <Coords points="3294,566 3294,626 3366,626 3366,566"/>
                    <TextEquiv>
                        <Unicode>daß</Unicode>
                    </TextEquiv>
                </Word>
                <Word id="r5l5_w6" custom="readingOrder {index:5;}">
                    <Coords points="3401,564 3401,624 3461,624 3461,564"/>
                    <TextEquiv>
                        <Unicode>sie</Unicode>
                    </TextEquiv>
                </Word>
                <Word id="r5l5_w7" custom="readingOrder {index:6;}">
                    <Coords points="3484,563 3484,623 3531,623 3531,563"/>
                    <TextEquiv>
                        <Unicode>in</Unicode>
                    </TextEquiv>
                </Word>
                <Word id="r5l5_w8" custom="readingOrder {index:7;}">
                    <Coords points="3554,563 3554,623 3707,623 3707,563"/>
                    <TextEquiv>
                        <Unicode>solchern</Unicode>
                    </TextEquiv>
                </Word>
                <TextEquiv>
                    <Unicode>gemißt verschoben, der meinung, daß sie in solchern</Unicode>
                </TextEquiv>
            </TextLine>
            <TextLine id="r5l6" custom="readingOrder {index:5;}">
                <Coords points="2412,770 2599,732 2656,783 2879,714 3465,759 3639,657 3381,598 3215,679 2968,624 2898,667 2775,636 2722,684 2597,655 2518,710 2409,696"/>
                <Baseline points="2420,741 2480,736 2541,732 2601,728 2662,725 2723,722 2783,719 2844,716 2904,713 2965,711 3026,709 3086,707 3147,705 3207,702 3268,701 3329,698 3389,696 3450,693 3510,690 3571,686 3632,683"/>
                <Word id="r5l6_w1" custom="readingOrder {index:0;}">
                    <Coords points="2427,689 2427,749 2739,749 2739,689"/>
                    <TextEquiv>
                        <Unicode>fuechehrliche</Unicode>
                    </TextEquiv>
                </Word>
                <Word id="r5l6_w2" custom="readingOrder {index:1;}">
                    <Coords points="2781,674 2781,734 2951,734 2951,674"/>
                    <TextEquiv>
                        <Unicode>manner</Unicode>
                    </TextEquiv>
                </Word>
                <Word id="r5l6_w3" custom="readingOrder {index:2;}">
                    <Coords points="2995,665 2995,725 3293,725 3293,665"/>
                    <TextEquiv>
                        <Unicode>Eaminiert,</Unicode>
                    </TextEquiv>
                </Word>
                <Word id="r5l6_w4" custom="readingOrder {index:3;}">
                    <Coords points="3321,657 3321,717 3393,717 3393,657"/>
                    <TextEquiv>
                        <Unicode>und</Unicode>
                    </TextEquiv>
                </Word>
                <Word id="r5l6_w5" custom="readingOrder {index:4;}">
                    <Coords points="3435,653 3435,713 3464,713 3464,653"/>
                    <TextEquiv>
                        <Unicode>so</Unicode>
                    </TextEquiv>
                </Word>
                <Word id="r5l6_w6" custom="readingOrder {index:5;}">
                    <Coords points="3492,646 3492,706 3634,706 3634,646"/>
                    <TextEquiv>
                        <Unicode>siein</Unicode>
                    </TextEquiv>
                </Word>
                <TextEquiv>
                    <Unicode>fuechehrliche manner Eaminiert, und so siein</Unicode>
                </TextEquiv>
            </TextLine>
            <TextLine id="r5l7" custom="readingOrder {index:6;}">
                <Coords points="2437,860 2610,865 2686,806 2750,850 2962,806 3031,849 3099,800 3726,768 3675,702 3528,683 3415,757 3074,719 2433,768"/>
                <Baseline points="2444,822 2507,818 2571,813 2634,810 2698,807 2762,804 2825,801 2889,800 2952,797 3016,795 3080,792 3143,789 3207,788 3270,785 3334,782 3398,779 3461,775 3525,771 3588,768 3652,763 3716,758"/>
                <Word id="r5l7_w1" custom="readingOrder {index:0;}">
                    <Coords points="2448,779 2448,839 2524,839 2524,779"/>
                    <TextEquiv>
                        <Unicode>cher</Unicode>
                    </TextEquiv>
                </Word>
                <Word id="r5l7_w2" custom="readingOrder {index:1;}">
                    <Coords points="2562,771 2562,831 2651,831 2651,771"/>
                    <TextEquiv>
                        <Unicode>klag</Unicode>
                    </TextEquiv>
                </Word>
                <Word id="r5l7_w3" custom="readingOrder {index:2;}">
                    <Coords points="2689,761 2689,821 2932,821 2932,761"/>
                    <TextEquiv>
                        <Unicode>verharren,</Unicode>
                    </TextEquiv>
                </Word>
                <Word id="r5l7_w4" custom="readingOrder {index:3;}">
                    <Coords points="2944,756 2944,816 2982,816 2982,756"/>
                    <TextEquiv>
                        <Unicode>er</Unicode>
                    </TextEquiv>
                </Word>
                <Word id="r5l7_w5" custom="readingOrder {index:4;}">
                    <Coords points="3021,752 3021,812 3123,812 3123,752"/>
                    <TextEquiv>
                        <Unicode>solche</Unicode>
                    </TextEquiv>
                </Word>
                <Word id="r5l7_w6" custom="readingOrder {index:5;}">
                    <Coords points="3175,747 3175,807 3262,807 3262,747"/>
                    <TextEquiv>
                        <Unicode>aber</Unicode>
                    </TextEquiv>
                </Word>
                <Word id="r5l7_w7" custom="readingOrder {index:6;}">
                    <Coords points="3289,737 3289,797 3543,797 3543,737"/>
                    <TextEquiv>
                        <Unicode>vermeinden</Unicode>
                    </TextEquiv>
                </Word>
                <Word id="r5l7_w8" custom="readingOrder {index:7;}">
                    <Coords points="3569,724 3569,784 3709,784 3709,724"/>
                    <TextEquiv>
                        <Unicode>wurde</Unicode>
                    </TextEquiv>
                </Word>
                <TextEquiv>
                    <Unicode>cher klag verharren, er solche aber vermeinden wurde</Unicode>
                </TextEquiv>
            </TextLine>
            <TextLine id="r5l8" custom="readingOrder {index:7;}">
                <Coords points="2435,956 2945,881 2995,919 3226,871 3419,901 3641,878 3685,830 3558,789 3062,796 2799,814 2685,877 2495,835 2431,867"/>
                <Baseline points="2441,912 2502,908 2564,905 2626,901 2688,897 2750,893 2811,890 2873,887 2935,884 2997,881 3059,879 3120,876 3182,874 3244,872 3306,870 3368,867 3429,866 3491,864 3553,863 3615,861 3677,860"/>
                <Word id="r5l8_w1" custom="readingOrder {index:0;}">
                    <Coords points="2444,867 2444,927 2562,927 2562,867"/>
                    <TextEquiv>
                        <Unicode>beyde</Unicode>
                    </TextEquiv>
                </Word>
                <Word id="r5l8_w2" custom="readingOrder {index:1;}">
                    <Coords points="2597,859 2597,919 2715,919 2715,859"/>
                    <TextEquiv>
                        <Unicode>durch</Unicode>
                    </TextEquiv>
                </Word>
                <Word id="r5l8_w3" custom="readingOrder {index:2;}">
                    <Coords points="2750,851 2750,911 2798,911 2798,851"/>
                    <TextEquiv>
                        <Unicode>sey</Unicode>
                    </TextEquiv>
                </Word>
                <Word id="r5l8_w4" custom="readingOrder {index:3;}">
                    <Coords points="2833,844 2833,904 3011,904 3011,844"/>
                    <TextEquiv>
                        <Unicode>teütschen</Unicode>
                    </TextEquiv>
                </Word>
                <Word id="r5l8_w5" custom="readingOrder {index:4;}">
                    <Coords points="3022,838 3022,898 3104,898 3104,838"/>
                    <TextEquiv>
                        <Unicode>Herren</Unicode>
                    </TextEquiv>
                </Word>
                <Word id="r5l8_w6" custom="readingOrder {index:5;}">
                    <Coords points="3117,833 3117,893 3258,893 3258,833"/>
                    <TextEquiv>
                        <Unicode>Pfarrh</Unicode>
                    </TextEquiv>
                </Word>
                <Word id="r5l8_w7" custom="readingOrder {index:6;}">
                    <Coords points="3328,828 3328,888 3365,888 3365,828"/>
                    <TextEquiv>
                        <Unicode>zu</Unicode>
                    </TextEquiv>
                </Word>
                <Word id="r5l8_w8" custom="readingOrder {index:7;}">
                    <Coords points="3411,823 3411,883 3576,883 3576,823"/>
                    <TextEquiv>
                        <Unicode>Pferten</Unicode>
                    </TextEquiv>
                </Word>
                <Word id="r5l8_w9" custom="readingOrder {index:8;}">
                    <Coords points="3612,820 3612,880 3659,880 3659,820"/>
                    <TextEquiv>
                        <Unicode>im</Unicode>
                    </TextEquiv>
                </Word>
                <TextEquiv>
                    <Unicode>beyde durch sey teütschen Herren Pfarrh zu Pferten im</Unicode>
                </TextEquiv>
            </TextLine>
            <TextLine id="r5l9" custom="readingOrder {index:8;}">
                <Coords points="2440,1017 2496,1059 2558,1013 2726,1029 2953,965 3615,974 3646,878 3303,870 3181,938 3056,895 3009,930 2937,891 2629,902 2438,976"/>
                <Baseline points="2447,998 2506,993 2566,989 2626,984 2685,980 2745,977 2805,973 2864,971 2924,968 2984,965 3044,962 3103,959 3163,957 3223,954 3282,952 3342,950 3402,948 3461,945 3521,944 3581,941 3641,938"/>
                <Word id="r5l9_w1" custom="readingOrder {index:0;}">
                    <Coords points="2440,949 2440,1009 2676,1009 2676,949"/>
                    <TextEquiv>
                        <Unicode>pungations</Unicode>
                    </TextEquiv>
                </Word>
                <Word id="r5l9_w2" custom="readingOrder {index:1;}">
                    <Coords points="2702,936 2702,996 2794,996 2794,936"/>
                    <TextEquiv>
                        <Unicode>Eyd</Unicode>
                    </TextEquiv>
                </Word>
                <Word id="r5l9_w3" custom="readingOrder {index:2;}">
                    <Coords points="2833,930 2833,990 2924,990 2924,930"/>
                    <TextEquiv>
                        <Unicode>bohl</Unicode>
                    </TextEquiv>
                </Word>
                <Word id="r5l9_w4" custom="readingOrder {index:3;}">
                    <Coords points="2950,924 2950,984 3043,984 3043,924"/>
                    <TextEquiv>
                        <Unicode>und</Unicode>
                    </TextEquiv>
                </Word>
                <Word id="r5l9_w5" custom="readingOrder {index:4;}">
                    <Coords points="3069,915 3069,975 3319,975 3319,915"/>
                    <TextEquiv>
                        <Unicode>grundtlich</Unicode>
                    </TextEquiv>
                </Word>
                <Word id="r5l9_w6" custom="readingOrder {index:5;}">
                    <Coords points="3345,904 3345,964 3645,964 3645,904"/>
                    <TextEquiv>
                        <Unicode>anderbiesen</Unicode>
                    </TextEquiv>
                </Word>
                <TextEquiv>
                    <Unicode>pungations Eyd bohl und grundtlich anderbiesen</Unicode>
                </TextEquiv>
            </TextLine>
            <TextLine id="r5l10" custom="readingOrder {index:9;}">
                <Coords points="2422,1115 2919,1088 2963,1048 3217,1081 3436,1036 3554,1081 3696,1038 3693,976 3072,963 2925,1033 2756,998 2419,1057"/>
                <Baseline points="2429,1091 2491,1085 2554,1080 2617,1075 2680,1070 2743,1066 2806,1061 2868,1058 2931,1054 2994,1050 3057,1047 3120,1044 3183,1041 3246,1038 3308,1035 3371,1033 3434,1031 3497,1028 3560,1025 3623,1023 3686,1020"/>
                <Word id="r5l10_w1" custom="readingOrder {index:0;}">
                    <Coords points="2444,1040 2444,1100 2660,1100 2660,1040"/>
                    <TextEquiv>
                        <Unicode>nachbarts</Unicode>
                    </TextEquiv>
                </Word>
                <Word id="r5l10_w2" custom="readingOrder {index:1;}">
                    <Coords points="2696,1026 2696,1086 2780,1086 2780,1026"/>
                    <TextEquiv>
                        <Unicode>auf</Unicode>
                    </TextEquiv>
                </Word>
                <Word id="r5l10_w3" custom="readingOrder {index:2;}">
                    <Coords points="2816,1017 2816,1077 2937,1077 2937,1017"/>
                    <TextEquiv>
                        <Unicode>einen</Unicode>
                    </TextEquiv>
                </Word>
                <Word id="r5l10_w4" custom="readingOrder {index:3;}">
                    <Coords points="2972,1008 2972,1068 3093,1068 3093,1008"/>
                    <TextEquiv>
                        <Unicode>ihren</Unicode>
                    </TextEquiv>
                </Word>
                <Word id="r5l10_w5" custom="readingOrder {index:4;}">
                    <Coords points="3140,996 3140,1056 3405,1056 3405,996"/>
                    <TextEquiv>
                        <Unicode>ansetzenden</Unicode>
                    </TextEquiv>
                </Word>
                <Word id="r5l10_w6" custom="readingOrder {index:5;}">
                    <Coords points="3429,989 3429,1049 3500,1049 3500,989"/>
                    <TextEquiv>
                        <Unicode>Tag</Unicode>
                    </TextEquiv>
                </Word>
                <Word id="r5l10_w7" custom="readingOrder {index:6;}">
                    <Coords points="3524,984 3524,1044 3597,1044 3597,984"/>
                    <TextEquiv>
                        <Unicode>har</Unicode>
                    </TextEquiv>
                </Word>
                <Word id="r5l10_w8" custom="readingOrder {index:7;}">
                    <Coords points="3621,982 3621,1042 3656,1042 3656,982"/>
                    <TextEquiv>
                        <Unicode>zu</Unicode>
                    </TextEquiv>
                </Word>
                <TextEquiv>
                    <Unicode>nachbarts auf einen ihren ansetzenden Tag har zu</Unicode>
                </TextEquiv>
            </TextLine>
            <TextLine id="r5l11" custom="readingOrder {index:10;}">
                <Coords points="2434,1194 2686,1157 2845,1222 3060,1201 3220,1124 3308,1168 3412,1121 3604,1149 3705,1124 3702,1064 2968,1050 2430,1120"/>
                <Baseline points="2442,1181 2504,1175 2567,1169 2630,1163 2692,1157 2755,1152 2818,1147 2880,1144 2943,1140 3006,1135 3069,1131 3131,1128 3194,1126 3257,1124 3319,1121 3382,1119 3445,1119 3507,1118 3570,1118 3633,1118 3696,1118"/>
                <Word id="r5l11_w1" custom="readingOrder {index:0;}">
                    <Coords points="2434,1136 2434,1196 2534,1196 2534,1136"/>
                    <TextEquiv>
                        <Unicode>alle</Unicode>
                    </TextEquiv>
                </Word>
                <Word id="r5l11_w2" custom="readingOrder {index:1;}">
                    <Coords points="2608,1121 2608,1181 2681,1181 2681,1121"/>
                    <TextEquiv>
                        <Unicode>min</Unicode>
                    </TextEquiv>
                </Word>
                <Word id="r5l11_w3" custom="readingOrder {index:2;}">
                    <Coords points="2695,1112 2695,1172 2812,1172 2812,1112"/>
                    <TextEquiv>
                        <Unicode>gnädigen</Unicode>
                    </TextEquiv>
                </Word>
                <Word id="r5l11_w4" custom="readingOrder {index:3;}">
                    <Coords points="2826,1104 2826,1164 2928,1164 2928,1104"/>
                    <TextEquiv>
                        <Unicode>Herre</Unicode>
                    </TextEquiv>
                </Word>
                <Word id="r5l11_w5" custom="readingOrder {index:4;}">
                    <Coords points="2957,1097 2957,1157 2986,1157 2986,1097"/>
                    <TextEquiv>
                        <Unicode>o</Unicode>
                    </TextEquiv>
                </Word>
                <Word id="r5l11_w6" custom="readingOrder {index:5;}">
                    <Coords points="3016,1091 3016,1151 3102,1151 3102,1091"/>
                    <TextEquiv>
                        <Unicode>bohle</Unicode>
                    </TextEquiv>
                </Word>
                <Word id="r5l11_w7" custom="readingOrder {index:6;}">
                    <Coords points="3132,1086 3132,1146 3249,1146 3249,1086"/>
                    <TextEquiv>
                        <Unicode>hrn</Unicode>
                    </TextEquiv>
                </Word>
                <Word id="r5l11_w8" custom="readingOrder {index:7;}">
                    <Coords points="3263,1079 3263,1139 3539,1139 3539,1079"/>
                    <TextEquiv>
                        <Unicode>gerichtlichen</Unicode>
                    </TextEquiv>
                </Word>
                <Word id="r5l11_w9" custom="readingOrder {index:8;}">
                    <Coords points="3553,1078 3553,1138 3698,1138 3698,1078"/>
                    <TextEquiv>
                        <Unicode>ausag</Unicode>
                    </TextEquiv>
                </Word>
                <TextEquiv>
                    <Unicode>alle min gnädigen Herre o bohle hrn gerichtlichen ausag</Unicode>
                </TextEquiv>
            </TextLine>
            <TextLine id="r5l12" custom="readingOrder {index:11;}">
                <Coords points="2436,1278 2823,1238 2921,1294 3160,1217 3312,1264 3459,1203 3518,1241 3702,1206 3699,1146 3174,1140 3061,1200 2783,1225 2431,1192"/>
                <Baseline points="2445,1266 2507,1262 2569,1257 2632,1252 2694,1248 2757,1243 2819,1239 2881,1234 2944,1230 3006,1226 3069,1222 3131,1218 3193,1215 3256,1211 3318,1208 3381,1205 3443,1203 3505,1200 3568,1199 3630,1199 3693,1197"/>
                <Word id="r5l12_w1" custom="readingOrder {index:0;}">
                    <Coords points="2442,1224 2442,1284 2496,1284 2496,1224"/>
                    <TextEquiv>
                        <Unicode>als</Unicode>
                    </TextEquiv>
                </Word>
                <Word id="r5l12_w2" custom="readingOrder {index:1;}">
                    <Coords points="2530,1212 2530,1272 2727,1272 2727,1212"/>
                    <TextEquiv>
                        <Unicode>beyderen</Unicode>
                    </TextEquiv>
                </Word>
                <Word id="r5l12_w3" custom="readingOrder {index:2;}">
                    <Coords points="2759,1190 2759,1250 3121,1250 3121,1190"/>
                    <TextEquiv>
                        <Unicode>empfangenen</Unicode>
                    </TextEquiv>
                </Word>
                <Word id="r5l12_w4" custom="readingOrder {index:3;}">
                    <Coords points="3153,1173 3153,1233 3284,1233 3284,1173"/>
                    <TextEquiv>
                        <Unicode>eydts</Unicode>
                    </TextEquiv>
                </Word>
                <Word id="r5l12_w5" custom="readingOrder {index:4;}">
                    <Coords points="3318,1163 3318,1223 3558,1223 3558,1163"/>
                    <TextEquiv>
                        <Unicode>Iastructio</Unicode>
                    </TextEquiv>
                </Word>
                <Word id="r5l12_w6" custom="readingOrder {index:5;}">
                    <Coords points="3613,1158 3613,1218 3678,1218 3678,1158"/>
                    <TextEquiv>
                        <Unicode>als</Unicode>
                    </TextEquiv>
                </Word>
                <TextEquiv>
                    <Unicode>als beyderen empfangenen eydts Iastructio als</Unicode>
                </TextEquiv>
            </TextLine>
            <TextLine id="r5l13" custom="readingOrder {index:12;}">
                <Coords points="2429,1379 2693,1354 3001,1387 3076,1333 3320,1321 3317,1261 3179,1217 2881,1282 2823,1237 2762,1299 2690,1267 2558,1307 2502,1274 2467,1304 2423,1287"/>
                <Baseline points="2435,1350 2478,1347 2522,1346 2566,1343 2610,1341 2654,1338 2697,1334 2741,1331 2785,1328 2829,1326 2873,1322 2916,1319 2960,1317 3004,1313 3048,1311 3092,1310 3135,1308 3179,1308 3223,1307 3267,1307 3311,1308"/>
                <Word id="r5l13_w1" custom="readingOrder {index:0;}">
                    <Coords points="2426,1306 2426,1366 2579,1366 2579,1306"/>
                    <TextEquiv>
                        <Unicode>habend</Unicode>
                    </TextEquiv>
                </Word>
                <Word id="r5l13_w2" custom="readingOrder {index:1;}">
                    <Coords points="2633,1297 2633,1357 2689,1357 2689,1297"/>
                    <TextEquiv>
                        <Unicode>hin</Unicode>
                    </TextEquiv>
                </Word>
                <Word id="r5l13_w3" custom="readingOrder {index:2;}">
                    <Coords points="2745,1287 2745,1347 2829,1347 2829,1287"/>
                    <TextEquiv>
                        <Unicode>bue</Unicode>
                    </TextEquiv>
                </Word>
                <Word id="r5l13_w4" custom="readingOrder {index:3;}">
                    <Coords points="2871,1276 2871,1336 3065,1336 3065,1276"/>
                    <TextEquiv>
                        <Unicode>beracht,</Unicode>
                    </TextEquiv>
                </Word>
                <Word id="r5l13_w5" custom="readingOrder {index:4;}">
                    <Coords points="3078,1269 3078,1329 3121,1329 3121,1269"/>
                    <TextEquiv>
                        <Unicode>zu</Unicode>
                    </TextEquiv>
                </Word>
                <Word id="r5l13_w6" custom="readingOrder {index:5;}">
                    <Coords points="3177,1267 3177,1327 3301,1327 3301,1267"/>
                    <TextEquiv>
                        <Unicode>laßen</Unicode>
                    </TextEquiv>
                </Word>
                <TextEquiv>
                    <Unicode>habend hin bue beracht, zu laßen</Unicode>
                </TextEquiv>
            </TextLine>
            <TextLine id="r5l14" custom="readingOrder {index:13;}">
                <Coords points="2412,1550 2776,1466 2880,1530 2947,1482 3064,1528 3130,1479 3351,1493 3659,1437 3657,1386 3502,1417 3366,1315 3175,1341 3025,1426 2880,1379 2796,1416 2650,1367 2404,1386"/>
                <Baseline points="2418,1494 2479,1490 2541,1485 2602,1482 2664,1478 2726,1475 2787,1470 2849,1467 2910,1466 2972,1461 3034,1459 3095,1456 3157,1453 3218,1451 3280,1449 3342,1447 3403,1444 3465,1442 3526,1440 3588,1437 3650,1436"/>
                <Word id="r5l14_w1" custom="readingOrder {index:0;}">
                    <Coords points="2412,1447 2412,1507 2615,1507 2615,1447"/>
                    <TextEquiv>
                        <Unicode>Genten</Unicode>
                    </TextEquiv>
                </Word>
                <Word id="r5l14_w2" custom="readingOrder {index:1;}">
                    <Coords points="2651,1435 2651,1495 2779,1495 2779,1435"/>
                    <TextEquiv>
                        <Unicode>sthaf</Unicode>
                    </TextEquiv>
                </Word>
                <Word id="r5l14_w3" custom="readingOrder {index:2;}">
                    <Coords points="2836,1425 2836,1485 2985,1485 2985,1425"/>
                    <TextEquiv>
                        <Unicode>Ihme</Unicode>
                    </TextEquiv>
                </Word>
                <Word id="r5l14_w4" custom="readingOrder {index:3;}">
                    <Coords points="3021,1416 3021,1476 3131,1476 3131,1416"/>
                    <TextEquiv>
                        <Unicode>obig</Unicode>
                    </TextEquiv>
                </Word>
                <Word id="r5l14_w5" custom="readingOrder {index:4;}">
                    <Coords points="3168,1406 3168,1466 3520,1466 3520,1406"/>
                    <TextEquiv>
                        <Unicode>aotisiciren</Unicode>
                    </TextEquiv>
                </Word>
                <Word id="r5l14_w6" custom="readingOrder {index:5;}">
                    <Coords points="3538,1396 3538,1456 3648,1456 3648,1396"/>
                    <TextEquiv>
                        <Unicode>mit</Unicode>
                    </TextEquiv>
                </Word>
                <TextEquiv>
                    <Unicode>Genten sthaf Ihme obig aotisiciren mit</Unicode>
                </TextEquiv>
            </TextLine>
            <TextLine id="r5l15" custom="readingOrder {index:14;}">
                <Coords points="2432,1588 2749,1632 3005,1552 3663,1571 3699,1475 3226,1476 3069,1531 2949,1481 2865,1528 2748,1472 2676,1521 2515,1499 2431,1557"/>
                <Baseline points="2441,1577 2503,1574 2566,1571 2628,1568 2691,1566 2753,1563 2816,1560 2878,1559 2941,1556 3003,1554 3066,1551 3129,1550 3191,1547 3254,1545 3316,1543 3379,1541 3441,1539 3504,1538 3566,1536 3629,1535 3692,1533"/>
                <Word id="r5l15_w1" custom="readingOrder {index:0;}">
                    <Coords points="2447,1531 2447,1591 2667,1591 2667,1531"/>
                    <TextEquiv>
                        <Unicode>freundtl.</Unicode>
                    </TextEquiv>
                </Word>
                <Word id="r5l15_w2" custom="readingOrder {index:1;}">
                    <Coords points="2680,1521 2680,1581 2872,1581 2872,1521"/>
                    <TextEquiv>
                        <Unicode>gefinden</Unicode>
                    </TextEquiv>
                </Word>
                <Word id="r5l15_w3" custom="readingOrder {index:2;}">
                    <Coords points="2901,1516 2901,1576 2968,1576 2968,1516"/>
                    <TextEquiv>
                        <Unicode>die</Unicode>
                    </TextEquiv>
                </Word>
                <Word id="r5l15_w4" custom="readingOrder {index:3;}">
                    <Coords points="3024,1507 3024,1567 3326,1567 3326,1507"/>
                    <TextEquiv>
                        <Unicode>gemißtliches</Unicode>
                    </TextEquiv>
                </Word>
                <Word id="r5l15_w5" custom="readingOrder {index:4;}">
                    <Coords points="3354,1497 3354,1557 3669,1557 3669,1497"/>
                    <TextEquiv>
                        <Unicode>Cramination</Unicode>
                    </TextEquiv>
                </Word>
                <TextEquiv>
                    <Unicode>freundtl. gefinden die gemißtliches Cramination</Unicode>
                </TextEquiv>
            </TextLine>
            <TextLine id="r5l16" custom="readingOrder {index:15;}">
                <Coords points="2417,1695 2641,1696 2785,1642 2878,1698 2980,1638 3154,1677 3650,1643 3646,1558 3492,1552 3432,1601 2992,1555 2748,1632 2414,1615"/>
                <Baseline points="2424,1679 2484,1672 2545,1668 2606,1662 2667,1658 2728,1653 2789,1650 2849,1645 2910,1643 2971,1640 3032,1637 3093,1634 3154,1632 3215,1631 3275,1629 3336,1629 3397,1628 3458,1628 3519,1628 3580,1628 3641,1629"/>
                <Word id="r5l16_w1" custom="readingOrder {index:0;}">
                    <Coords points="2428,1635 2428,1695 2476,1695 2476,1635"/>
                    <TextEquiv>
                        <Unicode>so</Unicode>
                    </TextEquiv>
                </Word>
                <Word id="r5l16_w2" custom="readingOrder {index:1;}">
                    <Coords points="2500,1628 2500,1688 2585,1688 2585,1628"/>
                    <TextEquiv>
                        <Unicode>bohl</Unicode>
                    </TextEquiv>
                </Word>
                <Word id="r5l16_w3" custom="readingOrder {index:2;}">
                    <Coords points="2609,1619 2609,1679 2671,1679 2671,1619"/>
                    <TextEquiv>
                        <Unicode>als</Unicode>
                    </TextEquiv>
                </Word>
                <Word id="r5l16_w4" custom="readingOrder {index:3;}">
                    <Coords points="2695,1611 2695,1671 2830,1671 2830,1611"/>
                    <TextEquiv>
                        <Unicode>endts</Unicode>
                    </TextEquiv>
                </Word>
                <Word id="r5l16_w5" custom="readingOrder {index:4;}">
                    <Coords points="2854,1598 2854,1658 3134,1658 3134,1598"/>
                    <TextEquiv>
                        <Unicode>instruction</Unicode>
                    </TextEquiv>
                </Word>
                <Word id="r5l16_w6" custom="readingOrder {index:5;}">
                    <Coords points="3195,1591 3195,1651 3231,1651 3231,1591"/>
                    <TextEquiv>
                        <Unicode>zu</Unicode>
                    </TextEquiv>
                </Word>
                <Word id="r5l16_w7" custom="readingOrder {index:6;}">
                    <Coords points="3281,1588 3281,1648 3646,1648 3646,1588"/>
                    <TextEquiv>
                        <Unicode>veranstalten,</Unicode>
                    </TextEquiv>
                </Word>
                <TextEquiv>
                    <Unicode>so bohl als endts instruction zu veranstalten,</Unicode>
                </TextEquiv>
            </TextLine>
            <TextLine id="r5l17" custom="readingOrder {index:16;}">
                <Coords points="2523,1750 2681,1776 2805,1729 3243,1724 3378,1769 3482,1711 3722,1723 3721,1686 3612,1694 3547,1643 3138,1686 3044,1645 2878,1698 2787,1643 2521,1692"/>
                <Baseline points="2531,1748 2590,1744 2649,1742 2708,1739 2767,1736 2826,1733 2885,1730 2944,1728 3003,1725 3062,1723 3122,1721 3181,1719 3240,1718 3299,1716 3358,1715 3417,1715 3476,1714 3535,1713 3594,1715 3653,1715 3713,1716"/>
                <Word id="r5l17_w1" custom="readingOrder {index:0;}">
                    <Coords points="2544,1703 2544,1763 2646,1763 2646,1703"/>
                    <TextEquiv>
                        <Unicode>lauh</Unicode>
                    </TextEquiv>
                </Word>
                <Word id="r5l17_w2" custom="readingOrder {index:1;}">
                    <Coords points="2680,1697 2680,1757 2793,1757 2793,1697"/>
                    <TextEquiv>
                        <Unicode>einer</Unicode>
                    </TextEquiv>
                </Word>
                <Word id="r5l17_w3" custom="readingOrder {index:2;}">
                    <Coords points="2838,1689 2838,1749 2951,1749 2951,1689"/>
                    <TextEquiv>
                        <Unicode>inser</Unicode>
                    </TextEquiv>
                </Word>
                <Word id="r5l17_w4" custom="readingOrder {index:3;}">
                    <Coords points="2985,1682 2985,1742 3176,1742 3176,1682"/>
                    <TextEquiv>
                        <Unicode>Scraeder</Unicode>
                    </TextEquiv>
                </Word>
                <Word id="r5l17_w5" custom="readingOrder {index:4;}">
                    <Coords points="3200,1675 3200,1735 3414,1735 3414,1675"/>
                    <TextEquiv>
                        <Unicode>ligenden</Unicode>
                    </TextEquiv>
                </Word>
                <Word id="r5l17_w6" custom="readingOrder {index:5;}">
                    <Coords points="3436,1673 3436,1733 3685,1733 3685,1673"/>
                    <TextEquiv>
                        <Unicode>Zeugsame</Unicode>
                    </TextEquiv>
                </Word>
                <TextEquiv>
                    <Unicode>lauh einer inser Scraeder ligenden Zeugsame</Unicode>
                </TextEquiv>
            </TextLine>
            <TextLine id="r5l18" custom="readingOrder {index:17;}">
                <Coords points="2421,1810 2449,1814 2489,1778 2516,1795 2525,1794 2516,1690 2503,1697 2479,1693 2445,1724 2414,1723"/>
                <Baseline points="2426,1763 2455,1765 2484,1765 2513,1754"/>
                <TextEquiv>
                    <Unicode></Unicode>
                </TextEquiv>
            </TextLine>
            <TextLine id="r5l19" custom="readingOrder {index:18;}">
                <Coords points="2422,1857 2804,1824 2914,1889 2984,1824 3088,1866 3231,1826 3362,1873 3530,1830 3672,1865 3715,1769 2804,1728 2420,1810"/>
                <Baseline points="2429,1841 2492,1837 2556,1833 2620,1830 2684,1826 2748,1822 2812,1820 2876,1817 2940,1814 3004,1812 3068,1809 3131,1808 3195,1806 3259,1803 3323,1803 3387,1802 3451,1800 3515,1800 3579,1800 3643,1800 3707,1800"/>
                <Word id="r5l19_w1" custom="readingOrder {index:0;}">
                    <Coords points="2424,1799 2424,1859 2481,1859 2481,1799"/>
                    <TextEquiv>
                        <Unicode>sel</Unicode>
                    </TextEquiv>
                </Word>
                <Word id="r5l19_w2" custom="readingOrder {index:1;}">
                    <Coords points="2539,1792 2539,1852 2612,1852 2612,1792"/>
                    <TextEquiv>
                        <Unicode>her</Unicode>
                    </TextEquiv>
                </Word>
                <Word id="r5l19_w3" custom="readingOrder {index:2;}">
                    <Coords points="2655,1783 2655,1843 2800,1843 2800,1783"/>
                    <TextEquiv>
                        <Unicode>Unter</Unicode>
                    </TextEquiv>
                </Word>
                <Word id="r5l19_w4" custom="readingOrder {index:3;}">
                    <Coords points="2843,1777 2843,1837 2900,1837 2900,1777"/>
                    <TextEquiv>
                        <Unicode>son</Unicode>
                    </TextEquiv>
                </Word>
                <Word id="r5l19_w5" custom="readingOrder {index:4;}">
                    <Coords points="2915,1771 2915,1831 3132,1831 3132,1771"/>
                    <TextEquiv>
                        <Unicode>beischlaff</Unicode>
                    </TextEquiv>
                </Word>
                <Word id="r5l19_w6" custom="readingOrder {index:5;}">
                    <Coords points="3176,1765 3176,1825 3234,1825 3234,1765"/>
                    <TextEquiv>
                        <Unicode>den</Unicode>
                    </TextEquiv>
                </Word>
                <Word id="r5l19_w7" custom="readingOrder {index:6;}">
                    <Coords points="3291,1762 3291,1822 3379,1822 3379,1762"/>
                    <TextEquiv>
                        <Unicode>dan</Unicode>
                    </TextEquiv>
                </Word>
                <Word id="r5l19_w8" custom="readingOrder {index:7;}">
                    <Coords points="3422,1760 3422,1820 3567,1820 3567,1760"/>
                    <TextEquiv>
                        <Unicode>daque</Unicode>
                    </TextEquiv>
                </Word>
                <Word id="r5l19_w9" custom="readingOrder {index:8;}">
                    <Coords points="3596,1760 3596,1820 3696,1820 3696,1760"/>
                    <TextEquiv>
                        <Unicode>Ronp</Unicode>
                    </TextEquiv>
                </Word>
                <TextEquiv>
                    <Unicode>sel her Unter son beischlaff den dan daque Ronp</Unicode>
                </TextEquiv>
            </TextLine>
            <TextLine id="r5l20" custom="readingOrder {index:19;}">
                <Coords points="2423,1950 2461,1930 2505,1930 2557,1970 2594,1961 2647,1920 2716,1960 2711,1862 2684,1848 2656,1865 2588,1841 2572,1858 2523,1845 2490,1872 2417,1856"/>
                <Baseline points="2430,1929 2455,1925 2480,1924 2505,1922 2530,1920 2555,1919 2580,1918 2605,1916 2630,1916 2655,1914 2680,1914 2705,1913"/>
                <Word id="r5l20_w1" custom="readingOrder {index:0;}">
                    <Coords points="2431,1881 2431,1941 2585,1941 2585,1881"/>
                    <TextEquiv>
                        <Unicode>bekent</Unicode>
                    </TextEquiv>
                </Word>
                <Word id="r5l20_w2" custom="readingOrder {index:1;}">
                    <Coords points="2610,1874 2610,1934 2726,1934 2726,1874"/>
                    <TextEquiv>
                        <Unicode>haten.</Unicode>
                    </TextEquiv>
                </Word>
                <TextEquiv>
                    <Unicode>bekent haten.</Unicode>
                </TextEquiv>
            </TextLine>
            <TextLine id="r5l21" custom="readingOrder {index:20;}">
                <Coords points="2352,2130 3738,2063 3635,1974 3385,2004 3277,1938 2962,1980 2892,2037 2345,2007"/>
                <Baseline points="2360,2130 2428,2123 2496,2117 2565,2111 2633,2106 2702,2100 2770,2096 2838,2091 2907,2087 2975,2084 3044,2080 3112,2077 3180,2075 3249,2071 3317,2067 3386,2064 3454,2061 3522,2057 3591,2054 3659,2050 3728,2045"/>
                <Word id="r5l21_w1" custom="readingOrder {index:0;}">
                    <Coords points="2383,2076 2383,2136 2615,2136 2615,2076"/>
                    <TextEquiv>
                        <Unicode>Arauts,</Unicode>
                    </TextEquiv>
                </Word>
                <Word id="r5l21_w2" custom="readingOrder {index:1;}">
                    <Coords points="2632,2063 2632,2123 2699,2123 2699,2063"/>
                    <TextEquiv>
                        <Unicode>sie</Unicode>
                    </TextEquiv>
                </Word>
                <Word id="r5l21_w3" custom="readingOrder {index:2;}">
                    <Coords points="2715,2055 2715,2115 2850,2115 2850,2055"/>
                    <TextEquiv>
                        <Unicode>weilen</Unicode>
                    </TextEquiv>
                </Word>
                <Word id="r5l21_w4" custom="readingOrder {index:3;}">
                    <Coords points="2882,2046 2882,2106 2966,2106 2966,2046"/>
                    <TextEquiv>
                        <Unicode>laut</Unicode>
                    </TextEquiv>
                </Word>
                <Word id="r5l21_w5" custom="readingOrder {index:4;}">
                    <Coords points="2982,2040 2982,2100 3082,2100 3082,2040"/>
                    <TextEquiv>
                        <Unicode>Ihre</Unicode>
                    </TextEquiv>
                </Word>
                <Word id="r5l21_w6" custom="readingOrder {index:5;}">
                    <Coords points="3114,2029 3114,2089 3430,2089 3430,2029"/>
                    <TextEquiv>
                        <Unicode>Berichtschibens</Unicode>
                    </TextEquiv>
                </Word>
                <Word id="r5l21_w7" custom="readingOrder {index:6;}">
                    <Coords points="3464,2018 3464,2078 3513,2078 3513,2018"/>
                    <TextEquiv>
                        <Unicode>der</Unicode>
                    </TextEquiv>
                </Word>
                <Word id="r5l21_w8" custom="readingOrder {index:7;}">
                    <Coords points="3548,2010 3548,2070 3748,2070 3748,2010"/>
                    <TextEquiv>
                        <Unicode>Pudionus</Unicode>
                    </TextEquiv>
                </Word>
                <TextEquiv>
                    <Unicode>Arauts, sie weilen laut Ihre Berichtschibens der Pudionus</Unicode>
                </TextEquiv>
            </TextLine>
            <TextLine id="r5l22" custom="readingOrder {index:21;}">
                <Coords points="2408,2212 2610,2184 2707,2239 2792,2189 2911,2238 2973,2179 3349,2212 3429,2140 3632,2127 3656,2076 3506,2062 3350,2122 3272,2092 3219,2138 3037,2092 2403,2137"/>
                <Baseline points="2415,2199 2476,2193 2538,2188 2600,2184 2662,2180 2723,2177 2785,2174 2847,2171 2909,2168 2970,2166 3032,2163 3094,2162 3156,2159 3217,2155 3279,2153 3341,2148 3403,2143 3464,2139 3526,2132 3588,2125 3650,2118"/>
                <Word id="r5l22_w1" custom="readingOrder {index:0;}">
                    <Coords points="2406,2151 2406,2211 2579,2211 2579,2151"/>
                    <TextEquiv>
                        <Unicode>Emannel</Unicode>
                    </TextEquiv>
                </Word>
                <Word id="r5l22_w2" custom="readingOrder {index:1;}">
                    <Coords points="2619,2137 2619,2197 2821,2197 2821,2137"/>
                    <TextEquiv>
                        <Unicode>hüntzigke,</Unicode>
                    </TextEquiv>
                </Word>
                <Word id="r5l22_w3" custom="readingOrder {index:2;}">
                    <Coords points="2834,2130 2834,2190 2889,2190 2889,2130"/>
                    <TextEquiv>
                        <Unicode>Ihr</Unicode>
                    </TextEquiv>
                </Word>
                <Word id="r5l22_w4" custom="readingOrder {index:3;}">
                    <Coords points="2915,2123 2915,2183 3143,2183 3143,2123"/>
                    <TextEquiv>
                        <Unicode>angehöriged</Unicode>
                    </TextEquiv>
                </Word>
                <Word id="r5l22_w5" custom="readingOrder {index:4;}">
                    <Coords points="3170,2114 3170,2174 3317,2174 3317,2114"/>
                    <TextEquiv>
                        <Unicode>welchen</Unicode>
                    </TextEquiv>
                </Word>
                <Word id="r5l22_w6" custom="readingOrder {index:5;}">
                    <Coords points="3345,2100 3345,2160 3532,2160 3532,2100"/>
                    <TextEquiv>
                        <Unicode>Elisabeth</Unicode>
                    </TextEquiv>
                </Word>
                <Word id="r5l22_w7" custom="readingOrder {index:6;}">
                    <Coords points="3560,2083 3560,2143 3639,2143 3639,2083"/>
                    <TextEquiv>
                        <Unicode>bär</Unicode>
                    </TextEquiv>
                </Word>
                <TextEquiv>
                    <Unicode>Emannel hüntzigke, Ihr angehöriged welchen Elisabeth bär</Unicode>
                </TextEquiv>
            </TextLine>
            <TextLine id="r5l23" custom="readingOrder {index:22;}">
                <Coords points="2394,2302 2640,2266 2722,2322 3148,2248 3208,2296 3433,2224 3505,2283 3737,2202 3733,2135 3352,2210 2973,2179 2911,2241 2799,2197 2704,2239 2614,2187 2390,2239"/>
                <Baseline points="2402,2286 2468,2281 2534,2276 2601,2272 2667,2267 2733,2264 2800,2259 2866,2256 2932,2254 2999,2251 3065,2247 3131,2245 3198,2242 3264,2240 3330,2235 3397,2232 3463,2228 3529,2221 3596,2216 3662,2209 3729,2202"/>
                <Word id="r5l23_w1" custom="readingOrder {index:0;}">
                    <Coords points="2402,2242 2402,2302 2495,2302 2495,2242"/>
                    <TextEquiv>
                        <Unicode>Von</Unicode>
                    </TextEquiv>
                </Word>
                <Word id="r5l23_w2" custom="readingOrder {index:1;}">
                    <Coords points="2541,2230 2541,2290 2692,2290 2692,2230"/>
                    <TextEquiv>
                        <Unicode>Keburg</Unicode>
                    </TextEquiv>
                </Word>
                <Word id="r5l23_w3" custom="readingOrder {index:2;}">
                    <Coords points="2715,2222 2715,2282 2796,2282 2796,2222"/>
                    <TextEquiv>
                        <Unicode>seith</Unicode>
                    </TextEquiv>
                </Word>
                <Word id="r5l23_w4" custom="readingOrder {index:3;}">
                    <Coords points="2819,2217 2819,2277 2865,2277 2865,2217"/>
                    <TextEquiv>
                        <Unicode>ein</Unicode>
                    </TextEquiv>
                </Word>
                <Word id="r5l23_w5" custom="readingOrder {index:4;}">
                    <Coords points="2889,2213 2889,2273 2993,2273 2993,2213"/>
                    <TextEquiv>
                        <Unicode>undt</Unicode>
                    </TextEquiv>
                </Word>
                <Word id="r5l23_w6" custom="readingOrder {index:5;}">
                    <Coords points="3016,2206 3016,2266 3179,2266 3179,2206"/>
                    <TextEquiv>
                        <Unicode>zwannzig</Unicode>
                    </TextEquiv>
                </Word>
                <Word id="r5l23_w7" custom="readingOrder {index:6;}">
                    <Coords points="3213,2198 3213,2258 3364,2258 3364,2198"/>
                    <TextEquiv>
                        <Unicode>höhiger</Unicode>
                    </TextEquiv>
                </Word>
                <Word id="r5l23_w8" custom="readingOrder {index:7;}">
                    <Coords points="3398,2190 3398,2250 3444,2250 3444,2190"/>
                    <TextEquiv>
                        <Unicode>sch</Unicode>
                    </TextEquiv>
                </Word>
                <Word id="r5l23_w9" custom="readingOrder {index:8;}">
                    <Coords points="3468,2175 3468,2235 3734,2235 3734,2175"/>
                    <TextEquiv>
                        <Unicode>wangerschafft</Unicode>
                    </TextEquiv>
                </Word>
                <TextEquiv>
                    <Unicode>Von Keburg seith ein undt zwannzig höhiger sch wangerschafft</Unicode>
                </TextEquiv>
            </TextLine>
            <TextLine id="r5l24" custom="readingOrder {index:23;}">
                <Coords points="2389,2392 3316,2380 3464,2325 3648,2335 3671,2245 3503,2282 3385,2224 3230,2314 3142,2251 2720,2322 2644,2270 2468,2277 2386,2321"/>
                <Baseline points="2397,2381 2460,2376 2523,2372 2587,2366 2650,2362 2714,2358 2777,2355 2841,2352 2904,2349 2968,2346 3031,2343 3094,2341 3158,2337 3221,2336 3285,2333 3348,2330 3412,2327 3475,2324 3539,2322 3602,2318 3666,2315"/>
                <Word id="r5l24_w1" custom="readingOrder {index:0;}">
                    <Coords points="2403,2334 2403,2394 2580,2394 2580,2334"/>
                    <TextEquiv>
                        <Unicode>beklagt,</Unicode>
                    </TextEquiv>
                </Word>
                <Word id="r5l24_w2" custom="readingOrder {index:1;}">
                    <Coords points="2593,2323 2593,2383 2661,2383 2661,2323"/>
                    <TextEquiv>
                        <Unicode>der</Unicode>
                    </TextEquiv>
                </Word>
                <Word id="r5l24_w3" custom="readingOrder {index:2;}">
                    <Coords points="2688,2316 2688,2376 2784,2376 2784,2316"/>
                    <TextEquiv>
                        <Unicode>aber</Unicode>
                    </TextEquiv>
                </Word>
                <Word id="r5l24_w4" custom="readingOrder {index:3;}">
                    <Coords points="2824,2310 2824,2370 2932,2370 2932,2310"/>
                    <TextEquiv>
                        <Unicode>dieser</Unicode>
                    </TextEquiv>
                </Word>
                <Word id="r5l24_w5" custom="readingOrder {index:4;}">
                    <Coords points="2948,2305 2948,2365 3015,2365 3015,2305"/>
                    <TextEquiv>
                        <Unicode>sich</Unicode>
                    </TextEquiv>
                </Word>
                <Word id="r5l24_w6" custom="readingOrder {index:5;}">
                    <Coords points="3042,2301 3042,2361 3125,2361 3125,2301"/>
                    <TextEquiv>
                        <Unicode>Ihre</Unicode>
                    </TextEquiv>
                </Word>
                <Word id="r5l24_w7" custom="readingOrder {index:6;}">
                    <Coords points="3165,2296 3165,2356 3206,2356 3206,2296"/>
                    <TextEquiv>
                        <Unicode>in</Unicode>
                    </TextEquiv>
                </Word>
                <Word id="r5l24_w8" custom="readingOrder {index:7;}">
                    <Coords points="3233,2292 3233,2352 3343,2352 3343,2292"/>
                    <TextEquiv>
                        <Unicode>aber</Unicode>
                    </TextEquiv>
                </Word>
                <Word id="r5l24_w9" custom="readingOrder {index:8;}">
                    <Coords points="3383,2286 3383,2346 3451,2346 3451,2286"/>
                    <TextEquiv>
                        <Unicode>ist,</Unicode>
                    </TextEquiv>
                </Word>
                <Word id="r5l24_w10" custom="readingOrder {index:9;}">
                    <Coords points="3478,2280 3478,2340 3655,2340 3655,2280"/>
                    <TextEquiv>
                        <Unicode>habindt</Unicode>
                    </TextEquiv>
                </Word>
                <TextEquiv>
                    <Unicode>beklagt, der aber dieser sich Ihre in aber ist, habindt</Unicode>
                </TextEquiv>
            </TextLine>
            <TextLine id="r5l25" custom="readingOrder {index:24;}">
                <Coords points="2400,2503 2484,2528 2584,2462 2869,2443 3004,2486 3064,2428 3267,2462 3663,2360 3541,2375 3464,2325 3153,2395 2980,2350 2394,2412"/>
                <Baseline points="2408,2484 2470,2476 2532,2468 2595,2461 2657,2455 2720,2450 2782,2446 2844,2442 2907,2438 2969,2434 3032,2431 3094,2428 3156,2426 3219,2422 3281,2418 3344,2415 3406,2411 3468,2407 3531,2402 3593,2396 3656,2390"/>
                <Word id="r5l25_w1" custom="readingOrder {index:0;}">
                    <Coords points="2396,2428 2396,2488 2657,2488 2657,2428"/>
                    <TextEquiv>
                        <Unicode>Megenach</Unicode>
                    </TextEquiv>
                </Word>
                <Word id="r5l25_w2" custom="readingOrder {index:1;}">
                    <Coords points="2683,2410 2683,2470 2747,2470 2747,2410"/>
                    <TextEquiv>
                        <Unicode>dero</Unicode>
                    </TextEquiv>
                </Word>
                <Word id="r5l25_w3" custom="readingOrder {index:2;}">
                    <Coords points="2760,2403 2760,2463 2878,2463 2878,2403"/>
                    <TextEquiv>
                        <Unicode>leste</Unicode>
                    </TextEquiv>
                </Word>
                <Word id="r5l25_w4" custom="readingOrder {index:3;}">
                    <Coords points="2905,2391 2905,2451 3151,2451 3151,2391"/>
                    <TextEquiv>
                        <Unicode>Verordnung</Unicode>
                    </TextEquiv>
                </Word>
                <Word id="r5l25_w5" custom="readingOrder {index:4;}">
                    <Coords points="3192,2379 3192,2439 3309,2439 3309,2379"/>
                    <TextEquiv>
                        <Unicode>alleß</Unicode>
                    </TextEquiv>
                </Word>
                <Word id="r5l25_w6" custom="readingOrder {index:5;}">
                    <Coords points="3361,2371 3361,2431 3427,2431 3427,2371"/>
                    <TextEquiv>
                        <Unicode>biß</Unicode>
                    </TextEquiv>
                </Word>
                <Word id="r5l25_w7" custom="readingOrder {index:6;}">
                    <Coords points="3465,2363 3465,2423 3557,2423 3557,2363"/>
                    <TextEquiv>
                        <Unicode>nach</Unicode>
                    </TextEquiv>
                </Word>
                <Word id="r5l25_w8" custom="readingOrder {index:7;}">
                    <Coords points="3583,2353 3583,2413 3647,2413 3647,2353"/>
                    <TextEquiv>
                        <Unicode>der</Unicode>
                    </TextEquiv>
                </Word>
                <TextEquiv>
                    <Unicode>Megenach dero leste Verordnung alleß biß nach der</Unicode>
                </TextEquiv>
            </TextLine>
            <TextLine id="r5l26" custom="readingOrder {index:25;}">
                <Coords points="2409,2612 2806,2596 2881,2539 2937,2584 3216,2527 3526,2549 3587,2490 3688,2502 3723,2399 3445,2400 3255,2474 3068,2427 3009,2487 2684,2453 2492,2529 2401,2503"/>
                <Baseline points="2414,2565 2479,2559 2544,2553 2609,2548 2675,2542 2740,2537 2805,2533 2870,2529 2936,2524 3001,2520 3066,2517 3131,2513 3197,2509 3262,2504 3327,2499 3392,2494 3458,2489 3523,2484 3588,2478 3653,2471 3719,2463"/>
                <Word id="r5l26_w1" custom="readingOrder {index:0;}">
                    <Coords points="2427,2518 2427,2578 2537,2578 2537,2518"/>
                    <TextEquiv>
                        <Unicode>geis</Unicode>
                    </TextEquiv>
                </Word>
                <Word id="r5l26_w2" custom="readingOrder {index:1;}">
                    <Coords points="2591,2499 2591,2559 2815,2559 2815,2499"/>
                    <TextEquiv>
                        <Unicode>veschoben,</Unicode>
                    </TextEquiv>
                </Word>
                <Word id="r5l26_w3" custom="readingOrder {index:2;}">
                    <Coords points="2833,2489 2833,2549 2887,2549 2887,2489"/>
                    <TextEquiv>
                        <Unicode>da</Unicode>
                    </TextEquiv>
                </Word>
                <Word id="r5l26_w4" custom="readingOrder {index:3;}">
                    <Coords points="2925,2479 2925,2539 3108,2539 3108,2479"/>
                    <TextEquiv>
                        <Unicode>Knebet</Unicode>
                    </TextEquiv>
                </Word>
                <Word id="r5l26_w5" custom="readingOrder {index:4;}">
                    <Coords points="3146,2469 3146,2529 3221,2529 3221,2469"/>
                    <TextEquiv>
                        <Unicode>der</Unicode>
                    </TextEquiv>
                </Word>
                <Word id="r5l26_w6" custom="readingOrder {index:5;}">
                    <Coords points="3257,2454 3257,2514 3514,2514 3514,2454"/>
                    <TextEquiv>
                        <Unicode>hrntigker</Unicode>
                    </TextEquiv>
                </Word>
                <Word id="r5l26_w7" custom="readingOrder {index:6;}">
                    <Coords points="3534,2432 3534,2492 3738,2492 3738,2432"/>
                    <TextEquiv>
                        <Unicode>bedütet</Unicode>
                    </TextEquiv>
                </Word>
                <TextEquiv>
                    <Unicode>geis veschoben, da Knebet der hrntigker bedütet</Unicode>
                </TextEquiv>
            </TextLine>
            <TextEquiv>
                <Unicode></Unicode>
            </TextEquiv>
        </TextRegion>
    </Page>
</PcGts>
