4032 3024
504 250 643 310 18).

829 319 886 379 die
913 308 996 368 Bär
1037 295 1121 355 habe
1150 284 1231 344 Ihne
1260 275 1344 335 vor
1357 268 1455 328 Ehrl.
1482 259 1732 319 Wittenbach
1759 256 1857 316 Jasr
1886 258 2024 318 Welther

828 392 898 452 undt
914 385 1013 445 seines
1043 375 1244 435 Echloster
1272 362 1530 422 Entschlage,
1544 354 1659 414 deßen
1703 349 1773 409 Sie
1803 343 1960 403 hiemit

838 482 1014 542 brichtes
1048 460 1240 520 vordinde.

823 662 928 722 Jid:
941 654 1099 714 Borges
1125 639 1350 699 Manual:
1376 629 1443 689 Ist
1469 622 1534 682 der
1562 616 1707 676 Maria
1746 613 1904 673 Sterl.
1917 613 1984 673 von

649 701 669 761 H

833 736 1042 796 Überbut,
1057 727 1342 787 eingscheopft
1357 713 1490 773 worden
1521 705 1625 765 vielen
1640 699 1760 759 laut
1789 698 2060 758 Eingebommen

829 813 934 873 undt
968 814 1051 874 Uns
1108 807 1400 867 vorgewisenen
1411 793 1656 853 Attestati
1693 786 1773 846 der
1809 784 1972 844 Heinrich

505 865 640 925 Sterchl.
651 859 762 919 Maria

820 896 1026 956 Neutieler
1058 895 1145 955 von
1177 889 1318 949 Kurtz
1350 877 1621 937 Mikchenbach
1655 868 1729 928 auß
1774 866 1828 926 dem
1871 868 2013 928 Schur¬

832 970 945 1030 geüte
983 971 1115 1031 welchen
1152 968 1219 1028 Sie
1247 966 1303 1026 der
1341 961 1406 1021 Ehe
1445 956 1568 1016 undt
1586 946 1897 1006 schwängerung
1926 941 2019 1001 halb

485 964 679 1024 Neubweiler
702 955 817 1015 Heinrigh

823 1060 1014 1120 beklagt
1040 1055 1116 1115 nit
1129 1051 1321 1111 erfraget
1359 1046 1474 1106 werden
1500 1041 1615 1101 kan,
1642 1036 1717 1096 sich
1730 1032 1769 1092 in
1807 1027 1885 1087 der

816 1142 1085 1202 genißtnach
1110 1133 1175 1193 der
1212 1128 1430 1188 Ordnung
1481 1121 1774 1181 Examinitzn
1788 1116 1826 1176 zu
1864 1112 2032 1172 laßen.

813 1325 1162 1385 Actenstorff
1194 1314 1316 1374 undt
1361 1306 1606 1366 Kilchberg
1621 1302 1681 1362 leß
1743 1296 2017 1356 zumahlen

802 1420 984 1480 Niclals
1007 1414 1178 1474 Ballines
1212 1412 1416 1472 Kirhhär
1439 1411 1565 1471 Uten
1598 1408 1758 1468 storff,
1781 1406 1918 1466 welchen

502 1486 636 1546 Ballenr
645 1484 769 1544 Niclaus

804 1504 989 1564 Gusanna
1038 1503 1174 1563 Paul.
1200 1499 1286 1559 Wor
1310 1492 1621 1552 Rumendingen
1695 1487 1782 1547 Vor
1819 1490 1955 1550 Jun¬

494 1571 612 1631 Pfaul.
636 1569 779 1629 Susanne

816 1583 909 1643 undt
934 1582 1015 1642 nach
1027 1582 1098 1642 der
1133 1580 1298 1640 genißt
1321 1578 1381 1638 IEhr
1416 1577 1487 1637 zur
1511 1574 1629 1634 kelt
1652 1573 1876 1633 gebohrnet

802 1677 923 1737 Kindt
947 1673 1225 1733 zugefignet,
1239 1671 1359 1731 diese
1397 1670 1614 1730 ankeladt
1638 1669 1698 1729 sich
1736 1666 1942 1726 Eydtlich

831 1771 1158 1831 entschüttet;
1174 1769 1252 1829 alß
1283 1771 1377 1831 abe
1408 1771 1487 1831 Min
1502 1771 1627 1831 gnädigen
1643 1768 1752 1828 Herre
1783 1763 1845 1823 Ihre
1893 1757 1954 1817 das

803 1862 1091 1922 Kindtsambt
1111 1864 1235 1924 deßen
1276 1864 1503 1924 erhaltung
1545 1865 1791 1925 überlaßen,
1802 1867 2018 1927 seiethalt

831 1952 944 2012 alleß
984 1956 1238 2016 Gottundt
1277 1958 1353 2018 der
1378 1960 1481 2020 zeit
1506 1957 1850 2017 heimbgestollt
1877 1951 2003 2011 undt

830 2031 886 2091 sie
913 2035 984 2095 zue
1012 2041 1278 2101 abbießung
1321 2048 1546 2108 gehalten,
1560 2050 1700 2110 anbey
1742 2049 1826 2109 aber
1854 2047 2024 2107 Ihrl.

843 2126 1082 2186 verbeidet
1110 2130 1230 2190 worde
1244 2138 1305 2198 etc.

815 2299 1006 2359 Menit.
1022 2305 1167 2365 damit
1198 2311 1422 2371 dermahlen
1469 2316 1534 2376 das
1565 2318 1854 2378 Matimoniale
1885 2315 1981 2375 undt

498 2369 674 2429 Matigni
700 2370 796 2430 16ran
824 2374 1068 2434 Consutoriali
1082 2384 1270 2444 geschäffte
1299 2391 1421 2451 Müschen
1448 2393 1570 2453 Abram
1623 2391 1814 2451 Martigeg
1840 2381 1949 2441 undt

478 2456 619 2516 Nicde
633 2450 802 2510 Ulisatets
830 2453 1001 2513 Elisaboll
1042 2463 1183 2523 Wicole,
1197 2468 1227 2528 so
1241 2474 1424 2534 einandern
1438 2479 1481 2539 zu
1509 2482 1664 2542 ehrlichen
1678 2477 1862 2537 begehren

2119 937 2289 997 Minges
2308 934 2404 994 harb¬

2108 1020 2405 1080 huglickestbeh.

2102 2001 2275 2061 Nicollus
2288 1999 2396 2059 Caude

2105 2092 2207 2152 Aunod
2238 2087 2356 2147 Aoram

3618 233 3663 293 19

2435 310 2512 370 auch
2523 310 2569 370 Ihr
2591 310 2793 370 Endtschafft
2815 310 2960 370 gewinme
3005 311 3106 371 solin
3129 313 3184 373 Min
3195 313 3285 373 gnädigen
3296 313 3386 373 Herrn
3408 313 3453 373 hmn
3487 313 3576 373 über
3587 311 3655 371 ihr

2452 400 2616 460 schreiben
2667 393 2856 453 verkütet
2894 392 3035 452 haben,
3060 394 3122 454 daß
3174 395 3338 455 Dieselbe
3363 395 3464 455 dieser
3489 391 3603 451 sachs

2434 480 2472 540 in
2509 474 2686 534 favorem
2725 473 2952 533 Matrimoni
2978 475 3016 535 et
3041 475 3192 535 sobolio
3217 475 3483 535 beurtheilet
3510 466 3610 526 undt

2453 562 2600 622 hiemit
2616 559 2717 619 dieser
2748 560 2807 620 Ehr
2835 560 3085 620 gestattet:

2409 753 2654 813 Ehevorff.
2668 749 2927 809 beydarber.
2955 748 3129 808 Weilen
3186 746 3301 806 Jacob
3332 741 3504 801 Münger
3532 734 3619 794 von

2436 840 2628 900 Wohlen,
2642 841 2765 901 welchen
2778 841 2943 901 Elßbeth
2970 841 3093 901 Hügl.
3120 839 3202 899 Von
3243 834 3463 894 Rauchwiel
3504 827 3530 887 so
3557 825 3640 885 wohl

2433 935 2493 995 der
2508 937 2599 997 Ehr
2614 935 2691 995 als
2721 933 3008 993 schwängeruncg
3039 925 3146 985 halb
3176 917 3403 977 beklager
3433 907 3554 967 laut

2423 1028 2460 1088 so
2484 1028 2571 1088 wohl.
2584 1027 2671 1087 Ihres
2683 1023 2858 1083 schreibens
2895 1018 2970 1078 alß
3008 1013 3070 1073 vor
3096 1008 3182 1068 Unß
3232 997 3468 1057 bekantlich
3494 984 3668 1044 gewesen

2416 1120 2554 1180 fahlt
2567 1113 2636 1173 fün
2671 1107 2741 1167 das
2764 1103 2880 1163 Kindt
2904 1099 2996 1159 seith
3019 1096 3065 1156 dem
3113 1093 3194 1153 4ten
3217 1087 3334 1147 May
3380 1076 3531 1136 besthin

2439 1205 2628 1265 beziehen,
2651 1199 2699 1259 Er
2711 1197 2759 1257 sie
2782 1192 2960 1252 hhtlichen
2983 1186 3186 1246 wollen,
3209 1181 3256 1241 da
3315 1177 3481 1237 hingegen
3505 1173 3576 1233 Sie

2413 1300 2637 1360 angeseigt,
2654 1295 2712 1355 daß
2744 1291 2788 1351 Er
2817 1289 2863 1349 sie
2892 1287 2968 1347 umb
2997 1282 3252 1342 choßnacht
3284 1273 3537 1333 beschlaffen

2409 1403 2528 1463 haben,
2541 1395 2674 1455 welches
2687 1390 2726 1450 Er
2752 1384 2977 1444 vernenet
3016 1377 3149 1437 öfften
3188 1367 3597 1427 frequentatione

2423 1486 2506 1546 aber
2533 1475 2765 1535 bekennet
2794 1468 2973 1528 volenin
2999 1464 3095 1524 nädigen
3109 1461 3205 1521 Heren
3218 1458 3466 1518 aufgetragen
3479 1453 3602 1513 haben

2414 1567 2533 1627 selbe
2548 1558 2592 1618 in
2607 1553 2666 1613 der
2697 1546 2890 1606 Genißt
2919 1544 3098 1604 Exantin
3143 1546 3246 1606 und
3261 1547 3336 1607 ein
3351 1547 3471 1607 gnädige
3485 1545 3605 1605 Herren
3619 1541 3678 1601 deß

2417 1630 2751 1690 heraußkommenden
2804 1622 2966 1682 berecht
2992 1620 3033 1680 zu
3073 1615 3327 1675 laßen:

2427 1809 2674 1869 Grandion
2707 1801 2873 1861 prae.
2905 1798 3005 1858 Über
3022 1796 3103 1856 sein
3136 1798 3301 1858 Schriben
3353 1801 3451 1861 undt
3467 1804 3681 1864 beygeleger

2400 1888 2581 1948 Soredud
2606 1885 2683 1945 Von
2708 1885 2876 1945 Cponens
2927 1890 3170 1950 betreffende
3197 1896 3337 1956 Louise
3363 1900 3555 1960 Nicolliet
3595 1899 3633 1959 so
3645 1898 3698 1958 das

2410 1971 2483 2031 24.
2495 1969 2581 2029 Jaly
2618 1969 2739 2029 lesthin
2777 1971 3133 2031 Kindtsgewesen
3218 1975 3316 2035 undt
3328 1975 3389 2035 zum
3426 1970 3585 2030 Vatter

2416 2058 2589 2118 deselben
2601 2053 2811 2113 nachkerte
2836 2051 3109 2111 vernambset
3145 2053 3220 2113 Abs
3233 2054 3282 2114 am
3319 2055 3455 2115 Junod
3480 2054 3604 2114 Einen

2420 2137 2639 2197 tischmacher
2663 2129 2749 2189 Bon
2811 2126 3007 2186 Montreun
3055 2128 3189 2188 Ambt
3226 2131 3458 2191 Grandon,
3470 2131 3642 2191 wllend

2431 2222 2518 2282 mit
2554 2214 2802 2274 verdüten,
2827 2213 2863 2273 Er
2901 2213 3000 2273 habe
3024 2213 3075 2273 sie
3099 2214 3136 2274 im
3174 2215 3297 2275 ortb.
3309 2213 3408 2273 1731.
3434 2211 3458 2271 in
3470 2208 3594 2268 seines

2428 2304 2578 2364 Vatter
2591 2297 2687 2357 hauß
2714 2294 2741 2354 in
2770 2293 2864 2353 funes
2879 2293 3042 2353 andern
3056 2293 3192 2353 stuben
3219 2290 3452 2350 beschlafen,
3480 2280 3684 2340 wollindt

2397 2399 2473 2459 Meien
2487 2391 2590 2451 ge
2603 2384 2680 2444 ere
2705 2379 2923 2439 anbefohlen
2936 2376 3065 2436 haben,
3091 2374 3193 2434 Ihme
3219 2368 3476 2428 nochmahlen
3502 2356 3592 2416 vor
3618 2344 3694 2404 das

2410 2481 2581 2541 Consecto
2620 2472 2764 2532 Citids,
2777 2467 2870 2527 undt
2883 2465 2922 2525 so
2948 2464 2974 2524 Er
3001 2462 3092 2522 auff
3118 2460 3185 2520 der
3237 2454 3500 2514 Verienung
3526 2441 3735 2501 behorrten

2427 2564 2542 2624 beyde
2570 2551 2758 2611 horhalten
2786 2543 3018 2603 zulaßen.
