4032 3024
522 224 571 284 20
596 222 670 282 .

840 326 958 386 ken
977 322 1098 382 sike
1117 318 1197 378 von
1236 308 1455 368 bollingen
1513 300 1653 360 solche
1673 299 1733 359 der
1772 303 1892 363 bentz
1912 318 2052 378 bichen

731 361 745 421 H

824 428 921 488 fünen
969 420 1214 480 heimathlosen
1250 407 1348 467 seth
1360 401 1483 461 sieben
1507 397 1665 457 Möniger
1679 397 1739 457 sch
1751 402 2020 462 wangerschafft

514 461 633 521 Guber
655 462 751 522 Anna

832 519 1002 579 beklagt,
1017 514 1078 574 ist
1109 509 1218 569 dahin
1248 505 1420 565 geweisen,
1451 505 1542 565 Ihne
1575 505 1730 565 Bichtes
1760 508 1837 568 für
1869 512 1930 572 den

504 529 617 589 bühler
652 527 747 587 bentz

798 614 947 674 Richtes
973 605 1189 665 zustellen.

730 804 802 864 Hhe
820 795 894 855 .
912 787 1004 847 Haß
1058 775 1203 835 Cehman
1241 768 1313 828 von
1349 762 1533 822 beglen,
1550 759 1586 819 1o
1622 758 1678 818 to
1696 757 1806 817 1728
1842 756 1916 816 von

506 846 632 906 Lohmen

809 873 939 933 seiner
952 862 1147 922 Ehesoauwo
1185 854 1237 914 alß
1264 848 1523 908 ohnschuldige
1548 844 1732 904 Parthey
1770 844 1965 904 gescheiden

493 881 605 941 wlgter
635 884 749 944 Hauß¬

830 930 943 990 wodel
994 931 1239 991 bebilliget
1255 927 1339 987 sich
1355 923 1632 983 anderwertig
1665 924 1732 984 zu
1764 934 2012 994 Verhrlich.

816 1074 946 1134 Tit.

782 1241 950 1301 Ansang
1011 1240 1086 1300 Eest
1101 1238 1347 1298 verbeihenren
1423 1237 1606 1297 August.
1621 1237 1684 1297 ist
1699 1237 1790 1297 hare
1820 1237 1898 1297 Ney
1928 1237 1988 1297 ond

798 1328 884 1388 Von
909 1327 1096 1387 Charone
1133 1324 1257 1384 allhie
1294 1322 1355 1382 bey
1380 1321 1443 1381 dem
1492 1318 1863 1378 Wildemmann,
1877 1316 1975 1376 ohne

817 1417 869 1477 daß
909 1414 961 1474 sie
989 1413 1148 1473 vorhero
1174 1409 1240 1469 ihr
1266 1405 1649 1465 schwangerschafft
1663 1396 1915 1456 angestiget

484 1434 636 1494 Negroud
647 1432 767 1492 Seane.

819 1493 956 1553 kindts
980 1493 1178 1553 gewesen,
1202 1495 1278 1555 den
1327 1496 1475 1556 dörtige
1525 1496 1834 1556 Wirthsleüthen
1897 1494 2022 1554 vor¬

495 1541 652 1601 Maislin
665 1537 796 1597 Antoan

821 1569 1006 1629 gebelet,
1019 1570 1058 1630 sie
1084 1572 1177 1632 seye
1204 1573 1297 1633 mit
1323 1574 1534 1634 Anthaine
1587 1574 1785 1634 Maislin
1824 1574 1904 1634 von

482 1665 593 1725 Zürher
617 1658 789 1718 hieweyund
827 1655 1036 1715 Marroion
1085 1654 1345 1714 verehelichet,
1369 1654 1417 1714 Et
1443 1654 1566 1714 welche
1591 1651 1849 1711 stündtnach
1887 1645 1948 1705 des

814 1733 977 1793 Bemißt
1015 1737 1077 1797 hat
1089 1739 1141 1799 sie
1178 1742 1254 1802 das
1304 1744 1417 1804 Kundt
1442 1745 1479 1805 in
1529 1746 1618 1806 das
1667 1744 1857 1804 Fürtuch
1882 1738 1994 1798 ge¬

808 1805 991 1865 nommen,
1013 1811 1122 1871 undt
1143 1814 1196 1874 sich
1230 1818 1370 1878 sambt
1413 1822 1510 1882 Ihren
1553 1823 1759 1883 schwager
1791 1818 1997 1878 Eieroninund

803 1882 948 1942 färcher
972 1884 1046 1944 von
1106 1889 1240 1949 Selph
1266 1894 1362 1954 auff
1388 1897 1448 1957 der
1484 1900 1606 1960 statt
1643 1902 1875 1962 begeben,
1887 1896 1947 1956 ist

807 1969 900 2029 aber
920 1967 1024 2027 durch
1044 1966 1107 2026 dem
1168 1969 1313 2029 Wirtth
1354 1972 1406 2032 bey
1437 1976 1488 2036 dem
1571 1977 1809 2037 Eirschgreben
1830 1970 1953 2030 weilet

821 2049 908 2109 undt
921 2048 957 2108 in
983 2050 1045 2110 den
1095 2054 1282 2114 allhistigen
1307 2062 1469 2122 Spiohl
1518 2068 1719 2128 gesuchret
1744 2061 1980 2121 worden;

808 2133 1018 2193 Nachdeme
1055 2141 1130 2201 sie
1179 2146 1228 2206 Ihr
1266 2152 1463 2212 kinthett
1512 2157 1760 2217 Vollendet
1809 2149 1958 2209 habendt

791 2221 922 2281 Mlh
966 2226 1009 2286 deß
1082 2232 1184 2292 oberen
1213 2237 1447 2297 chorgrichts
1475 2239 1592 2299 selbe
1606 2234 1840 2294 deißhalb
1869 2222 1956 2282 zum

797 2311 873 2371 sed
925 2311 1116 2371 gestoßen
1204 2319 1269 2379 die
1307 2322 1345 2382 da
1409 2327 1741 2387 verdeüteten,
1754 2323 1831 2383 daß
1869 2316 1919 2376 Sie

801 2390 887 2450 Von
930 2391 1157 2451 obbesagten
1200 2403 1385 2463 Maislim
1442 2410 1514 2470 des
1527 2412 1642 2472 swao
1656 2410 1756 2470 nicht
1770 2405 1827 2465 Ihr

800 2464 1041 2524 Ehemarn,
1069 2468 1176 2528 wohl
1203 2475 1297 2535 aber
1325 2481 1378 2541 ihr
1404 2489 1594 2549 verlobte
1621 2492 1702 2552 seye
1741 2489 1796 2549 zu

2088 2251 2245 2311 Ballmer
2255 2248 2403 2308 Niclaut

2082 2330 2208 2390 Päul.
2220 2327 2360 2387 Susana

3626 231 3676 291 24

2427 313 2638 373 Chardinne
2670 308 2942 368 geschwänget
2972 307 3108 367 worden
3185 305 3442 365 anlangend
3472 304 3578 364 dann
3625 301 3685 361 die

2447 391 2724 451 stillschwegende
2796 386 3022 446 Meihung
3064 381 3135 441 auß
3176 377 3239 437 dem
3290 370 3568 430 Wirthshauß,
3578 362 3608 422 so

2426 473 2523 533 seye
2535 473 2585 533 sie
2621 472 2732 532 seins
2768 469 2928 529 gewesen
3002 465 3087 525 umb
3111 461 3258 521 fösten
3296 452 3591 512 abzumeiden,
3603 441 3700 501 undt

2430 567 2577 627 beßer
2615 555 2923 615 kumblichkeit
2947 553 3193 613 zufinden,
3218 547 3280 607 sich
3316 544 3366 604 zu
3391 533 3526 593 Einer

2433 648 2622 708 bekanten
2716 634 2919 694 Freündin
2966 631 3108 691 nacher
3132 628 3393 688 Gämplitz
3440 620 3475 680 zu
3498 611 3641 671 begeben

2439 734 2523 794 umb
2548 728 2643 788 allda
2680 720 2945 780 außzukindt
2957 716 3149 776 betten.
3186 713 3258 773 Alß
3295 710 3378 770 nun
3427 701 3607 761 darüber

2418 827 2490 887 der
2515 820 2697 880 Maislin
2746 811 2990 871 gleichfahls
3026 803 3159 863 allhier
3197 797 3245 857 zu
3283 791 3379 851 Redt
3416 779 3574 839 gestellt

2417 914 2608 974 worden,
2643 910 2710 970 hat
2732 909 2767 969 Er
2789 907 2812 967 so
2845 906 2925 966 wohl
2969 902 3027 962 die
3060 890 3421 950 Eheversprechung
3455 865 3581 925 alß.

2412 1010 2477 1070 Sch
2490 1000 2701 1060 wangerund
2727 992 2912 1052 häntzlich
2938 988 3136 1048 verneinet
3175 977 3399 1037 dsthelen
3425 963 3517 1023 ndigen
3530 948 3636 1008 Herrn

2414 1089 2547 1149 Weilen
2569 1084 2601 1144 sie
2625 1081 2679 1141 sich
2712 1077 2768 1137 der
2801 1073 2878 1133 Phor
2911 1063 3299 1123 Grichts-Oordnung
3321 1052 3354 1112 de
3388 1048 3453 1108 Ao.
3475 1043 3553 1103 1722
3586 1036 3685 1096 nicht

2395 1171 2614 1231 Conformibt
2638 1162 2736 1222 seinet
2749 1157 2833 1217 hatt
2847 1154 2895 1214 alß
2944 1149 3054 1209 Gott
3078 1144 3188 1204 undt
3212 1139 3273 1199 der
3297 1134 3371 1194 seit
3395 1121 3652 1181 heimbgestelt

2430 1258 2499 1318 die
2521 1246 2718 1306 Negrond
2730 1236 2821 1296 aber
2844 1231 2936 1291 Ergl.
2959 1223 3132 1283 verleiden
3213 1211 3408 1271 zulaßen
3443 1202 3535 1262 umb
3558 1196 3640 1256 so¬

2420 1331 2517 1391 mehr
2541 1320 2823 1380 nötigerachtet,
2835 1314 2908 1374 alß
2945 1310 2970 1370 i
3019 1307 3067 1367 sich
3104 1304 3190 1364 mit
3202 1300 3312 1360 obbet
3350 1294 3422 1354 uten
3495 1286 3654 1346 fürcher

2407 1419 2461 1479 so
2474 1415 2528 1475 Ihr
2557 1408 2748 1468 Schweger
2788 1395 3007 1455 kambliche
3034 1384 3252 1444 verdächtig
3294 1379 3498 1439 gemacht,
3525 1383 3731 1443 zumahlen

2423 1515 2459 1575 Er
2495 1510 2592 1570 also
2617 1506 2654 1566 ehr
2678 1502 2714 1562 vo
2738 1499 2800 1559 Mine
2812 1494 2910 1554 gnädigen
2922 1488 3018 1548 Herre
3044 1482 3201 1542 schimmen,
3225 1475 3445 1535 angelobt
3481 1472 3603 1532 nicht

2419 1601 2455 1661 zu
2479 1594 2624 1654 weichen
2661 1582 2880 1642 ohngercht
2904 1573 3002 1633 aber
3026 1566 3148 1626 deßen
3184 1560 3221 1620 zu
3269 1554 3391 1614 saten
3415 1545 3635 1605 genommen.

2406 1688 2526 1748 Pert.
2555 1675 2616 1735 sub
2631 1663 2751 1723 pag.
2765 1653 2841 1713 11.

2627 1875 2899 1935 Freytags
2939 1864 3003 1924 d.
3023 1862 3087 1922 1.
3107 1862 3295 1922 Septr.
3315 1861 3483 1921 173.

2413 2058 2575 2118 Langte
2611 2051 2828 2111 folgende
2864 2041 2990 2101 heitl
3044 2035 3061 2095 e
3097 2032 3152 2092 gnä
3170 2029 3241 2089 ien
3259 2027 3350 2087 he
3403 2026 3568 2086 sin¬

2417 2177 2609 2237 Weilen
2644 2170 2847 2230 Niclaus
2883 2165 3063 2225 Ballmer
3086 2163 3147 2223 sich
3170 2162 3254 2222 mit
3290 2161 3362 2221 dem
3410 2160 3505 2220 Eydt
3518 2159 3696 2219 purgirt

2420 2254 2478 2314 mit
2515 2257 2727 2317 Susanna
2845 2258 2998 2318 Pfauli
3033 2257 3200 2317 zuthun
3246 2256 3412 2316 gehabt
3447 2255 3484 2315 zu
3507 2254 3637 2314 haben

2433 2347 2527 2407 undt
2551 2345 2715 2405 Vatter
2740 2345 2810 2405 deß
2870 2345 2999 2405 Gatt
3011 2345 3105 2405 thoe
3153 2344 3212 2404 an
3295 2341 3366 2401 die
3389 2335 3507 2395 welt

2413 2442 2642 2502 gebrachten
2668 2435 2829 2495 Kindts
2856 2430 3003 2490 hassin,
3031 2427 3111 2487 Alß
3165 2422 3313 2482 habend
3352 2416 3487 2476 Ehrgl.
3500 2409 3608 2469 Über

2395 2541 2422 2601 e
2450 2539 2506 2599 in
2519 2536 2630 2596 gnädigen
2643 2532 2754 2592 Herren
2783 2526 2963 2586 Gortrag
3004 2518 3170 2578 erkent,
3198 2511 3267 2571 daß
3323 2506 3475 2566 dieser
3517 2499 3698 2559 Pfaul¬
