4032 3024
1115 238 1342 298 Rastags
1359 221 1412 281 den
1445 214 1498 274 12
1532 206 1655 266 Sept.
1672 198 1848 258 1732.

607 230 735 290 29s.

1261 344 1465 404 Prases.

984 487 1235 547 Med.
1281 458 1487 518 Fibicaus
1509 446 1531 506 a
1578 434 1875 494 Mahlinen

1251 566 1561 626 Asessor.

909 742 1013 802 W.
1047 732 1185 792 R.
1221 723 1272 783 dos
1309 715 1446 775 Caup.
1480 706 1584 766 Dn.
1601 700 1758 760 Decan.
1775 697 1983 757 Blauner

1091 816 1109 876 W
1191 805 1276 865 gno
1294 803 1445 863 Halle

863 966 966 1026 Über
981 961 1042 1021 die
1057 957 1236 1017 getohnte
1266 955 1401 1015 annoh
1416 955 1490 1015 mit
1521 955 1536 1015 3
1565 953 1669 1013 mohl
1715 952 1730 1012 2
1789 948 1998 1008 stündiger

838 1058 1179 1118 gesangenschaft
1198 1045 1506 1105 abgestrafft
1523 1035 1660 1095 werden
1677 1028 1850 1088 solle.

755 1243 838 1303 N.
854 1241 871 1301 W
956 1237 1023 1297 Hl.
1039 1231 1257 1291 Cornelins
1293 1221 1527 1281 Waßmer
1560 1215 1660 1275 Won
1729 1208 1897 1268 Frauts
1914 1206 2049 1266 wab¬

873 1319 1092 1379 ehetohlten
1154 1315 1238 1375 He.
1263 1315 1470 1375 Ppfarhh.
1494 1312 1615 1372 nacher
1653 1299 1993 1359 Bändelwalt

558 1312 704 1372 Waßen
741 1313 840 1373 Risors

629 1363 775 1423 nelius.

862 1410 1115 1470 bewilliget
1140 1409 1229 1469 mit
1267 1410 1356 1470 H.
1368 1411 1544 1471 Dorotha
1621 1402 1886 1462 Walthent

549 1420 722 1480 Walthedt
742 1414 845 1474 Jasr.

649 1477 787 1537 dorothen

841 1509 996 1569 kirchen
1010 1507 1109 1567 recht
1137 1505 1306 1565 halten
1362 1505 1688 1565 zukönen.

824 1672 969 1732 Gesul
1001 1672 1033 1732 an
1082 1675 1211 1735 Mads
1227 1679 1306 1739 H.
1322 1682 1419 1742 Foll
1435 1686 1517 1746 H.
1532 1690 1709 1750 Wagnr.
1725 1690 1790 1750 Ihr
1838 1687 1967 1747 deßen

580 1749 734 1809 Obde.

825 1762 870 1822 zu
901 1763 1101 1823 bezeichung
1132 1765 1194 1825 deß
1224 1768 1393 1828 obsthede
1440 1773 1717 1833 abzugegelte
1747 1770 1993 1830 verständig

810 1958 1071 2018 Karauw:
1108 1965 1295 2025 Weilen
1346 1971 1484 2031 daniel
1533 1973 1782 2033 hagnauver
1808 1969 1870 2029 Ihr

525 2002 723 2062 harnter
741 2009 789 2069 an

844 2033 1065 2093 angehörige
1101 2042 1125 2102 o
1137 2045 1210 2105 Mmin
1222 2051 1321 2111 gnädigen
1333 2057 1430 2117 Herrn
1442 2065 1662 2125 bekantlich
1698 2063 1845 2123 worden

531 2082 621 2142 Sanl
650 2088 710 2148 oh.
724 2088 859 2148 Jorptan

845 2122 947 2182 nicht
980 2127 1049 2187 und
1071 2132 1129 2192 die
1162 2137 1242 2197 Joh.
1264 2145 1423 2205 Jorepha
1470 2154 1548 2214 von
1594 2159 1718 2219 Pank
1776 2161 1844 2221 auß
1889 2158 2002 2218 Epres

849 2216 1145 2276 Portgeführt,
1158 2226 1300 2286 sondern
1327 2233 1390 2293 Ihra
1443 2239 1597 2299 annoch
1636 2244 1701 2304 die
1714 2245 1777 2305 Ehr
1804 2242 1997 2302 zugesagt

819 2303 875 2363 zu
902 2305 1025 2365 haben
1080 2310 1176 2370 undt
1205 2315 1314 2375 beyde
1355 2327 1658 2387 gestärdigsen
1700 2337 1891 2397 müeßen

836 2381 908 2441 daß
946 2383 1006 2443 Sie
1030 2387 1164 2447 mienen
1178 2395 1262 2455 Hr.
1286 2404 1434 2464 Ehelich
1446 2413 1494 2473 ein
1518 2421 1690 2481 gesyuet
1714 2428 1884 2488 worden,
1910 2427 1970 2487 Alß

848 2456 1015 2516 habendt
1045 2469 1230 2529 dieselben
1245 2483 1367 2543 Ihuet
1398 2499 1612 2559 zumahle,
1642 2510 1672 2570 Er
1703 2515 1765 2575 die
1795 2522 1995 2582 Eheber¬

3591 235 3731 295 23.

2442 319 2662 379 Sprechung
2690 310 2870 370 bekeinnet,
2885 307 2939 367 das
2953 305 3216 365 gsatzmeßige
3243 305 3590 365 alteoüberstigen,
3603 305 3700 365 undt

2419 403 2483 463 ker
2497 397 2627 457 ammah
2639 392 2705 452 von
2743 390 2848 450 Ihme
2874 389 2925 449 sich
2952 388 3068 448 vonger
3081 388 3146 448 sich
3172 388 3328 448 befinden
3354 386 3457 446 soll,
3497 382 3613 442 solche

2435 486 2528 546 auch
2543 483 2608 543 alß
2654 479 2812 539 Ehrlicht
2845 479 3111 539 zubekeulet,
3127 478 3222 538 undt
3253 478 3379 538 deßen
3411 469 3710 529 Venachaichtlich

2443 581 2707 641 Verständig
2737 569 2924 629 Wollen:

2414 775 2656 835 Donens
2688 768 2722 828 an
2754 765 2834 825 H.
2866 757 3063 817 Pferh.
3095 750 3207 810 Was
3241 746 3337 806 San
3369 742 3515 802 Manel
3531 737 3709 797 aspefanr

2419 851 2658 911 Condistorial
2700 840 2824 900 wegen
2856 833 2982 893 seines
3013 828 3138 888 Sohns
3179 823 3356 883 Daniels
3387 818 3555 878 Morels
3576 817 3669 877 mit

2106 888 2288 948 Marill
2306 863 2388 923 stan

2291 908 2404 968 Daniel

2440 938 2492 998 deß
2536 927 2813 987 verstorbenen
2845 915 3027 975 Samuel
3070 904 3315 964 Marello
3348 887 3668 947 hinderlaßener

2288 945 2446 1005 Sanuel.

2439 1014 2655 1074 Wittib
2691 998 2966 1058 Vorhabende
2988 992 3056 1052 ehe
3079 990 3148 1050 ein
3160 988 3252 1048 gnädigen
3263 984 3354 1044 Herren
3365 976 3628 1036 Supplicando

2409 1100 2607 1160 vortragen
2619 1090 2818 1150 laßen,
2855 1084 2930 1144 das
2967 1081 3079 1141 Rede
3117 1073 3327 1133 derselben
3390 1065 3465 1125 auß
3514 1056 3639 1116 deßen

2428 1184 2645 1244 Coneglich
2683 1164 3033 1224 mittkommender
3093 1150 3359 1210 Bittschrifft
3384 1144 3613 1204 zuersehen

2430 1282 2554 1342 haben
2587 1270 2634 1330 vv
2696 1262 2759 1322 men
2790 1257 2899 1317 nädigen
2914 1253 3025 1313 Heren
3055 1250 3212 1310 eselbh
3228 1244 3572 1304 auffgetragen

2416 1372 2515 1432 haben
2536 1361 2721 1421 wollendt
2766 1354 2809 1414 zu
2842 1350 3039 1410 schauben,
3050 1347 3093 1407 ob
3127 1346 3192 1406 diß
3247 1339 3520 1399 Bothsundt
3552 1328 3673 1388 dieser

2414 1465 2510 1525 dochn
2526 1456 2608 1516 legen
2638 1444 2791 1504 ettaev
2832 1435 2987 1495 beliesen
3000 1428 3112 1488 weden
3139 1422 3320 1482 könnte,
3349 1416 3461 1476 undt
3488 1409 3655 1469 solches

2418 1548 2501 1608 dem
2548 1534 2631 1594 H.
2654 1522 2925 1582 Landtvogt
2960 1516 3008 1576 zu
3055 1513 3256 1573 Ofterthen
3279 1510 3327 1570 zu
3362 1498 3682 1558 sotmeinen,

2409 1627 2602 1687 lidign
2631 1614 2765 1674 fahls
2780 1609 2883 1669 abet
2927 1605 3046 1665 undt
3076 1600 3358 1660 dysunhtt
3373 1592 3417 1652 in
3461 1581 3639 1641 vorschen

2399 1720 2529 1780 kaime
2636 1699 2684 1759 zu
2720 1688 2993 1748 abmeidung
3029 1680 3183 1740 seiner
3220 1673 3434 1733 Ergeruß
3493 1657 3636 1717 undt

2426 1804 2642 1864 stellfung
2688 1791 2751 1851 deß
2812 1778 3044 1838 Genichts
3076 1769 3138 1829 die
3168 1754 3712 1814 Phezugestatten.

2422 1984 2799 2044 Miblißfung
2852 1971 2961 2031 Ref
3034 1965 3140 2025 Auß
3196 1960 3428 2020 deßelben
3446 1956 3590 2016 hieben

2411 2083 2520 2143 undt
2560 2077 3034 2137 beygergenerschifft
3047 2067 3116 2127 sich
3156 2054 3455 2114 vonstelttlng
3495 2039 3576 2099 deß

2111 2070 2292 2130 Grandont
2316 2064 2388 2124 Cons.

2403 2183 2642 2243 Consisterin
2682 2175 2762 2235 von
2802 2162 3067 2222 Grandsous
3108 2145 3241 2205 habend
3281 2134 3401 2194 Wir
3427 2123 3640 2183 zuersehen

2086 2225 2203 2285 Coende
2230 2217 2390 2277 Jurtical

2406 2273 2602 2333 gehabt,
2629 2262 2686 2322 wie
2728 2256 2813 2316 daß
2854 2250 2896 2310 der
2923 2244 3008 2304 H.
3022 2237 3162 2297 Praese
3190 2228 3260 2288 die
3288 2219 3442 2279 Pfüschen
3470 2207 3541 2267 dem

2412 2371 2523 2431 Cchor
2554 2355 2715 2415 Brecht
2746 2340 2859 2400 von
2937 2320 3209 2380 daselbsten
3258 2303 3369 2363 undt
3401 2295 3465 2355 den
3496 2284 3688 2344 Jachicuer

2403 2449 2591 2509 Soenden
2620 2436 2693 2496 von
2707 2422 2926 2482 Grandion
3028 2402 3114 2462 auß
3159 2391 3318 2451 anlaß
3363 2380 3494 2440 einer
3522 2374 3727 2434 Sontägl.

2420 2526 2684 2586 anländung
2723 2515 2802 2575 und
2843 2505 3000 2565 darauß
3039 2497 3080 2557 in
3119 2491 3172 2551 den
3211 2474 3608 2534 Wirthshauß¬
