4032 3024
503 226 519 286 2

489 1310 607 1370 Favre
628 1304 766 1364 Susatne

494 1438 620 1498 dasar
642 1435 810 1495 taguer.

817 312 990 372 Ersolrte
1006 298 1308 358 machenschafftn
1323 275 1609 335 aufgeloffene
1640 263 1751 323 Esten
1767 264 1989 324 luckliche

803 411 943 471 prsit
974 405 1038 465 abe
1099 398 1148 458 e
1163 392 1273 452 gndgen
1288 384 1382 444 Herr
1429 377 1492 437 ber
1523 371 1587 431 bist
1617 365 1727 425 hiehen
1758 361 2026 421 vorkunt¬

809 511 942 571 ehalten
956 493 1135 553 werdet.
1164 480 1267 540 Wan
1297 470 1386 530 nun
1417 463 1550 523 dieselb
1579 455 1801 515 niemahls
1832 452 1979 512 gedacht

816 598 1000 658 demselben
1011 583 1045 643 in
1069 575 1161 635 seiner
1184 561 1471 621 Competirlichen
1493 550 1757 610 Judicatur
1793 547 1964 607 Einichen

812 686 997 746 Einguff
1023 668 1223 728 zuthun,
1236 659 1314 719 alß
1355 652 1475 712 laßend
1501 646 1567 706 Min
1580 644 1686 704 gnädigen
1699 641 1806 701 Herren
1832 638 1871 698 Er
1899 637 1991 697 auch

816 778 1008 838 lediglich
1057 760 1214 820 beyder
1249 745 1527 805 dißörtiger
1575 729 1948 789 beartheilung

822 867 1000 927 bekanden,
1029 860 1056 920 so
1084 855 1153 915 dem
1208 846 1291 906 H.
1320 836 1471 896 praef.
1498 824 1665 884 hiemit
1692 818 1733 878 in
1762 812 2037 872 antwoten

807 953 1041 1013 Verdeukt
1068 935 1221 995 Lede.

793 1131 933 1191 Aall
1021 1119 1092 1179 aus
1163 1113 1197 1173 en
1251 1107 1357 1167 nen
1374 1102 1496 1162 Hren
1533 1096 1761 1156 bersandter
1778 1092 1989 1152 Stoedur

790 1214 970 1274 habindt
997 1205 1177 1265 dieselben
1203 1195 1423 1255 suersechen
1435 1188 1630 1248 gehabt,
1655 1183 1708 1243 wo
1746 1179 1811 1239 daß
1837 1175 1991 1235 Susane

835 1290 959 1350 Favre
1005 1282 1094 1342 von
1140 1276 1322 1336 Masean
1377 1270 1514 1330 Olber
1570 1265 1605 1325 so
1627 1258 1729 1318 wohl
1775 1246 1831 1306 der

822 1369 906 1429 Ehe,
929 1363 1038 1423 undt
1050 1357 1386 1417 schwängerung
1435 1352 1579 1412 halb,
1591 1350 1614 1410 so
1650 1347 1771 1407 Endts
1806 1339 1988 1399 Abb.

818 1463 897 1523 oder
914 1457 1121 1517 anfenget
1154 1453 1201 1513 96
1266 1448 1441 1508 besthein
1521 1438 1712 1498 beschefen
1728 1434 1793 1494 sen
1808 1428 1905 1488 soll

805 1555 997 1615 beklage
1049 1549 1253 1609 Langues
1291 1540 1483 1600 Dafour
1521 1532 1624 1592 Son
1662 1522 1994 1582 DompeMartin

805 1648 969 1708 welcher
998 1646 1080 1706 aber
1122 1641 1219 1701 Ihra
1273 1635 1357 1695 daß
1399 1627 1550 1687 Eint-
1564 1619 1688 1679 undt
1701 1613 1895 1673 anderen

805 1736 841 1796 so
878 1739 975 1799 wohl
1011 1737 1107 1797 vor,
1131 1734 1216 1794 Alß
1253 1729 1337 1789 nach
1374 1723 1435 1783 der
1459 1716 1628 1776 geißt
1664 1706 1810 1766 welche
1846 1699 1907 1759 den

808 1831 873 1891 25.
885 1834 1003 1894 July
1043 1832 1133 1892 auff
1173 1826 1342 1886 Jacobi
1368 1819 1512 1879 lestin
1551 1806 1850 1866 vnderfahren,
1864 1799 1982 1859 ob¬

795 1924 905 1984 wohln
937 1920 1167 1980 Sieunder
1212 1911 1517 1971 gnugsamer
1562 1899 1912 1959 Examination

819 2012 939 2072 auff
965 2009 1073 2069 ihme
1109 2006 1218 2066 allß
1278 2000 1485 2060 Vatter
1521 1995 1617 2055 Ihre
1643 1986 1884 2046 zurtelt

800 2096 996 2156 gebohren
1020 2091 1193 2151 Kindes
1239 2087 1470 2147 verharret
1574 2080 1875 2140 gäntzlichen

810 2181 846 2241 im
882 2180 1027 2240 abet
1051 2179 1149 2239 ist.
1185 2176 1294 2236 Wie
1306 2174 1392 2234 nun
1440 2172 1501 2232 die
1537 2170 1683 2230 herbst
1707 2168 1828 2228 ferin
1852 2167 1926 2227 Ein

799 2267 1015 2327 sträffen,
1031 2266 1117 2326 alß
1162 2264 1321 2324 habenine
1335 2263 1452 2323 gnädigen
1466 2263 1597 2323 Herren
1611 2261 1931 2321 dißgeschäfft

810 2362 939 2422 bißen
971 2359 1024 2419 ess
1079 2353 1457 2413 nechtkünfftig
1489 2348 1758 2408 verschoben,
1791 2348 1855 2408 da

796 2446 999 2506 Indeßen
1030 2444 1094 2504 Sie
1125 2444 1189 2504 die
1220 2444 1423 2504 anstalt
1472 2444 1706 2504 verfurgen
1739 2438 1958 2498 verdinde

2108 1188 2200 1248 Priva
2246 1178 2348 1238 Noel

2093 1285 2221 1345 Savaeri
2248 1276 2318 1336 Jeun
2346 1270 2388 1330 on

2092 1394 2267 1454 Panchand
2291 1386 2397 1446 Mari¬

2221 1442 2349 1502 Adtt

2085 2168 2225 2228 Rucht.
2247 2166 2375 2226 Sammel

2074 2267 2215 2327 Schweyr
2244 2259 2414 2319 Sisamne,

2087 2489 2260 2549 Sunautor
2289 2488 2367 2548 danu

3565 236 3641 296 25

2435 325 2506 385 daß
2534 326 2621 386 beyt
2650 328 2751 388 durch
2765 328 2822 388 Ihr
2866 331 3010 391 Pfferh
3053 334 3095 394 im
3126 337 3383 397 Purgationes
3397 336 3484 396 Erit
3498 335 3585 395 undt
3614 332 3671 392 der

2412 418 2607 478 wissigkeit
2634 416 2803 476 deßselben
2816 418 2921 478 wohl
2959 418 3051 478 undt
3064 421 3273 481 gründtlich
3299 417 3572 477 underichtet

2431 497 2505 557 nach
2525 497 2600 557 vort
2631 497 2716 557 auff
2737 498 2831 558 Einen
2853 499 2948 559 Ihnen
2958 500 3043 560 auff
3064 502 3170 562 obige
3212 502 3286 562 heit
3307 500 3349 560 Ihn
3401 495 3634 555 ansetzenden

2426 589 2492 649 tog
2518 586 2600 646 mit
2626 586 2813 646 nötiges
2866 587 3000 647 beicht
3027 587 3055 647 so
3081 587 3215 647 whl.
3242 587 3321 647 Vher
3348 579 3642 639 Empfangen

2411 682 2544 742 Eydes
2573 674 2884 734 Initrution,
2913 675 3002 735 alß
3046 677 3239 737 habenden
3253 675 3490 735 Lümbdos
3519 661 3652 721 allhar

2407 774 2581 834 gehalten
2613 760 2692 820 endn
2709 749 2916 809 sollindt.

2445 941 2836 1001 Vatterlingen
3001 922 3121 982 Uber
3135 918 3182 978 ide
3196 913 3316 973 gnädigen
3331 906 3451 966 Hrrern
3466 898 3527 958 van
3542 891 3601 951 der

2405 1022 2607 1082 Uhriminaln
2630 1012 2749 1072 Canter
2773 1000 3000 1060 eingesendte
3023 990 3201 1050 Procedud
3236 979 3487 1039 betreffendt
3510 973 3581 1033 den

2411 1096 2508 1156 Noel
2537 1087 2654 1147 Poiva
2702 1079 2751 1139 de
2789 1071 2984 1131 sontaine
3032 1064 3129 1124 pres
3167 1060 3206 1120 de
3236 1057 3322 1117 tion
3371 1053 3478 1113 sonst
3516 1048 3671 1108 Lionois

2424 1158 2586 1218 genant
2616 1149 2698 1209 fang
2718 1144 2880 1204 schneider
2921 1138 3094 1198 Besell,
3114 1134 3257 1194 welcher
3297 1129 3379 1189 von
3399 1124 3531 1184 seinem

2432 1235 2585 1295 Meister
2620 1229 2715 1289 Jean
2773 1223 2891 1283 Lonis
2914 1219 3055 1279 Savari,
3079 1215 3173 1275 Ihren
3208 1208 3503 1268 verbürgerten
3537 1196 3704 1256 bekla¬

2426 1310 2606 1370 getleide
2658 1301 2732 1361 mit
2753 1299 2828 1359 nur
2849 1297 2902 1357 sein
2933 1296 3081 1356 fracto
3114 1295 3271 1355 Marie
3304 1293 3451 1353 Rudith
3483 1288 3684 1348 Panchaud

2427 1392 2490 1452 von
2522 1384 2735 1444 Lausane,
2757 1378 2918 1438 allwil
2949 1376 2991 1436 er
3034 1374 3088 1434 bey
3130 1372 3216 1432 Ihme
3237 1372 3269 1432 in
3312 1369 3514 1429 diensten

2406 1469 2626 1529 gestanden
2693 1455 2940 1515 Subomirt
2953 1451 2995 1511 zu
3022 1450 3159 1510 haben,
3186 1446 3365 1506 sondern
3392 1441 3473 1501 auch
3502 1433 3719 1493 heimblich

2425 1543 2505 1603 alle
2517 1542 2599 1602 seine
2634 1540 2820 1600 Offecten
2844 1536 3136 1596 eingezfart,
3147 1532 3264 1592 undt
3287 1530 3473 1590 darmit
3496 1526 3567 1586 sich

2415 1630 2696 1690 fortbegeben
2708 1620 2842 1680 wollen
2951 1615 3085 1675 wolend
3111 1615 3171 1675 ein
3183 1615 3281 1675 gnädigen
3294 1615 3404 1675 Herren
3416 1615 3526 1675 Inen

2434 1706 2704 1766 auffgefragen
2730 1698 2808 1758 habe
2872 1695 3077 1755 allsetige
3117 1696 3271 1756 haubt
3309 1699 3567 1759 Pfartheye

2413 1808 2490 1868 Von
2556 1795 2751 1855 Montag
2776 1789 2866 1849 über
2892 1787 2997 1847 acht
3009 1786 3088 1846 tag
3114 1786 3178 1846 sein
3217 1786 3321 1846 vndt
3347 1786 3399 1846 der
3424 1784 3477 1844 22
3503 1783 3567 1843 diß

2415 1887 2480 1947 den
2512 1882 2640 1942 Pava
2705 1875 2801 1935 aber
2833 1871 3107 1931 gefänglich
3140 1870 3430 1930 wordieselben
3446 1874 3671 1934 zuhalten

3209 1977 3334 2037 sagt.

2412 2064 2599 2124 Samuel
2641 2056 2814 2116 Rucht,
2830 2054 2915 2114 Bon
2957 2053 3101 2113 Buren
3146 2053 3389 2113 Bringkan
3462 2056 3677 2116 Susanna

2422 2148 2598 2208 Schwyer
2623 2140 2725 2200 von
2763 2137 3043 2197 Neüwenfgg
3081 2139 3170 2199 habe
3207 2140 3309 2200 ihme
3334 2140 3411 2200 vor
3436 2138 3588 2198 Ethwen

2415 2234 2551 2294 hrrn
2593 2229 2813 2289 Monaten
2867 2227 3046 2287 gesagt,
3073 2227 3156 2287 wan
3197 2225 3238 2285 er
3265 2225 3308 2285 sie
3335 2223 3554 2283 schwanger

2400 2321 2520 2381 leibe
2550 2320 2752 2380 Ehelichen
2772 2320 2932 2380 wollten
2972 2319 3103 2379 wüße
3133 2318 3182 2378 sie
3212 2317 3333 2377 Einen
3353 2315 3494 2375 herrn,
3514 2312 3583 2372 der

2398 2414 2488 2474 ihro
2529 2410 2607 2470 (100
2646 2407 2789 2467 thaler
2829 2405 2907 2465 gebe
2960 2404 3090 2464 wirde
3156 2403 3299 2463 lesen
3325 2400 3560 2460 dienstag
3585 2395 3664 2455 seye

2411 2504 2489 2564 der
2523 2494 2680 2554 daniel
2726 2486 3007 2546 dunautero
3042 2485 3087 2545 zu
3142 2485 3211 2545 Ihm
3289 2482 3458 2542 kommen,
3480 2477 3604 2537 undt

2410 2579 2523 2639 habe
2560 2572 2687 2632 Ihme
2725 2569 2889 2629 gesagt,
2913 2569 2965 2629 Er
2989 2569 3078 2629 solle
3115 2569 3291 2629 Eilendes
3318 2566 3455 2626 allhar
3494 2561 3619 2621 kommen
