4032 3024
559 217 700 277 267.

862 307 934 367 Ihr
948 302 1036 362 hor
1065 294 1181 354 deßen
1210 285 1310 345 Nohn
1339 278 1398 338 die
1412 271 1557 331 schreyer
1586 265 1919 325 gesechwängeret,
1933 272 2050 332 haben

855 392 945 452 Ihme
967 380 1135 440 geschikt,
1157 370 1203 430 Er
1236 363 1326 423 wolle
1372 352 1484 412 Ihme
1518 345 1574 405 Ein
1596 340 1731 400 sedel
1764 337 1933 397 geben,
1957 337 2023 397 und

859 472 937 532 wan
962 469 1003 529 so
1028 465 1080 525 die
1118 457 1276 517 Echweged
1302 445 1445 505 werden
1458 432 1719 492 gethrlichet
1770 424 1900 484 haben

871 553 981 613 werde
996 549 1037 609 Er
1079 541 1204 601 Ihme
1245 530 1454 590 hunderl.
1468 519 1607 579 thaher
1634 515 1801 575 geben,
1828 516 2022 576 worauff

850 639 883 699 Er
916 630 1170 690 geantwortet,
1192 621 1237 681 Er
1259 616 1347 676 seye
1392 607 1579 667 zufeiden
1612 602 1657 662 sie
1690 601 1945 661 zuEhrlichen

854 721 972 781 allein
997 713 1023 773 Er
1062 706 1232 766 begehre,
1258 704 1336 764 daß
1388 703 1492 763 Ihme
1531 702 1597 762 die
1622 701 1688 761 200
1727 698 1778 758 hl
1857 691 1949 751 Woa

840 803 1076 863 beheüchung
1111 793 1170 853 der
1206 790 1276 850 Ehe
1313 784 1549 844 Entrichtet
1584 778 1786 838 werdind,
1809 773 1891 833 daß
1928 769 1963 829 Er

842 895 901 955 sie
918 890 962 950 in
992 886 1082 946 hat
1114 878 1263 938 Purcsen
1310 872 1491 932 koneM
1550 869 1655 929 ndig
1670 869 1777 929 Hrrn
1792 869 2032 929 Pnesident

829 975 1083 1035 verdatlt,
1112 967 1191 1027 daß
1232 964 1434 1024 allseitige
1473 962 1702 1022 Pfartheye
1743 960 1837 1020 Ihme
1877 955 2026 1015 lest¬

855 1056 1077 1116 verstrchen
1138 1052 1404 1112 Mittwochen
1435 1054 1552 1114 obigen
1567 1054 1776 1114 Merkauf
1805 1048 2012 1108 gleichfahlt

846 1140 950 1200 allso
964 1138 1158 1198 fosehlt.

847 1262 1011 1322 Pamicl
1062 1259 1409 1319 dumanterosagt
1425 1259 1575 1319 Ersege
1607 1260 1822 1320 Vergang,
1857 1261 2056 1321 Montag¬

835 1342 939 1402 sume
951 1344 1028 1404 Hr.
1055 1349 1287 1409 Schultheiß
1326 1352 1493 1412 Knecht
1545 1351 1609 1411 von
1649 1345 1920 1405 Burgdorff

840 1423 987 1483 gangen
1040 1426 1161 1486 Ihme
1200 1427 1547 1487 groffenbahret,
1574 1426 1653 1486 daß
1708 1426 1814 1486 seine
1840 1422 2029 1482 gschweyn

517 1452 628 1512 Recht
665 1455 703 1515 .
720 1455 816 1515 Son¬

831 1510 919 1570 Von
946 1507 1072 1567 seinen
1122 1507 1224 1567 Sohn
1249 1507 1489 1567 sachwanger
1528 1508 1642 1568 seye,
1655 1507 1731 1567 und
1769 1501 1908 1561 wüße

840 1580 881 1640 Eo
902 1583 1016 1643 hiner
1057 1587 1192 1647 dersie
1224 1589 1400 1649 ehrlichen
1420 1589 1545 1649 wlüde
1596 1589 1690 1649 wan
1721 1589 1815 1649 man
1845 1588 1939 1648 Ihme

848 1664 985 1724 etwas
1026 1669 1136 1729 gelts
1177 1672 1301 1732 geben
1328 1676 1465 1736 thäte,
1508 1679 1686 1739 darauff
1700 1681 1864 1741 selbiger
1891 1678 1988 1738 Jhae

833 1746 1161 1806 geantwortet,
1183 1750 1229 1810 Er
1251 1753 1364 1813 wollen
1386 1757 1499 1817 einem
1545 1759 1658 1819 sedel
1703 1756 1918 1816 gebeundt

839 1823 1044 1883 versprechen
1082 1825 1166 1885 nach
1191 1828 1263 1888 der
1287 1832 1447 1892 hochzeit
1483 1835 1568 1895 thür
1604 1835 1690 1895 sum
1738 1833 1823 1893 gelt
1847 1826 2005 1886 zugeben

832 1909 1001 1969 worauff
1028 1912 1080 1972 Er
1107 1917 1342 1977 dunauber
1382 1924 1500 1984 ihme
1525 1925 1709 1985 einmahl
1734 1921 1879 1981 etwas
1918 1910 2037 1970 War¬

837 1987 898 2047 das
928 1993 1084 2053 hochzeit
1114 1994 1317 2054 gefordert

505 2166 644 2226 Scheyge
678 2153 820 2213 Hacra
854 2149 1010 2209 Daobaa
1064 2151 1237 2211 Schreyer
1257 2156 1325 2216 deß
1379 2164 1606 2224 dinaubers
1640 2169 1850 2229 Ehestauhs
1867 2168 1972 2228 sagt

829 2212 887 2272 hin
917 2217 1133 2277 gewüßes
1164 2225 1232 2285 Lis
1281 2232 1360 2292 von
1409 2241 1665 2301 Hoffingen,
1695 2247 1724 2307 so
1753 2248 1813 2308 sich
1832 2249 1872 2309 an

836 2296 905 2356 der
928 2296 1104 2356 Matten
1162 2303 1256 2363 bey
1290 2311 1407 2371 Mstr
1442 2320 1581 2380 haller
1605 2326 1861 2386 aufhalte,
1884 2320 1978 2380 habe

827 2368 1076 2428 Ihrschwester
1113 2380 1315 2440 verfürt
1350 2387 1434 2447 und
1482 2394 1566 2454 mit
1589 2400 1673 2460 Herren
1685 2404 1816 2464 kneht
1852 2408 1863 2468 H

506 2413 682 2473 Kachtl.
694 2420 809 2480 Albecht

819 2446 1045 2506 Schultheiß
1087 2449 1158 2509 von
1214 2455 1440 2515 Burgdorff
1467 2466 1653 2526 Jungern
1667 2477 1750 2537 sohn
1806 2488 1850 2548 in

3609 221 3658 281 27

2438 298 2736 358 Bekantschafft
2759 296 2931 356 gebracht,
2943 296 3012 356 von
3034 296 3092 356 dem
3149 296 3195 356 sie
3229 296 3321 356 auch
3344 295 3563 355 schwanger
3585 292 3724 352 worden,

2449 381 2571 441 dahero
2582 379 2627 439 sie
2650 379 2773 439 solches
2806 379 2863 439 dem
2918 379 2985 439 Hr
3007 379 3220 439 Schultheß
3266 373 3511 433 offenbahren
3533 361 3680 421 wollen,

2453 460 2612 520 welches
2634 456 2725 516 Ihre
2736 454 2907 514 schurster
2929 454 3009 514 aber
3031 453 3145 513 nicht
3168 452 3281 512 haben
3303 448 3473 508 wollen,
3497 440 3621 500 undt

2430 542 2642 602 Verdenket
2654 537 2704 597 sie
2729 536 2816 596 habe
2842 535 2892 595 Ihr
2916 533 3253 593 schwangeschafft
3292 524 3391 584 ihme
3404 513 3566 573 selbsten

2432 621 2570 681 kundt
2604 617 2790 677 gemacht,
2801 616 2951 676 zuvor
2985 613 3078 673 habe
3112 610 3160 670 sie
3205 605 3332 665 einem
3402 590 3575 650 antwei

2425 689 2632 749 anselben
2675 692 2851 752 geschikt
2883 690 3014 750 deßen
3079 682 3287 742 Ehefrauw
3330 670 3451 730 Berma
3494 658 3603 718 heiße

2445 769 2541 829 undt
2562 767 2594 827 im
2648 767 2818 827 shalben
2850 766 2990 826 Keller
3021 765 3085 825 dem
3128 757 3428 817 außschenke,
3449 740 3619 800 worauff

2434 847 2504 907 der
2534 844 2605 904 H.
2625 841 2785 901 Knecht
2805 839 2846 899 sie
2876 837 3016 897 hinder
3056 834 3147 894 biel
3197 829 3278 889 mit
3307 820 3519 880 schlößlin
3559 806 3598 866 zu

2418 926 2532 986 Mett
2566 919 2739 979 geführt,
2750 916 2853 976 undt
2876 915 3001 975 dorten
3037 908 3357 968 Wrotischgeltet
3391 894 3494 954 wegen
3517 879 3667 939 deß¬

2415 1009 2581 1069 Märks
2611 1000 2686 1060 und
2717 996 2777 1056 deß
2838 990 3049 1050 heibrahte
3079 984 3260 1044 züsche
3291 977 3381 1037 Phr
3412 967 3623 1027 schweßen

2434 1084 2531 1144 undt
2560 1080 2657 1140 dene
2671 1076 2840 1136 Rrchten
2854 1075 2951 1135 sagt
2964 1072 3035 1132 sie
3049 1072 3104 1132 hin
3134 1067 3287 1127 gleiches
3315 1063 3370 1123 kür
3400 1058 3455 1118 Ihr
3483 1045 3664 1105 Ehrmann

2411 1218 2629 1278 Risanna
2679 1201 2815 1261 Schage
2831 1195 2931 1255 sagt
2950 1191 3033 1251 auch
3067 1187 3117 1247 sie
3152 1183 3302 1243 befinde
3321 1176 3404 1236 sich
3421 1165 3639 1225 schwanger

2425 1301 2522 1361 Von
2546 1289 2666 1349 obigem
2715 1279 2786 1339 H.
2812 1274 2968 1334 Knecht,
2991 1270 3076 1330 daß
3124 1267 3184 1327 Lis
3234 1263 3317 1323 seye
3354 1255 3510 1315 ursach,
3522 1245 3595 1305 daß

2419 1370 2486 1430 Sie
2508 1364 2575 1424 Ihe
2621 1356 2721 1416 bent
2767 1352 2812 1412 Er
2846 1350 2925 1410 habe
2959 1348 2992 1408 sie
3037 1348 3081 1408 zu
3127 1342 3386 1402 verschidenen
3397 1334 3554 1394 mahlen

2422 1445 2527 1505 beym
2564 1433 2789 1493 Schitzundt
2825 1426 2967 1486 anden
3004 1424 3122 1484 Orthe
3170 1418 3419 1478 beschlaffen
3503 1404 3573 1464 alß

2417 1522 2474 1582 Sie
2486 1514 2731 1574 Einmonat
2754 1507 2953 1567 schwanger
2999 1502 3210 1562 gewesen,
3256 1496 3361 1556 habe
3384 1492 3430 1552 sie
3478 1485 3595 1545 Er.

2408 1600 2507 1660 Ihme
2534 1595 2734 1655 geschiben
2797 1591 2896 1651 undt
2922 1587 2984 1647 den
3036 1585 3159 1645 bieff
3186 1580 3285 1640 durf
3311 1576 3398 1636 hern
3410 1571 3661 1631 haubtmann

2426 1681 2701 1741 Bschekimags
2728 1670 2936 1730 geschickt,
2950 1665 3130 1725 worauff
3144 1663 3184 1723 Er
3213 1661 3268 1721 sie
3295 1659 3392 1719 auff
3419 1654 3489 1714 das
3516 1650 3656 1710 Insel¬

2087 1798 2244 1858 Schlriff
2272 1781 2386 1841 Sammel
2415 1769 2571 1829 kommen
2600 1760 2785 1820 laßen,
2813 1756 2914 1816 undt
2928 1754 3000 1814 Iha
3028 1753 3070 1813 in
3099 1750 3342 1810 gegenwert
3356 1747 3427 1807 H.
3441 1744 3598 1804 Bohlers

2412 1855 2568 1915 gesagt,
2597 1847 2639 1907 Er
2667 1843 2767 1903 wolle
2781 1840 2824 1900 sie
2852 1838 3037 1898 versorgen
3109 1837 3193 1897 und
3222 1834 3322 1894 solle
3350 1834 3378 1894 zu
3421 1829 3591 1889 rachten

2417 1939 2528 1999 sinen
2595 1925 2851 1985 anständigen
2908 1918 3064 1978 Mann
3120 1914 3399 1974 zufinden,
3421 1909 3579 1969 welchem

2420 2017 2472 2077 Er
2487 2015 2540 2075 ein
2581 2007 2807 2067 stubgelt
2833 2001 2914 2061 von
2955 1996 3181 2056 wolthaler
3221 1990 3329 2050 gebe
3369 1987 3475 2047 wolle
3516 1981 3689 2041 horauff

2426 2106 2465 2166 Eo
2478 2101 2531 2161 sie
2544 2096 2621 2156 ins
2661 2086 2987 2146 Mittschloßlin
3053 2080 3262 2140 geschikt,
3288 2076 3548 2136 Vhrschläger

2431 2185 2537 2245 Aber
2566 2179 2672 2239 haben
2701 2176 2775 2236 Iha
2822 2170 3062 2230 gescheiben,
3092 2166 3136 2226 sie
3166 2164 3271 2224 solle
3301 2161 3318 2221 z
3377 2158 3603 2218 aubkommen

2409 2272 2451 2332 Er
2478 2271 2577 2331 wolle
2607 2269 2648 2329 da
2676 2266 2761 2326 sach
2775 2260 3043 2320 anzeigen,
3071 2254 3296 2314 derowegen
3309 2252 3353 2312 sie
3380 2251 3465 2311 auch
3479 2249 3633 2309 kommen

2415 2353 2479 2413 und
2523 2350 2728 2410 Prschlager
2750 2347 2826 2407 seye
2879 2345 2955 2405 zum
3010 2342 3085 2402 Herre
3107 2340 3301 2400 Schultheß
3345 2337 3529 2397 gangen,
3540 2336 3691 2396 welchen

2412 2446 2444 2506 Er
2478 2443 2526 2503 die
2542 2440 2625 2500 sach
2659 2432 2971 2492 geoffenbahrt,
3005 2425 3069 2485 der
3104 2420 3399 2480 Etwergeltt
3431 2422 3612 2482 zugeben
