4032 3024
539 211 675 271 28.

532 565 773 625 Widmerlis.

529 1137 598 1197 Jest
621 1132 689 1192 bab

522 1208 653 1268 Gauber
670 1202 811 1262 Olympe

528 1280 655 1340 Jahol.
668 1279 782 1339 Pfeter

746 1465 846 1525 N.

507 1550 632 1610 ballen
648 1551 804 1611 Barbara

740 1813 751 1873 R

494 1895 665 1955 Amchtinger
679 1896 788 1956 barban

494 1960 611 2020 Sebler
632 1964 814 2024 Rudolff.

867 258 1110 318 versprochen
1138 247 1224 307 undt
1238 236 1483 296 anfobotten
1539 227 1597 287 biß
1625 226 1669 286 zu
1697 229 1998 289 Wollzeüchung

868 347 926 407 der
940 338 1013 398 Ehe
1041 330 1128 390 eine
1144 322 1289 382 schafft
1318 316 1550 376 zugeben.

836 487 937 547 Lison
974 482 1126 542 Widmer
1151 478 1239 538 Voi
1278 472 1506 532 Hoffingen,
1518 468 1607 528 sagt
1631 466 1683 526 die
1707 466 1872 526 Schweyer
1896 466 1985 526 seye

849 562 913 622 Ihra
945 563 1071 623 allezeit
1093 559 1348 619 nachgezogen
1410 548 1507 608 undt
1528 544 1613 604 habe
1654 541 1824 601 michte
1867 542 2006 602 der¬

866 652 997 712 gleichen
1020 648 1151 708 Veribt
1331 641 1403 701 Mein
1414 638 1510 698 gnädigen
1522 637 1617 697 Herren
1629 635 1748 695 eheit,
1760 635 1832 695 daß
1891 636 1951 696 der

838 742 899 802 H.
923 732 1035 792 Knecht
1061 727 1147 787 auff
1161 722 1321 782 Montag
1334 722 1421 782 solle
1445 722 1569 782 Eetirt
1608 725 1732 785 werden
1831 728 1904 788 die

861 817 988 877 andern
1008 809 1083 869 aber
1104 804 1274 864 drunden
1315 803 1602 863 verbleiben,
1633 805 1707 865 die
1739 805 1940 865 Widmer

847 891 953 951 dann
974 884 1049 944 solle
1070 880 1123 940 sich
1154 878 1506 938 zieuertmonats
1537 881 1633 941 frist
1643 881 1676 941 in
1718 880 1823 940 Einen
1856 875 2016 935 Ehrlichen

860 970 953 1030 dinß
994 962 1126 1022 bgeben
1194 962 1288 1022 oder
1328 965 1449 1025 durch
1488 967 1555 1027 die
1581 967 1809 1027 Pfrofosen
1849 959 1956 1019 fort

855 1049 998 1109 geführt
1021 1043 1201 1103 werden:
1236 1045 1297 1105 die
1344 1053 1654 1113 Widmersagt
1678 1057 1760 1117 auch
1786 1055 1833 1115 ss
1856 1051 1940 1111 seye

849 1134 879 1194 Ei
930 1126 1023 1186 Babi
1054 1125 1125 1185 jost
1136 1125 1229 1185 undt
1249 1129 1393 1189 andere
1414 1135 1578 1195 Bauren
1588 1138 1958 1198 Mettchsambt

846 1215 901 1275 der
928 1210 1095 1270 Gubern
1110 1210 1179 1270 bey
1220 1213 1345 1273 ihete
1374 1219 1497 1279 Jahrl
1540 1225 1638 1285 neben
1665 1228 1734 1288 dem
1804 1227 2025 1287 Balloshals

858 1305 949 1365 Cogl.
964 1301 1086 1361 sollen
1118 1303 1240 1363 Eirt
1284 1307 1468 1367 wenden.

847 1479 1024 1539 Baobara
1061 1480 1200 1540 Büllen
1264 1485 1352 1545 Von
1391 1489 1580 1549 Kertzetz
1592 1492 1656 1552 ist
1681 1492 1795 1552 wegen
1808 1487 2022 1547 verdächtige

856 1557 1198 1617 schwangerschafft
1235 1564 1269 1624 zu
1318 1570 1400 1630 Rek
1435 1577 1649 1637 gestoßen,
1673 1579 1791 1639 welche
1814 1575 1874 1635 Sie
1885 1569 1980 1629 aber

828 1646 1005 1706 laugnet
1057 1652 1203 1712 wardt
1223 1658 1380 1718 erkeit,
1401 1663 1473 1723 daß
1516 1666 1557 1726 sie
1578 1666 1672 1726 solle
1693 1665 1870 1725 Visitist
1901 1656 1994 1716 werden

824 1711 926 1771 fahles
937 1711 972 1771 sie
984 1711 1052 1771 aber
1063 1714 1270 1774 mitschwange
1292 1721 1372 1781 wär,
1394 1724 1452 1784 soll
1475 1726 1509 1786 sie
1520 1727 1680 1787 alsolbald
1704 1725 1829 1785 erlaßen
1853 1717 1989 1777 werden.

831 1792 994 1852 Barbara
1045 1797 1285 1857 Ambsinger
1323 1803 1398 1863 von
1436 1811 1688 1871 Liechtfohl
1725 1815 1826 1875 sagt
1852 1814 2015 1874 Rudblsf

820 1878 950 1938 Sebler
973 1876 1066 1936 von
1103 1878 1232 1938 Koberg
1256 1884 1337 1944 seye
1385 1890 1515 1950 Vatter
1550 1897 1633 1957 Ihre
1656 1898 1821 1958 Kindtes,
1844 1892 1985 1952 worüber

824 1952 985 2012 MHHe
997 1955 1121 2015 ebet,
1145 1959 1294 2019 weilen
1319 1964 1406 2024 von
1443 1969 1591 2029 seithen
1630 1974 1741 2034 Besel
1778 1976 1990 2036 ohnEhe¬

822 2030 904 2090 liche
944 2030 1066 2090 Kinde
1088 2034 1190 2094 nicht
1220 2043 1476 2103 angenommen
1506 2050 1720 2110 werden,
1742 2050 1834 2110 auch
1874 2045 1956 2105 bein

827 2103 1000 2163 heimath
1039 2108 1138 2168 Recht
1151 2116 1338 2176 bekonmen,
1362 2125 1474 2185 wollen
1499 2130 1562 2190 min
1574 2133 1674 2193 gnädigen
1686 2134 1773 2194 Herren
1798 2132 1849 2192 sich
1873 2125 1997 2185 dieser

821 2174 963 2234 Kindes
998 2179 1081 2239 auch
1093 2185 1164 2245 nit
1199 2201 1423 2261 beladen,
1435 2216 1577 2276 sondern
1600 2222 1824 2282 Ihreselbes
1859 2212 1942 2272 per

804 2252 1066 2312 Repressalin
1099 2271 1341 2331 überlaßen,
1362 2286 1449 2346 und
1483 2295 1548 2355 Sie
1581 2299 1668 2359 Rud
1691 2300 1811 2360 statt
1844 2287 1986 2347 hinaus

834 2330 878 2390 die
900 2331 968 2391 Ihra
1001 2339 1192 2399 verbotten
1214 2354 1337 2414 worden
1370 2367 1493 2427 führen
1515 2378 1717 2438 laßen.
1750 2379 1796 2439 den
1807 2376 1873 2436 18t
1897 2368 1974 2428 Xbri

827 2375 922 2435 balrd
944 2375 1008 2435 guf
1029 2377 1083 2437 ihr
1115 2390 1350 2450 abermahlige
1382 2414 1574 2474 erscheinen
1607 2426 1649 2486 ein
1660 2430 1798 2490 gleichß
1830 2429 1958 2489 erkent

815 2434 837 2494 4
881 2432 924 2492 so
946 2436 1185 2496 eingesetzt
1208 2447 1328 2507 worden

2092 571 2280 631 Waltherd
2303 568 2386 628 Catr¬

2077 681 2194 741 Schoy
2224 662 2372 722 bentz¬

2081 2323 2220 2383 Warband
2248 2323 2356 2383 Llande

2142 2386 2297 2446 Victot.

3609 221 3655 281 29

2417 331 2530 391 durch
2567 326 2618 386 Ein
2643 323 2795 383 Scheiben
2807 322 2869 382 von
2908 322 3146 382 Radelfingen
3159 323 3234 383 zud
3272 322 3335 382 min
3348 321 3448 381 gnädigen
3461 316 3561 376 Herren
3574 309 3712 369 brichtet

2423 413 2483 473 wie
2514 407 2584 467 daß
2625 400 2736 460 Cathi
2775 397 3008 457 Walthert
3048 395 3188 455 Pfeter
3220 392 3471 452 Waltheits
3512 386 3582 446 daß

2411 482 2661 542 Lachenmans
2683 473 2722 533 im
2762 467 2983 527 Schlößlin
3033 464 3074 524 zu
3114 462 3375 522 Dettlingen
3435 456 3595 516 sonsten

2419 568 2489 628 Von
2535 559 2686 619 Wohlen
2732 550 2871 610 tochter
2906 544 2964 604 der
2987 538 3357 598 schwangerschafft
3416 532 3579 592 halb¬

2401 650 2606 710 beklagen
2648 644 2772 704 Bentz
2813 638 2937 698 Schori
2969 632 3050 692 von
3113 625 3196 685 dam
3237 617 3401 677 pfwweil
3444 604 3639 664 ambts

2390 733 2661 793 Bötiißferg
2698 720 2887 780 Kilchhor
2982 711 3195 771 Seedorff,
3230 707 3301 767 der
3325 705 3408 765 aber
3431 700 3514 760 Ihra
3549 696 3656 756 dieser

2414 823 2610 883 anklegt
2636 808 2833 868 gäntzlich
2845 800 2884 860 in
2912 796 3030 856 abret
3068 790 3238 850 gewesen
3330 784 3422 844 mit
3448 777 3671 837 bedräten,

2407 919 2482 979 daß
2508 911 2546 971 Er
2571 903 2647 963 mit
2685 892 2799 952 diesen
2825 883 3016 943 Mentsch
3041 876 3104 936 gad
3130 871 3269 931 nichts
3307 862 3485 922 zuthun

2399 995 2585 1055 gehabt,
2598 985 2703 1045 wede
2729 976 2835 1036 viel
2861 969 2953 1029 noch
2979 960 3138 1020 kenig,
3151 954 3205 1014 da
3257 944 3442 1004 hingegen
3468 938 3534 998 Sie
3560 934 3679 994 gesagt

2400 1086 2473 1146 daß
2509 1080 2546 1140 Er
2558 1075 2644 1135 mit
2657 1069 2729 1129 Ihe
2780 1062 2865 1122 nit
2877 1059 2963 1119 nur
3000 1054 3048 1114 am
3109 1048 3293 1108 Knechten
3331 1042 3392 1102 tag
3428 1040 3465 1100 so
3489 1036 3551 1096 der
3576 1033 3661 1093 Erste

2406 1163 2672 1223 monathnof
2704 1146 2939 1206 Wienachten
2950 1139 3003 1199 ist
3025 1135 3110 1195 mit
3141 1132 3216 1192 Ihre
3259 1129 3302 1189 im
3355 1122 3601 1182 Schlößlin

2394 1264 2420 1324 Hu
2471 1246 2704 1306 ettlingen
2729 1227 3026 1287 gemeinschafft
3039 1218 3194 1278 gehabt,
3206 1212 3374 1272 sondern
3401 1205 3478 1265 mit
3503 1199 3594 1259 Ihro

2400 1337 2584 1397 nachtert
2609 1325 2701 1385 mit
2727 1320 2818 1380 Ihre
2857 1315 2897 1375 zu
2936 1310 3132 1370 verschiden
3159 1302 3302 1362 mahlen
3341 1295 3368 1355 zu
3394 1289 3511 1349 thun

2402 1427 2549 1487 gehabt
2573 1417 2684 1477 habe,
2708 1409 2869 1469 welcher
2893 1403 2979 1463 aber
3004 1397 3163 1457 Solcher
3175 1389 3372 1449 gäntzlich
3408 1375 3630 1435 vernenet

2394 1511 2602 1571 deßtegn
2614 1498 2660 1558 sie
2696 1493 2754 1553 die
2777 1487 3021 1547 anordnung
3056 1481 3230 1541 gethan,
3253 1472 3370 1532 selbe
3404 1463 3440 1523 in
3475 1452 3556 1512 der

2398 1591 2550 1651 Geißt
2575 1572 2815 1632 Examinen
2853 1564 3132 1624 zulaßen.

2599 1738 2866 1798 Montags
2916 1729 2968 1789 den
2992 1723 3081 1783 15.
3106 1718 3220 1778 7br.
3247 1714 3425 1774 1732.

2865 1819 3060 1879 Praeses

2638 1913 2855 1973 Mengdge
2905 1905 3009 1965 rener
3034 1903 3110 1963 von
3148 1903 3377 1963 Mühlinen

2822 1976 3093 2036 offsessores

2399 2116 2705 2176 Mengderer
2785 2104 2878 2164 ec.

2412 2273 2568 2333 Clande
2590 2270 2724 2330 Victor
2779 2267 3001 2327 Narbond
3024 2266 3091 2326 ein
3135 2266 3359 2326 Proselytt
3392 2264 3481 2324 auß
3537 2263 3683 2323 Bur¬

2411 2356 2534 2416 gund
2558 2350 2643 2410 hatt
2668 2347 2730 2407 sich
2754 2344 2901 2404 allhier
2938 2341 3037 2401 mit
3061 2341 3196 2401 einer
3233 2344 3380 2404 Weibs
3404 2350 3602 2410 Persohn
3614 2357 3687 2417 auch

2402 2443 2512 2503 einer
2555 2435 2831 2495 Frodelgthie
2874 2429 2915 2489 zu
2956 2426 3206 2486 Copubieren
3220 2425 3414 2485 begehrt,
3427 2428 3678 2488 darüberhi¬

2404 2526 2488 2586 aber
2516 2522 2588 2582 sich
2616 2516 2787 2576 außert
2801 2513 2930 2573 lands
2958 2512 3157 2572 zubegeben
3185 2512 3456 2572 versicheret;
3484 2512 3584 2572 Nach
3598 2512 3683 2572 deme
