4032 3024
462 1009 472 1069 I

568 229 677 289 39.

526 768 635 828 Roet
648 764 696 824 H.
708 762 768 822 Var.
781 759 854 819 Lonis

529 849 649 909 Dutril
671 842 725 902 Jf.
736 838 834 898 Louise

533 920 633 980 Gogt.
656 912 701 972 H.
723 907 756 967 ob.
767 904 869 964 heinecht.

523 989 649 1049 Füchl.
676 973 801 1033 Ehoalihe

528 1381 683 1441 Gantied
696 1373 866 1433 Franoine,

523 1452 651 1512 Varnere
680 1447 794 1507 Dean.

520 1527 661 1587 Oubuis
679 1525 833 1585 Samuel.

880 227 970 287 aber
1008 213 1072 273 Ihr
1110 198 1239 258 Geh.
1264 186 1341 246 sich
1368 178 1431 238 sie
1470 166 1779 226 sanenharigen
1804 166 1971 226 Ordnu

1172 259 1182 319 I

887 317 1041 377 vrlehen
1056 301 1209 361 laßen,
1224 283 1377 343 habend
1392 264 1575 324 selbiges
1605 255 1681 315 Vhnre
1728 257 1926 317 Marbond
1941 278 2050 338 su¬

870 400 1079 460 beytheres
1126 386 1176 446 ab
1223 376 1305 436 und
1336 365 1416 425 sich
1449 355 1560 415 forth
1576 350 1626 410 hun
1658 347 1834 407 begeben
1850 356 2029 416 gebieen

841 504 890 564 se
1015 485 1040 545 e
1116 465 1315 525 ehehe
1788 447 1813 507 b
1865 456 2015 516 132.

1378 561 1592 621 Cansby
1651 551 1806 611 Hharn

851 716 982 776 Ward
1007 714 1061 774 H.
1086 712 1165 772 Sean
1204 705 1309 765 Congs
1347 694 1505 754 Hosoet.
1518 684 1661 744 Perhl.
1674 681 1715 741 zu
1753 680 1963 740 Lchandens
1975 686 2042 746 vor¬

869 793 1026 853 hosanen
1064 784 1150 844 mit
1174 776 1297 836 Ifrl.
1321 767 1443 827 Cohyse
1492 760 1566 820 die
1602 755 1688 815 teil
1724 749 1798 809 von
1835 745 1981 805 allda,

867 877 954 937 immme
968 871 1031 931 Herr
1043 866 1145 926 Johan
1182 853 1348 913 Heinrich
1360 844 1486 904 Vogtl.
1511 837 1575 897 von
1613 832 1714 892 Geul
1766 829 1853 889 mit
1892 829 1994 889 Pfr.

865 961 1061 1021 Risabetha
1089 951 1245 1011 Fuchsle
1286 943 1385 1003 auch
1399 937 1468 997 vor
1511 932 1608 992 allla
1638 926 1792 986 kirchen
1819 920 1946 980 recht
1960 917 1987 977 zu

864 1056 1005 1116 hallten
1027 1039 1245 1099 bewilliget

834 1194 1207 1254 Schbarzenburg
1240 1180 1385 1240 Praf.
1419 1176 1516 1236 Aaus
1532 1171 1663 1231 sisele
1726 1167 1807 1227 enen
1825 1162 1988 1222 ierer

868 1280 1070 1340 dingirten
1109 1272 1121 1332 S
1159 1267 1235 1327 aben
1248 1264 1310 1324 min
1324 1261 1424 1321 gnädigen
1438 1258 1538 1318 Herrn
1565 1255 1754 1315 rsechen,
1780 1254 1855 1314 daß
1894 1254 2009 1314 der¬

865 1367 984 1427 selben,
1010 1363 1037 1423 so
1063 1360 1156 1420 bald
1196 1352 1302 1412 Ihren
1341 1346 1409 1406 der
1435 1338 1635 1398 Trancvise
1674 1333 1859 1393 Gaathies
1887 1334 1994 1394 von¬

858 1458 1001 1518 Grff
1030 1448 1290 1508 aufreithalt
1319 1441 1448 1501 hinder
1491 1436 1664 1496 Albligen
1693 1433 1780 1493 und
1808 1432 1923 1492 deren

841 1537 1213 1597 schwangerschafft
1238 1529 1376 1589 kund
1412 1525 1599 1585 worden,
1624 1523 1687 1583 sie
1711 1519 1835 1579 durch
1860 1515 1872 1575 H

838 1632 1132 1692 Predigkanten
1156 1621 1303 1681 Strauß
1352 1617 1402 1677 in
1451 1615 1573 1675 beisen
1610 1615 1634 1675 2
1708 1613 1977 1673 ChorRichtern

825 1728 1014 1788 seßthalb
1047 1720 1303 1780 examinieren
1326 1713 1470 1773 laßen,
1482 1711 1527 1771 da
1560 1708 1615 1768 sie
1650 1706 1738 1766 dann
1784 1703 1861 1763 zum
1907 1700 2017 1760 nehebe

834 1823 925 1883 ihrer
947 1816 1343 1876 schwangerschafft
1365 1810 1592 1870 ernamset
1626 1808 1705 1868 Jean
1751 1805 1908 1865 Vanies
1932 1802 1999 1862 von

811 1923 972 1983 Roll,
994 1918 1068 1978 sich
1102 1913 1316 1973 nachbarts
1348 1909 1424 1969 aber
1456 1907 1499 1967 zu
1554 1906 1811 1966 obbedeütem
1855 1906 1919 1966 Hrr

820 2016 941 2076 Pred:
964 2010 1121 2070 Strauß
1156 2008 1336 2068 begeben,
1362 2008 1445 2068 und
1469 2009 1518 2069 den
1554 2009 1795 2069 allhiesigen
1818 2006 1951 2066 Sallen
1963 2001 2010 2061 mr

831 2103 970 2163 Dabuis
993 2102 1062 2162 zum
1120 2102 1258 2162 Vatter
1281 2102 1374 2162 ihrer
1396 2104 1616 2164 tragenden
1639 2101 1767 2161 leibes
1802 2095 1940 2155 frucht

826 2185 1065 2245 ernamset,
1099 2190 1225 2250 dahero
1259 2193 1431 2253 derselbe
1476 2194 1523 2254 die
1568 2194 1729 2254 anstalt
1751 2191 2004 2251 verfüeget,

820 2274 898 2334 daß
952 2277 1005 2337 die
1033 2281 1205 2341 Gauthiaer
1246 2284 1285 2344 in
1311 2287 1405 2347 ihrer
1444 2291 1631 2351 gemißt
1644 2294 1857 2354 behötiger
1883 2296 2003 2356 wases

822 2375 1057 2435 Examiniert
1081 2378 1169 2438 berde
1256 2381 1305 2441 in
1317 2383 1417 2443 gnädigen
1429 2385 1527 2445 Herre
1541 2389 1788 2449 erhaltenen
1813 2397 1961 2457 befelch

833 2465 908 2525 aber
945 2469 1008 2529 sich
1045 2472 1120 2532 mit
1146 2477 1183 2537 zu
1220 2484 1433 2544 zeüchung
1470 2494 1620 2554 beider
1659 2500 1746 2560 Hrr
1771 2505 1972 2565 Pfarrhl.

815 2557 856 2617 zu
898 2560 1077 2620 wahleren
1104 2566 1201 2626 und
1230 2575 1395 2635 Albligen
1423 2583 1547 2643 selbst
1576 2586 1617 2646 zu
1658 2587 1728 2647 ihre
1755 2584 1976 2644 verfüegt,

2136 964 2195 1024 Ob
2240 947 2285 1007 Ic

2088 1565 2296 1625 Haquautor
2316 1562 2399 1622 damif

2068 1643 2080 1703 8
2111 1642 2215 1702 Nank.
2225 1643 2288 1703 Jot.
2299 1640 2413 1700 Breptad

2081 2260 2316 2320 Badthauß.

2073 2335 2214 2395 bättag

2075 2402 2268 2462 Bollingen

2454 251 2535 311 und
2557 250 2660 310 umb
2694 250 2775 310 ihre
2809 250 3188 310 schwängerschafft
3212 251 3497 311 nachtruhklich
3521 249 3636 309 faßt

2447 330 2616 390 fraget,
2648 328 2679 388 wo
2721 326 2764 386 sie
2806 324 2891 384 sann
2932 322 3007 382 auf
3028 320 3112 380 ihres
3133 318 3260 378 eeßten
3292 315 3440 375 anflag
3471 310 3682 370 verharret

2447 412 2530 472 und
2565 409 2625 469 den
2648 405 2778 465 Vanier
2813 397 3038 457 beklaget.
3062 388 3145 448 wen
3180 386 3203 446 in
3228 383 3298 443 Mein
3311 379 3404 439 gnädigen
3417 376 3499 436 Herre
3524 372 3582 432 mit
3607 371 3665 431 deß

2431 498 2519 558 Herrn
2530 489 2665 549 Praf:
2687 476 2888 536 gethanen
2911 461 3246 521 Verrechtungen
3268 451 3335 511 ein
3392 441 3637 501 sattsamas

2431 571 2684 631 vermuegen
2719 554 2901 614 tragen,
2924 545 2972 605 So
3009 535 3201 595 wollend
3250 524 3309 584 Sie
3345 518 3441 578 ihne
3465 511 3597 571 dhoßen

3393 557 3424 617 zu
3448 557 3606 617 sehshaffe

2438 655 2641 715 hierdurch
2664 632 3004 692 benachrichtigen
3038 615 3173 675 mithi
3208 603 3423 663 anseinen,
3445 595 3536 655 dats
3571 591 3627 651 has

2439 738 2598 798 nöthige
2641 723 2715 783 zue
2748 708 3045 768 gemißtlichen
3078 689 3343 749 Exemination
3375 676 3684 736 veranstalltet

2425 828 2455 888 dnd
2475 824 2525 884 Mine
2535 817 2616 877 gnädigen
2626 810 2706 870 Herrn
2726 805 2767 865 deß
2807 787 3178 847 heraußkommenden
3207 770 3388 830 berichtet
3419 758 3570 818 beedind
3610 749 3679 809 Item

2429 882 2476 942 an
2496 877 2554 937 Hrr
2573 862 2931 922 Pfredicaltsstrauß:
2950 848 2998 908 Sie
3009 845 3047 905 zu
3076 839 3173 899 obigen
3192 831 3270 891 Endt
3289 821 3483 881 Examiniren,

2415 947 2520 1007 soll
2573 929 2813 989 Consistorio
2855 918 2907 978 sie
2949 915 3022 975 des
3075 910 3210 970 obigen
3242 907 3472 967 berichten,
3493 907 3576 967 mit
3609 909 3693 969 ge¬

2419 1022 2584 1082 sinnen,
2607 1017 2655 1077 so
2678 1014 2725 1074 er
2762 1008 2880 1068 sorten
2915 1001 3068 1061 währe,
3091 994 3174 1054 ihne
3198 986 3434 1046 seeherklag
3471 980 3564 1040 halb
3600 977 3635 1037 hu

2411 1107 2479 1167 rnd
2501 1103 2548 1163 zu
2594 1096 2742 1156 stoßen
2776 1088 2868 1148 vnd
2902 1079 3121 1139 berichten,
3155 1070 3269 1130 gleich
3292 1065 3441 1125 wiesie
3475 1062 3509 1122 es
3555 1060 3646 1120 auch

2403 1202 2531 1262 thun
2545 1197 2688 1257 sollen,
2716 1187 2831 1247 fahls
2859 1182 2901 1242 er
2946 1174 3060 1234 nicht
3088 1167 3159 1227 ihr
3189 1157 3474 1217 angehöriger
3517 1150 3603 1210 oder

2429 1288 2541 1348 nicht
2569 1281 2681 1341 sortz
2694 1272 2890 1332 behre.

2421 1431 2591 1491 Kraub
2619 1427 2703 1487 sons
2746 1424 2802 1484 be
2844 1422 2902 1482 in
2916 1421 3027 1481 gnädigen
3043 1418 3141 1478 Herre
3169 1417 3212 1477 aob
3226 1416 3338 1476 12ten
3352 1415 3410 1475 diß
3452 1415 3507 1475 fen
3537 1417 3649 1477 damic

2437 1519 2690 1579 sagnaaber
2742 1513 2869 1573 Ihren
2895 1504 3200 1564 Angehörigen
3226 1497 3315 1557 und
3340 1493 3493 1553 Johanna
3518 1490 3671 1550 Torepha

2432 1619 2472 1679 von
2499 1609 2634 1669 Nanb
2689 1599 2756 1659 als
2783 1593 2947 1653 ehelich
2974 1589 3218 1649 zufahrnen
3244 1589 3420 1649 bekent,
3448 1589 3529 1649 habe
3555 1591 3597 1651 ss

2423 1701 2560 1761 lennoch
2600 1692 2656 1752 die
2712 1683 3015 1743 meinung,
3042 1680 3109 1740 daß
3151 1679 3221 1739 sie
3261 1676 3591 1736 einzegnung

2417 1789 2542 1849 nicht
2569 1777 2792 1837 beschechen
2821 1769 2946 1829 solle,
2973 1767 3015 1827 es
3057 1763 3210 1823 währe
3237 1762 3307 1822 dat
3364 1760 3432 1820 sach
3475 1759 3544 1819 daß
3587 1759 3655 1819 sie

2406 1884 2513 1944 eine
2555 1871 2846 1931 legalisierte
2889 1861 3158 1921 Attectation
3212 1857 3320 1917 ihreß
3363 1857 3641 1917 Eerkommns

2418 1976 2499 2036 und
2541 1964 2813 2024 haymaths
2854 1954 3085 2014 aufbeisen
3113 1949 3262 2009 werde

2397 2093 2599 2153 Golligen
2658 2088 2802 2148 Conico
2846 2087 2889 2147 in
2903 2087 3019 2147 gnädigen
3035 2088 3136 2148 Herer
3164 2090 3280 2150 abind
3324 2093 3411 2153 mit
3425 2096 3656 2156 sonderein

2600 2135 2778 2195 vernommen

2411 2192 2577 2252 hinlieb
2601 2180 2802 2240 ansegen,
2814 2173 2886 2233 baß
2933 2170 3004 2230 für
3041 2167 3088 2227 ein
3123 2163 3337 2223 anstößig
3373 2162 3456 2222 und
3468 2162 3657 2222 ärgerlich

2413 2281 2513 2341 leben
2552 2271 2667 2331 betßh
2692 2263 2995 2323 verstyichennen
3033 2257 3147 2317 bätten
3160 2255 3224 2315 tag
3261 2254 3326 2314 ein
3351 2251 3540 2311 badhauß
3592 2249 3667 2309 und

2760 2321 2771 2381 R

2649 2324 2675 2384 in
2701 2321 2736 2381 de

2409 2380 2447 2440 zu
2497 2374 2688 2434 Golligen
2726 2364 2931 2424 verfieert
2969 2354 3160 2414 worden:
3198 2347 3325 2407 Wane
3351 2345 3414 2405 min
3426 2344 3529 2404 gnädigen
3542 2346 3632 2406 Herr

2396 2483 2574 2543 pflichts
2605 2473 2724 2533 halber
2768 2465 2917 2525 oblige
2963 2455 3201 2515 dergleichen
3230 2449 3513 2509 begebunsten
3527 2446 3573 2506 in
3588 2446 3632 2506 so

2381 2587 2518 2647 weith
2531 2575 2736 2635 müglich
2763 2566 2873 2626 abzu
2913 2559 3132 2619 hellffen;
3174 2552 3214 2612 So
3255 2547 3392 2607 habend
3419 2544 3487 2604 Sie
3529 2540 3597 2600 die
