<?xml version="1.0" encoding="UTF-8" standalone="yes"?>
<PcGts xmlns="http://schema.primaresearch.org/PAGE/gts/pagecontent/2013-07-15" xmlns:xsi="http://www.w3.org/2001/XMLSchema-instance" xsi:schemaLocation="http://schema.primaresearch.org/PAGE/gts/pagecontent/2013-07-15 http://schema.primaresearch.org/PAGE/gts/pagecontent/2013-07-15/pagecontent.xsd">
    <Metadata>
        <Creator>prov=READ-COOP:name=PyLaia@TranskribusPlatform:version=0.6.0:model_id=38215:lm=none:date=22_11_2021_11:06
prov=READ-COOP:name=PyLaia@Transkribus:version=0.6.0:model_id=38215:date=22_11_2021_11:04
prov=University of Rostock/Institute of Mathematics/CITlab|PLANET AI GmbH/Tobias Gruening/tobias.gruening@planet-ai.de:name=de.uros.citlab.module.baseline2polygon.B2PSeamMultiOriented:v=2.6.7</Creator>
        <Created>2021-08-09T15:16:19.441+02:00</Created>
        <LastChange>2021-11-22T11:06:19.934+01:00</LastChange>
        <TranskribusMetadata docId="746917" pageId="28279265" pageNr="18" tsid="68400603" status="IN_PROGRESS" userId="537" imgUrl="https://files.transkribus.eu/Get?id=XGGSHVQFAYIMDDFKBIWKLLRJ&amp;fileType=view" xmlUrl="https://files.transkribus.eu/Get?id=KXDKQQPKUKHRPZIFCHGPYDXK" imageId="22024770"/>
    </Metadata>
    <Page imageFilename="018.jpg" imageWidth="4032" imageHeight="3024">
        <ReadingOrder>
            <OrderedGroup id="ro_1687514930761" caption="Regions reading order">
                <RegionRefIndexed index="0" regionRef="r1"/>
                <RegionRefIndexed index="1" regionRef="r2"/>
                <RegionRefIndexed index="2" regionRef="r3"/>
                <RegionRefIndexed index="3" regionRef="r4"/>
                <RegionRefIndexed index="4" regionRef="r5"/>
            </OrderedGroup>
        </ReadingOrder>
        <TextRegion orientation="0.0" id="r1" custom="readingOrder {index:0;}">
            <Coords points="486,938 486,1091 519,1091 519,938"/>
            <TextLine id="r1l1" custom="readingOrder {index:0;}">
                <Coords points="478,1050 516,1050 520,1044 528,1043 518,938 508,937 505,940 476,925 466,926"/>
                <Baseline points="486,1041 519,1038"/>
                <Word id="r1l1_w1" custom="readingOrder {index:0;}">
                    <Coords points="469,1001 469,1061 483,1061 483,1001"/>
                    <TextEquiv>
                        <Unicode>1</Unicode>
                    </TextEquiv>
                </Word>
                <TextEquiv>
                    <Unicode>1</Unicode>
                </TextEquiv>
            </TextLine>
            <TextEquiv>
                <Unicode></Unicode>
            </TextEquiv>
        </TextRegion>
        <TextRegion orientation="0.0" id="r2" custom="readingOrder {index:1;}">
            <Coords points="509,211 509,2075 843,2075 843,211"/>
            <TextLine id="r2l1" custom="readingOrder {index:0;}">
                <Coords points="595,310 613,316 639,305 670,303 685,305 698,317 740,321 745,195 727,192 695,219 652,183 624,201 599,202"/>
                <Baseline points="605,255 630,254 656,255 682,258 708,258 734,258"/>
                <Word id="r2l1_w1" custom="readingOrder {index:0;}">
                    <Coords points="599,217 599,277 755,277 755,217"/>
                    <TextEquiv>
                        <Unicode>32./.</Unicode>
                    </TextEquiv>
                </Word>
                <TextEquiv>
                    <Unicode>32./.</Unicode>
                </TextEquiv>
            </TextLine>
            <TextLine id="r2l2" custom="readingOrder {index:1;}">
                <Coords points="543,978 586,963 644,966 673,949 687,961 748,963 761,954 819,969 814,901 774,885 701,894 631,862 586,876 571,894 537,895"/>
                <Baseline points="549,960 575,958 601,954 627,952 653,949 679,946 705,944 731,943 757,942 783,942 809,944"/>
                <Word id="r2l2_w1" custom="readingOrder {index:0;}">
                    <Coords points="545,913 545,973 672,973 672,913"/>
                    <TextEquiv>
                        <Unicode>Rönner</Unicode>
                    </TextEquiv>
                </Word>
                <Word id="r2l2_w2" custom="readingOrder {index:1;}">
                    <Coords points="682,902 682,962 798,962 798,902"/>
                    <TextEquiv>
                        <Unicode>hatten</Unicode>
                    </TextEquiv>
                </Word>
                <TextEquiv>
                    <Unicode>Rönner hatten</Unicode>
                </TextEquiv>
            </TextLine>
            <TextLine id="r2l3" custom="readingOrder {index:2;}">
                <Coords points="550,1070 640,1054 687,1069 713,1044 731,1054 763,1036 808,1050 827,1038 852,1042 851,988 829,995 768,954 703,963 676,949 641,968 606,962 571,994 548,988"/>
                <Baseline points="557,1025 583,1024 609,1023 635,1021 661,1020 687,1019 713,1017 739,1017 765,1017 791,1017 817,1018 843,1020"/>
                <Word id="r2l3_w1" custom="readingOrder {index:0;}">
                    <Coords points="559,981 559,1041 699,1041 699,981"/>
                    <TextEquiv>
                        <Unicode>Haßler</Unicode>
                    </TextEquiv>
                </Word>
                <Word id="r2l3_w2" custom="readingOrder {index:1;}">
                    <Coords points="722,977 722,1037 862,1037 862,977"/>
                    <TextEquiv>
                        <Unicode>Johannes.</Unicode>
                    </TextEquiv>
                </Word>
                <TextEquiv>
                    <Unicode>Haßler Johannes.</Unicode>
                </TextEquiv>
            </TextLine>
            <TextLine id="r2l4" custom="readingOrder {index:3;}">
                <Coords points="509,1973 539,1988 585,1957 611,1981 656,1979 670,1966 692,1971 715,1950 820,1972 822,1929 802,1927 752,1877 709,1888 674,1870 626,1881 573,1862 555,1841 515,1846"/>
                <Baseline points="519,1935 545,1937 572,1938 599,1938 625,1940 652,1940 679,1941 706,1943 732,1944 759,1947 786,1948 813,1952"/>
                <Word id="r2l4_w1" custom="readingOrder {index:0;}">
                    <Coords points="521,1898 521,1958 681,1958 681,1898"/>
                    <TextEquiv>
                        <Unicode>Schlägker</Unicode>
                    </TextEquiv>
                </Word>
                <Word id="r2l4_w2" custom="readingOrder {index:1;}">
                    <Coords points="694,1906 694,1966 819,1966 819,1906"/>
                    <TextEquiv>
                        <Unicode>Brman</Unicode>
                    </TextEquiv>
                </Word>
                <TextEquiv>
                    <Unicode>Schlägker Brman</Unicode>
                </TextEquiv>
            </TextLine>
            <TextLine id="r2l5" custom="readingOrder {index:4;}">
                <Coords points="501,2073 533,2073 555,2094 604,2067 656,2074 705,2056 713,2064 746,2057 746,2014 723,2023 677,1998 648,2010 569,1968 501,2009"/>
                <Baseline points="509,2054 534,2052 559,2052 585,2052 610,2052 635,2052 661,2052 686,2052 711,2052 737,2051"/>
                <Word id="r2l5_w1" custom="readingOrder {index:0;}">
                    <Coords points="512,2012 512,2072 606,2072 606,2012"/>
                    <TextEquiv>
                        <Unicode>Rupp</Unicode>
                    </TextEquiv>
                </Word>
                <Word id="r2l5_w2" custom="readingOrder {index:1;}">
                    <Coords points="627,2012 627,2072 744,2072 744,2012"/>
                    <TextEquiv>
                        <Unicode>Ulleich</Unicode>
                    </TextEquiv>
                </Word>
                <TextEquiv>
                    <Unicode>Rupp Ulleich</Unicode>
                </TextEquiv>
            </TextLine>
            <TextEquiv>
                <Unicode></Unicode>
            </TextEquiv>
        </TextRegion>
        <TextRegion orientation="0.0" id="r3" custom="readingOrder {index:2;}">
            <Coords points="795,152 795,2493 2027,2493 2027,152"/>
            <TextLine id="r3l1" custom="readingOrder {index:0;}">
                <Coords points="1177,214 1223,220 1244,205 1285,208 1325,174 1355,177 1376,198 1456,194 1455,130 1409,129 1361,146 1346,137 1312,155 1251,125 1176,149"/>
                <Baseline points="1185,180 1211,180 1237,179 1263,178 1290,177 1316,176 1342,176 1369,176 1395,176 1421,177 1448,179"/>
                <Word id="r3l1_w1" custom="readingOrder {index:0;}">
                    <Coords points="1184,139 1184,199 1281,199 1281,139"/>
                    <TextEquiv>
                        <Unicode>bolep</Unicode>
                    </TextEquiv>
                </Word>
                <Word id="r3l1_w2" custom="readingOrder {index:1;}">
                    <Coords points="1358,136 1358,196 1436,196 1436,136"/>
                    <TextEquiv>
                        <Unicode>d</Unicode>
                    </TextEquiv>
                </Word>
                <TextEquiv>
                    <Unicode>bolep d</Unicode>
                </TextEquiv>
            </TextLine>
            <TextLine id="r3l2" custom="readingOrder {index:1;}">
                <Coords points="895,317 1048,249 1432,225 1522,273 1741,212 1989,256 2032,211 1629,120 1276,207 1154,161 1067,224 950,173 892,221"/>
                <Baseline points="902,260 958,256 1014,253 1070,248 1126,244 1182,239 1238,234 1294,230 1350,225 1406,221 1463,218 1519,215 1575,213 1631,213 1687,213 1743,215 1799,219 1855,224 1911,230 1967,240 2024,251"/>
                <Word id="r3l2_w1" custom="readingOrder {index:0;}">
                    <Coords points="908,215 908,275 1017,275 1017,215"/>
                    <TextEquiv>
                        <Unicode>Ehrb.</Unicode>
                    </TextEquiv>
                </Word>
                <Word id="r3l2_w2" custom="readingOrder {index:1;}">
                    <Coords points="1031,204 1031,264 1195,264 1195,204"/>
                    <TextEquiv>
                        <Unicode>ansinnen</Unicode>
                    </TextEquiv>
                </Word>
                <Word id="r3l2_w3" custom="readingOrder {index:2;}">
                    <Coords points="1222,191 1222,251 1317,251 1317,191"/>
                    <TextEquiv>
                        <Unicode>dest</Unicode>
                    </TextEquiv>
                </Word>
                <Word id="r3l2_w4" custom="readingOrder {index:3;}">
                    <Coords points="1359,182 1359,242 1399,242 1399,182"/>
                    <TextEquiv>
                        <Unicode>n</Unicode>
                    </TextEquiv>
                </Word>
                <Word id="r3l2_w5" custom="readingOrder {index:4;}">
                    <Coords points="1428,178 1428,238 1495,238 1495,178"/>
                    <TextEquiv>
                        <Unicode>mit</Unicode>
                    </TextEquiv>
                </Word>
                <Word id="r3l2_w6" custom="readingOrder {index:5;}">
                    <Coords points="1523,173 1523,233 1823,233 1823,173"/>
                    <TextEquiv>
                        <Unicode>befürderung</Unicode>
                    </TextEquiv>
                </Word>
                <Word id="r3l2_w7" custom="readingOrder {index:6;}">
                    <Coords points="1850,187 1850,247 1919,247 1919,187"/>
                    <TextEquiv>
                        <Unicode>den</Unicode>
                    </TextEquiv>
                </Word>
                <Word id="r3l2_w8" custom="readingOrder {index:7;}">
                    <Coords points="1945,202 1945,262 2014,262 2014,202"/>
                    <TextEquiv>
                        <Unicode>und</Unicode>
                    </TextEquiv>
                </Word>
                <TextEquiv>
                    <Unicode>Ehrb. ansinnen dest n mit befürderung den und</Unicode>
                </TextEquiv>
            </TextLine>
            <TextLine id="r3l3" custom="readingOrder {index:2;}">
                <Coords points="900,366 1579,302 1654,353 1703,298 1841,292 2016,329 2012,250 1689,208 1522,273 1314,243 1263,298 1165,303 1015,255 898,328"/>
                <Baseline points="908,353 962,348 1017,344 1072,338 1127,333 1182,328 1237,323 1292,319 1347,314 1402,310 1457,305 1511,302 1566,300 1621,297 1676,296 1731,295 1786,295 1841,296 1896,298 1951,302 2006,305"/>
                <Word id="r3l3_w1" custom="readingOrder {index:0;}">
                    <Coords points="898,304 898,364 1129,364 1129,304"/>
                    <TextEquiv>
                        <Unicode>ständtlichen</Unicode>
                    </TextEquiv>
                </Word>
                <Word id="r3l3_w2" custom="readingOrder {index:1;}">
                    <Coords points="1160,283 1160,343 1308,343 1308,283"/>
                    <TextEquiv>
                        <Unicode>Erricht</Unicode>
                    </TextEquiv>
                </Word>
                <Word id="r3l3_w3" custom="readingOrder {index:2;}">
                    <Coords points="1340,272 1340,332 1403,332 1403,272"/>
                    <TextEquiv>
                        <Unicode>ein</Unicode>
                    </TextEquiv>
                </Word>
                <Word id="r3l3_w4" custom="readingOrder {index:3;}">
                    <Coords points="1445,260 1445,320 1687,320 1687,260"/>
                    <TextEquiv>
                        <Unicode>zusenden</Unicode>
                    </TextEquiv>
                </Word>
                <Word id="r3l3_w5" custom="readingOrder {index:4;}">
                    <Coords points="1729,255 1729,315 1751,315 1751,255"/>
                    <TextEquiv>
                        <Unicode>f</Unicode>
                    </TextEquiv>
                </Word>
                <Word id="r3l3_w6" custom="readingOrder {index:5;}">
                    <Coords points="1804,255 1804,315 1866,315 1866,255"/>
                    <TextEquiv>
                        <Unicode>wen</Unicode>
                    </TextEquiv>
                </Word>
                <Word id="r3l3_w7" custom="readingOrder {index:6;}">
                    <Coords points="1899,261 1899,321 1993,321 1993,261"/>
                    <TextEquiv>
                        <Unicode>derbey</Unicode>
                    </TextEquiv>
                </Word>
                <TextEquiv>
                    <Unicode>ständtlichen Erricht ein zusenden f wen derbey</Unicode>
                </TextEquiv>
            </TextLine>
            <TextLine id="r3l4" custom="readingOrder {index:3;}">
                <Coords points="1755,373 1790,354 1834,360 1859,373 1887,356 1908,358 1919,371 1953,353 1983,356 1985,332 1967,330 1954,314 1935,325 1902,321 1885,305 1865,306 1851,294 1824,313 1803,297 1763,305"/>
                <Baseline points="1767,338 1792,338 1818,338 1844,340 1870,342 1896,346 1922,350 1948,355 1974,359"/>
                <Word id="r3l4_w1" custom="readingOrder {index:0;}">
                    <Coords points="1768,300 1768,360 1922,360 1922,300"/>
                    <TextEquiv>
                        <Unicode>gewesen</Unicode>
                    </TextEquiv>
                </Word>
                <TextEquiv>
                    <Unicode>gewesen</Unicode>
                </TextEquiv>
            </TextLine>
            <TextLine id="r3l5" custom="readingOrder {index:4;}">
                <Coords points="875,443 978,414 1101,450 1175,405 1227,444 1289,395 1336,432 1400,400 1428,417 1470,398 1463,316 1083,328 1034,371 974,355 871,396"/>
                <Baseline points="882,429 910,424 939,419 968,414 997,410 1026,406 1055,401 1084,398 1113,395 1142,392 1171,389 1199,386 1228,385 1257,382 1286,380 1315,379 1344,377 1373,375 1402,374 1431,374 1460,372"/>
                <Word id="r3l5_w1" custom="readingOrder {index:0;}">
                    <Coords points="902,375 902,435 1015,435 1015,375"/>
                    <TextEquiv>
                        <Unicode>Aber</Unicode>
                    </TextEquiv>
                </Word>
                <Word id="r3l5_w2" custom="readingOrder {index:1;}">
                    <Coords points="1029,360 1029,420 1099,420 1099,360"/>
                    <TextEquiv>
                        <Unicode>vie</Unicode>
                    </TextEquiv>
                </Word>
                <Word id="r3l5_w3" custom="readingOrder {index:2;}">
                    <Coords points="1126,347 1126,407 1239,407 1239,347"/>
                    <TextEquiv>
                        <Unicode>hätek</Unicode>
                    </TextEquiv>
                </Word>
                <Word id="r3l5_w4" custom="readingOrder {index:3;}">
                    <Coords points="1267,334 1267,394 1480,394 1480,334"/>
                    <TextEquiv>
                        <Unicode>gebesten,</Unicode>
                    </TextEquiv>
                </Word>
                <TextEquiv>
                    <Unicode>Aber vie hätek gebesten,</Unicode>
                </TextEquiv>
            </TextLine>
            <TextLine id="r3l6" custom="readingOrder {index:5;}">
                <Coords points="884,539 1461,447 1720,503 1791,453 1966,485 1990,387 1907,360 1741,411 1594,383 1334,431 1293,394 1226,444 1176,405 1099,453 976,414 880,444"/>
                <Baseline points="890,500 944,494 999,489 1054,483 1109,478 1163,473 1218,467 1273,463 1328,458 1382,453 1437,450 1492,447 1547,444 1601,443 1656,443 1711,444 1766,446 1820,449 1875,453 1930,458 1985,465"/>
                <Word id="r3l6_w1" custom="readingOrder {index:0;}">
                    <Coords points="894,449 894,509 1089,509 1089,449"/>
                    <TextEquiv>
                        <Unicode>Erscheinet</Unicode>
                    </TextEquiv>
                </Word>
                <Word id="r3l6_w2" custom="readingOrder {index:1;}">
                    <Coords points="1113,434 1113,494 1186,494 1186,434"/>
                    <TextEquiv>
                        <Unicode>Herr</Unicode>
                    </TextEquiv>
                </Word>
                <Word id="r3l6_w3" custom="readingOrder {index:2;}">
                    <Coords points="1210,422 1210,482 1344,482 1344,422"/>
                    <TextEquiv>
                        <Unicode>Dubuis</Unicode>
                    </TextEquiv>
                </Word>
                <Word id="r3l6_w4" custom="readingOrder {index:3;}">
                    <Coords points="1368,412 1368,472 1429,472 1429,412"/>
                    <TextEquiv>
                        <Unicode>der</Unicode>
                    </TextEquiv>
                </Word>
                <Word id="r3l6_w5" custom="readingOrder {index:4;}">
                    <Coords points="1477,403 1477,463 1867,463 1867,403"/>
                    <TextEquiv>
                        <Unicode>Ballenmeister</Unicode>
                    </TextEquiv>
                </Word>
                <Word id="r3l6_w6" custom="readingOrder {index:5;}">
                    <Coords points="1905,420 1905,480 1989,480 1989,420"/>
                    <TextEquiv>
                        <Unicode>und</Unicode>
                    </TextEquiv>
                </Word>
                <TextEquiv>
                    <Unicode>Erscheinet Herr Dubuis der Ballenmeister und</Unicode>
                </TextEquiv>
            </TextLine>
            <TextLine id="r3l7" custom="readingOrder {index:6;}">
                <Coords points="884,649 959,599 1136,583 1190,621 1351,554 1407,594 1534,551 1624,611 1800,615 1883,557 2019,563 2016,491 1948,514 1871,456 1719,502 1595,453 879,537"/>
                <Baseline points="890,587 946,583 1002,578 1058,573 1114,569 1170,563 1226,559 1282,554 1338,550 1394,546 1450,542 1506,539 1562,537 1618,535 1674,534 1730,534 1786,535 1842,537 1898,540 1954,545 2010,552"/>
                <Word id="r3l7_w1" custom="readingOrder {index:0;}">
                    <Coords points="884,539 884,599 1077,599 1077,539"/>
                    <TextEquiv>
                        <Unicode>laugnet</Unicode>
                    </TextEquiv>
                </Word>
                <Word id="r3l7_w2" custom="readingOrder {index:1;}">
                    <Coords points="1108,526 1108,586 1174,586 1174,526"/>
                    <TextEquiv>
                        <Unicode>die</Unicode>
                    </TextEquiv>
                </Word>
                <Word id="r3l7_w3" custom="readingOrder {index:2;}">
                    <Coords points="1206,511 1206,571 1432,571 1432,511"/>
                    <TextEquiv>
                        <Unicode>franviet</Unicode>
                    </TextEquiv>
                </Word>
                <Word id="r3l7_w4" custom="readingOrder {index:3;}">
                    <Coords points="1448,497 1448,557 1642,557 1642,497"/>
                    <TextEquiv>
                        <Unicode>Hanthas</Unicode>
                    </TextEquiv>
                </Word>
                <Word id="r3l7_w5" custom="readingOrder {index:4;}">
                    <Coords points="1674,496 1674,556 1995,556 1995,496"/>
                    <TextEquiv>
                        <Unicode>geschwängeret</Unicode>
                    </TextEquiv>
                </Word>
                <TextEquiv>
                    <Unicode>laugnet die franviet Hanthas geschwängeret</Unicode>
                </TextEquiv>
            </TextLine>
            <TextLine id="r3l8" custom="readingOrder {index:7;}">
                <Coords points="879,747 946,695 1022,727 1063,697 1163,725 1345,693 1405,643 1540,647 1533,580 1473,555 1410,594 1369,563 1289,569 1198,625 1136,583 1096,612 953,606 869,642"/>
                <Baseline points="881,687 913,686 945,683 978,679 1010,677 1043,674 1075,670 1108,666 1140,664 1173,660 1205,657 1237,653 1270,650 1302,647 1335,644 1367,641 1400,638 1432,636 1465,633 1497,632 1530,630"/>
                <Word id="r3l8_w1" custom="readingOrder {index:0;}">
                    <Coords points="877,644 877,704 973,704 973,644"/>
                    <TextEquiv>
                        <Unicode>bate</Unicode>
                    </TextEquiv>
                </Word>
                <Word id="r3l8_w2" custom="readingOrder {index:1;}">
                    <Coords points="992,624 992,684 1260,684 1260,624"/>
                    <TextEquiv>
                        <Unicode>vefüreget</Unicode>
                    </TextEquiv>
                </Word>
                <Word id="r3l8_w3" custom="readingOrder {index:2;}">
                    <Coords points="1279,606 1279,666 1337,666 1337,606"/>
                    <TextEquiv>
                        <Unicode>zu</Unicode>
                    </TextEquiv>
                </Word>
                <Word id="r3l8_w4" custom="readingOrder {index:3;}">
                    <Coords points="1377,593 1377,653 1550,653 1550,593"/>
                    <TextEquiv>
                        <Unicode>haben.</Unicode>
                    </TextEquiv>
                </Word>
                <TextEquiv>
                    <Unicode>bate vefüreget zu haben.</Unicode>
                </TextEquiv>
            </TextLine>
            <TextLine id="r3l9" custom="readingOrder {index:8;}">
                <Coords points="864,861 1040,789 1289,854 1400,785 1962,782 1990,689 1799,704 1633,643 1484,742 1382,671 1086,753 990,716 858,739"/>
                <Baseline points="869,803 924,800 980,798 1036,794 1092,791 1148,788 1203,784 1259,780 1315,777 1371,773 1427,769 1482,767 1538,764 1594,762 1650,759 1706,758 1761,758 1817,758 1873,758 1929,759 1985,761"/>
                <Word id="r3l9_w1" custom="readingOrder {index:0;}">
                    <Coords points="864,761 864,821 930,821 930,761"/>
                    <TextEquiv>
                        <Unicode>Vy</Unicode>
                    </TextEquiv>
                </Word>
                <Word id="r3l9_w2" custom="readingOrder {index:1;}">
                    <Coords points="946,757 946,817 1029,817 1029,757"/>
                    <TextEquiv>
                        <Unicode>aus</Unicode>
                    </TextEquiv>
                </Word>
                <Word id="r3l9_w3" custom="readingOrder {index:2;}">
                    <Coords points="1061,750 1061,810 1127,810 1127,750"/>
                    <TextEquiv>
                        <Unicode>orn</Unicode>
                    </TextEquiv>
                </Word>
                <Word id="r3l9_w4" custom="readingOrder {index:3;}">
                    <Coords points="1194,742 1194,802 1260,802 1260,742"/>
                    <TextEquiv>
                        <Unicode>uuf</Unicode>
                    </TextEquiv>
                </Word>
                <Word id="r3l9_w5" custom="readingOrder {index:4;}">
                    <Coords points="1343,732 1343,792 1407,792 1407,732"/>
                    <TextEquiv>
                        <Unicode>in</Unicode>
                    </TextEquiv>
                </Word>
                <Word id="r3l9_w6" custom="readingOrder {index:5;}">
                    <Coords points="1426,726 1426,786 1556,786 1556,726"/>
                    <TextEquiv>
                        <Unicode>gnädigen</Unicode>
                    </TextEquiv>
                </Word>
                <Word id="r3l9_w7" custom="readingOrder {index:6;}">
                    <Coords points="1573,719 1573,779 1705,779 1705,719"/>
                    <TextEquiv>
                        <Unicode>Here</Unicode>
                    </TextEquiv>
                </Word>
                <Word id="r3l9_w8" custom="readingOrder {index:7;}">
                    <Coords points="1722,718 1722,778 1985,778 1985,718"/>
                    <TextEquiv>
                        <Unicode>ingesenten</Unicode>
                    </TextEquiv>
                </Word>
                <TextEquiv>
                    <Unicode>Vy aus orn uuf in gnädigen Here ingesenten</Unicode>
                </TextEquiv>
            </TextLine>
            <TextLine id="r3l10" custom="readingOrder {index:9;}">
                <Coords points="874,927 1153,900 1193,932 1356,869 1485,912 1695,849 1837,903 2004,869 2001,817 1923,781 1846,813 1691,761 1564,813 1381,792 1288,851 1055,786 871,870"/>
                <Baseline points="881,894 936,893 992,890 1047,888 1103,884 1159,881 1214,878 1270,875 1326,872 1381,867 1437,865 1493,860 1548,858 1604,855 1660,852 1715,851 1771,849 1827,849 1882,849 1938,849 1994,851"/>
                <Word id="r3l10_w1" custom="readingOrder {index:0;}">
                    <Coords points="874,852 874,912 1034,912 1034,852"/>
                    <TextEquiv>
                        <Unicode>bericht</Unicode>
                    </TextEquiv>
                </Word>
                <Word id="r3l10_w2" custom="readingOrder {index:1;}">
                    <Coords points="1061,844 1061,904 1127,904 1127,844"/>
                    <TextEquiv>
                        <Unicode>bie</Unicode>
                    </TextEquiv>
                </Word>
                <Word id="r3l10_w3" custom="readingOrder {index:2;}">
                    <Coords points="1169,839 1169,899 1208,899 1208,839"/>
                    <TextEquiv>
                        <Unicode>es</Unicode>
                    </TextEquiv>
                </Word>
                <Word id="r3l10_w4" custom="readingOrder {index:3;}">
                    <Coords points="1261,832 1261,892 1356,892 1356,832"/>
                    <TextEquiv>
                        <Unicode>mit</Unicode>
                    </TextEquiv>
                </Word>
                <Word id="r3l10_w5" custom="readingOrder {index:4;}">
                    <Coords points="1396,825 1396,885 1464,885 1464,825"/>
                    <TextEquiv>
                        <Unicode>der</Unicode>
                    </TextEquiv>
                </Word>
                <Word id="r3l10_w6" custom="readingOrder {index:5;}">
                    <Coords points="1490,817 1490,877 1624,877 1624,817"/>
                    <TextEquiv>
                        <Unicode>Caton</Unicode>
                    </TextEquiv>
                </Word>
                <Word id="r3l10_w7" custom="readingOrder {index:6;}">
                    <Coords points="1664,809 1664,869 1838,869 1838,809"/>
                    <TextEquiv>
                        <Unicode>Mölner</Unicode>
                    </TextEquiv>
                </Word>
                <Word id="r3l10_w8" custom="readingOrder {index:7;}">
                    <Coords points="1879,809 1879,869 1985,869 1985,809"/>
                    <TextEquiv>
                        <Unicode>Ihrer</Unicode>
                    </TextEquiv>
                </Word>
                <TextEquiv>
                    <Unicode>bericht bie es mit der Caton Mölner Ihrer</Unicode>
                </TextEquiv>
            </TextLine>
            <TextLine id="r3l11" custom="readingOrder {index:10;}">
                <Coords points="1146,958 1179,956 1179,901 1171,901 1169,903 1161,894 1158,898 1154,894 1146,894"/>
                <Baseline points="1155,939 1170,939"/>
                <Word id="r3l11_w1" custom="readingOrder {index:0;}">
                    <Coords points="1144,899 1144,959 1179,959 1179,899"/>
                    <TextEquiv>
                        <Unicode>ein</Unicode>
                    </TextEquiv>
                </Word>
                <TextEquiv>
                    <Unicode>ein</Unicode>
                </TextEquiv>
            </TextLine>
            <TextLine id="r3l12" custom="readingOrder {index:11;}">
                <Coords points="874,1016 951,987 1042,1046 1185,985 1735,948 2037,1011 2033,908 1894,875 1712,907 1570,874 1445,935 1247,881 1125,953 1061,908 994,955 870,917"/>
                <Baseline points="881,992 938,989 995,986 1052,982 1110,978 1167,974 1224,971 1282,969 1339,965 1396,963 1454,960 1511,957 1568,956 1625,954 1683,953 1740,952 1797,951 1855,951 1912,951 1969,953 2027,954"/>
                <Word id="r3l12_w1" custom="readingOrder {index:0;}">
                    <Coords points="884,944 884,1004 1147,1004 1147,944"/>
                    <TextEquiv>
                        <Unicode>Angehörigen</Unicode>
                    </TextEquiv>
                </Word>
                <Word id="r3l12_w2" custom="readingOrder {index:1;}">
                    <Coords points="1171,931 1171,991 1246,991 1246,931"/>
                    <TextEquiv>
                        <Unicode>sem</Unicode>
                    </TextEquiv>
                </Word>
                <Word id="r3l12_w3" custom="readingOrder {index:2;}">
                    <Coords points="1322,924 1322,984 1395,984 1395,924"/>
                    <TextEquiv>
                        <Unicode>sich</Unicode>
                    </TextEquiv>
                </Word>
                <Word id="r3l12_w4" custom="readingOrder {index:3;}">
                    <Coords points="1422,920 1422,980 1458,980 1458,920"/>
                    <TextEquiv>
                        <Unicode>in</Unicode>
                    </TextEquiv>
                </Word>
                <Word id="r3l12_w5" custom="readingOrder {index:4;}">
                    <Coords points="1509,912 1509,972 1858,972 1858,912"/>
                    <TextEquiv>
                        <Unicode>Solländischen</Unicode>
                    </TextEquiv>
                </Word>
                <Word id="r3l12_w6" custom="readingOrder {index:5;}">
                    <Coords points="1884,912 1884,972 2020,972 2020,912"/>
                    <TextEquiv>
                        <Unicode>krings</Unicode>
                    </TextEquiv>
                </Word>
                <TextEquiv>
                    <Unicode>Angehörigen sem sich in Solländischen krings</Unicode>
                </TextEquiv>
            </TextLine>
            <TextLine id="r3l13" custom="readingOrder {index:12;}">
                <Coords points="847,1114 1106,1130 1258,1083 1404,1131 1541,1062 1621,1117 1706,1057 1934,1076 1910,975 1599,1009 1365,967 1074,1046 952,987 844,1025"/>
                <Baseline points="854,1095 907,1091 961,1087 1014,1085 1068,1082 1121,1079 1175,1077 1228,1076 1282,1074 1335,1073 1389,1073 1443,1071 1496,1070 1550,1068 1603,1065 1657,1064 1710,1061 1764,1056 1817,1053 1871,1048 1925,1041"/>
                <Word id="r3l13_w1" custom="readingOrder {index:0;}">
                    <Coords points="863,1047 863,1107 1042,1107 1042,1047"/>
                    <TextEquiv>
                        <Unicode>diensten</Unicode>
                    </TextEquiv>
                </Word>
                <Word id="r3l13_w2" custom="readingOrder {index:1;}">
                    <Coords points="1057,1036 1057,1096 1373,1096 1373,1036"/>
                    <TextEquiv>
                        <Unicode>aufhaltenden</Unicode>
                    </TextEquiv>
                </Word>
                <Word id="r3l13_w3" custom="readingOrder {index:2;}">
                    <Coords points="1402,1030 1402,1090 1583,1090 1583,1030"/>
                    <TextEquiv>
                        <Unicode>Johanes</Unicode>
                    </TextEquiv>
                </Word>
                <Word id="r3l13_w4" custom="readingOrder {index:3;}">
                    <Coords points="1628,1019 1628,1079 1823,1079 1823,1019"/>
                    <TextEquiv>
                        <Unicode>Caßler</Unicode>
                    </TextEquiv>
                </Word>
                <Word id="r3l13_w5" custom="readingOrder {index:4;}">
                    <Coords points="1853,1005 1853,1065 1927,1065 1927,1005"/>
                    <TextEquiv>
                        <Unicode>von</Unicode>
                    </TextEquiv>
                </Word>
                <TextEquiv>
                    <Unicode>diensten aufhaltenden Johanes Caßler von</Unicode>
                </TextEquiv>
            </TextLine>
            <TextLine id="r3l14" custom="readingOrder {index:13;}">
                <Coords points="849,1210 932,1191 1009,1242 1095,1185 1654,1163 1834,1194 1924,1182 1923,1130 1811,1084 1657,1145 1563,1102 1400,1131 1353,1093 1211,1151 951,1091 847,1112"/>
                <Baseline points="857,1193 912,1188 968,1184 1024,1181 1079,1178 1135,1175 1191,1172 1247,1170 1302,1168 1358,1167 1414,1166 1470,1166 1525,1164 1581,1165 1637,1166 1693,1166 1748,1167 1804,1169 1860,1170 1916,1172"/>
                <Word id="r3l14_w1" custom="readingOrder {index:0;}">
                    <Coords points="870,1145 870,1205 1015,1205 1015,1145"/>
                    <TextEquiv>
                        <Unicode>Kraub</Unicode>
                    </TextEquiv>
                </Word>
                <Word id="r3l14_w2" custom="readingOrder {index:1;}">
                    <Coords points="1049,1131 1049,1191 1362,1191 1362,1131"/>
                    <TextEquiv>
                        <Unicode>zugeeigneten</Unicode>
                    </TextEquiv>
                </Word>
                <Word id="r3l14_w3" custom="readingOrder {index:2;}">
                    <Coords points="1395,1125 1395,1185 1553,1185 1553,1125"/>
                    <TextEquiv>
                        <Unicode>bindts</Unicode>
                    </TextEquiv>
                </Word>
                <Word id="r3l14_w4" custom="readingOrder {index:3;}">
                    <Coords points="1597,1125 1597,1185 1642,1185 1642,1125"/>
                    <TextEquiv>
                        <Unicode>zu</Unicode>
                    </TextEquiv>
                </Word>
                <Word id="r3l14_w5" custom="readingOrder {index:4;}">
                    <Coords points="1675,1128 1675,1188 1877,1188 1877,1128"/>
                    <TextEquiv>
                        <Unicode>hällten;</Unicode>
                    </TextEquiv>
                </Word>
                <TextEquiv>
                    <Unicode>Kraub zugeeigneten bindts zu hällten;</Unicode>
                </TextEquiv>
            </TextLine>
            <TextLine id="r3l15" custom="readingOrder {index:14;}">
                <Coords points="868,1320 1296,1261 1947,1296 2021,1257 2021,1210 1646,1212 1585,1167 1294,1239 1095,1186 1011,1244 867,1232"/>
                <Baseline points="876,1281 932,1276 989,1273 1046,1269 1103,1266 1160,1264 1217,1262 1273,1260 1330,1259 1387,1257 1444,1257 1501,1256 1558,1256 1615,1256 1671,1257 1728,1257 1785,1257 1842,1259 1899,1259 1956,1260 2013,1260"/>
                <Word id="r3l15_w1" custom="readingOrder {index:0;}">
                    <Coords points="880,1234 880,1294 1038,1294 1038,1234"/>
                    <TextEquiv>
                        <Unicode>habend</Unicode>
                    </TextEquiv>
                </Word>
                <Word id="r3l15_w2" custom="readingOrder {index:1;}">
                    <Coords points="1074,1225 1074,1285 1135,1285 1135,1225"/>
                    <TextEquiv>
                        <Unicode>Sie</Unicode>
                    </TextEquiv>
                </Word>
                <Word id="r3l15_w3" custom="readingOrder {index:2;}">
                    <Coords points="1170,1221 1170,1281 1279,1281 1279,1221"/>
                    <TextEquiv>
                        <Unicode>Ihnen</Unicode>
                    </TextEquiv>
                </Word>
                <Word id="r3l15_w4" custom="readingOrder {index:3;}">
                    <Coords points="1316,1217 1316,1277 1473,1277 1473,1217"/>
                    <TextEquiv>
                        <Unicode>hiemit</Unicode>
                    </TextEquiv>
                </Word>
                <Word id="r3l15_w5" custom="readingOrder {index:4;}">
                    <Coords points="1498,1216 1498,1276 1715,1276 1715,1216"/>
                    <TextEquiv>
                        <Unicode>verdeüten</Unicode>
                    </TextEquiv>
                </Word>
                <Word id="r3l15_w6" custom="readingOrder {index:5;}">
                    <Coords points="1739,1218 1739,1278 1908,1278 1908,1218"/>
                    <TextEquiv>
                        <Unicode>wollen,</Unicode>
                    </TextEquiv>
                </Word>
                <Word id="r3l15_w7" custom="readingOrder {index:6;}">
                    <Coords points="1932,1220 1932,1280 1993,1280 1993,1220"/>
                    <TextEquiv>
                        <Unicode>daß</Unicode>
                    </TextEquiv>
                </Word>
                <TextEquiv>
                    <Unicode>habend Sie Ihnen hiemit verdeüten wollen, daß</Unicode>
                </TextEquiv>
            </TextLine>
            <TextLine id="r3l16" custom="readingOrder {index:15;}">
                <Coords points="867,1389 1038,1414 1125,1371 1172,1407 1214,1362 1350,1354 1510,1389 1637,1337 1770,1394 1858,1352 1956,1383 1952,1264 1766,1317 1700,1265 1517,1261 1367,1316 1296,1261 1148,1331 985,1295 865,1323"/>
                <Baseline points="875,1371 928,1368 982,1365 1035,1362 1089,1360 1142,1358 1196,1355 1249,1352 1303,1350 1356,1349 1410,1347 1464,1346 1517,1344 1571,1343 1624,1341 1678,1341 1731,1340 1785,1340 1838,1340 1892,1338 1946,1338"/>
                <Word id="r3l16_w1" custom="readingOrder {index:0;}">
                    <Coords points="867,1329 867,1389 939,1389 939,1329"/>
                    <TextEquiv>
                        <Unicode>Herr</Unicode>
                    </TextEquiv>
                </Word>
                <Word id="r3l16_w2" custom="readingOrder {index:1;}">
                    <Coords points="965,1322 965,1382 1088,1382 1088,1322"/>
                    <TextEquiv>
                        <Unicode>Obrist</Unicode>
                    </TextEquiv>
                </Word>
                <Word id="r3l16_w3" custom="readingOrder {index:2;}">
                    <Coords points="1113,1317 1113,1377 1175,1377 1175,1317"/>
                    <TextEquiv>
                        <Unicode>von</Unicode>
                    </TextEquiv>
                </Word>
                <Word id="r3l16_w4" custom="readingOrder {index:3;}">
                    <Coords points="1199,1310 1199,1370 1396,1370 1396,1310"/>
                    <TextEquiv>
                        <Unicode>Houmars</Unicode>
                    </TextEquiv>
                </Word>
                <Word id="r3l16_w5" custom="readingOrder {index:4;}">
                    <Coords points="1422,1303 1422,1363 1644,1363 1644,1303"/>
                    <TextEquiv>
                        <Unicode>deßthalb</Unicode>
                    </TextEquiv>
                </Word>
                <Word id="r3l16_w6" custom="readingOrder {index:5;}">
                    <Coords points="1668,1300 1668,1360 1966,1360 1966,1300"/>
                    <TextEquiv>
                        <Unicode>zugeschriben</Unicode>
                    </TextEquiv>
                </Word>
                <TextEquiv>
                    <Unicode>Herr Obrist von Houmars deßthalb zugeschriben</Unicode>
                </TextEquiv>
            </TextLine>
            <TextLine id="r3l17" custom="readingOrder {index:16;}">
                <Coords points="846,1494 1200,1451 1348,1496 1543,1443 1745,1509 1816,1457 2009,1463 2008,1370 1891,1418 1265,1358 1194,1422 1124,1369 1027,1419 844,1409"/>
                <Baseline points="854,1464 911,1462 968,1459 1025,1457 1083,1454 1140,1452 1197,1450 1255,1448 1312,1446 1369,1443 1427,1442 1484,1441 1541,1440 1598,1439 1656,1439 1713,1439 1770,1439 1828,1440 1885,1442 1942,1443 2000,1445"/>
                <Word id="r3l17_w1" custom="readingOrder {index:0;}">
                    <Coords points="857,1420 857,1480 1037,1480 1037,1420"/>
                    <TextEquiv>
                        <Unicode>werden,</Unicode>
                    </TextEquiv>
                </Word>
                <Word id="r3l17_w2" custom="readingOrder {index:1;}">
                    <Coords points="1060,1413 1060,1473 1121,1473 1121,1413"/>
                    <TextEquiv>
                        <Unicode>die</Unicode>
                    </TextEquiv>
                </Word>
                <Word id="r3l17_w3" custom="readingOrder {index:2;}">
                    <Coords points="1156,1407 1156,1467 1359,1467 1359,1407"/>
                    <TextEquiv>
                        <Unicode>antborth</Unicode>
                    </TextEquiv>
                </Word>
                <Word id="r3l17_w4" custom="readingOrder {index:3;}">
                    <Coords points="1371,1402 1371,1462 1455,1462 1455,1402"/>
                    <TextEquiv>
                        <Unicode>aber</Unicode>
                    </TextEquiv>
                </Word>
                <Word id="r3l17_w5" custom="readingOrder {index:4;}">
                    <Coords points="1480,1400 1480,1460 1539,1460 1539,1400"/>
                    <TextEquiv>
                        <Unicode>biß</Unicode>
                    </TextEquiv>
                </Word>
                <Word id="r3l17_w6" custom="readingOrder {index:5;}">
                    <Coords points="1599,1399 1599,1459 1695,1459 1695,1399"/>
                    <TextEquiv>
                        <Unicode>dato</Unicode>
                    </TextEquiv>
                </Word>
                <Word id="r3l17_w7" custom="readingOrder {index:6;}">
                    <Coords points="1718,1399 1718,1459 1839,1459 1839,1399"/>
                    <TextEquiv>
                        <Unicode>auch</Unicode>
                    </TextEquiv>
                </Word>
                <Word id="r3l17_w8" custom="readingOrder {index:7;}">
                    <Coords points="1862,1402 1862,1462 1982,1462 1982,1402"/>
                    <TextEquiv>
                        <Unicode>nicht</Unicode>
                    </TextEquiv>
                </Word>
                <TextEquiv>
                    <Unicode>werden, die antborth aber biß dato auch nicht</Unicode>
                </TextEquiv>
            </TextLine>
            <TextLine id="r3l18" custom="readingOrder {index:17;}">
                <Coords points="847,1560 1152,1582 1373,1540 1610,1599 1725,1547 1945,1563 1946,1505 1800,1461 1744,1510 1606,1467 1386,1506 1265,1455 1079,1512 847,1495"/>
                <Baseline points="855,1548 909,1547 963,1545 1017,1544 1071,1544 1125,1542 1179,1542 1234,1542 1288,1542 1342,1542 1396,1542 1450,1542 1504,1542 1558,1544 1613,1544 1667,1545 1721,1545 1775,1547 1829,1547 1883,1548 1938,1548"/>
                <Word id="r3l18_w1" custom="readingOrder {index:0;}">
                    <Coords points="861,1504 861,1564 1155,1564 1155,1504"/>
                    <TextEquiv>
                        <Unicode>eingelangt,</Unicode>
                    </TextEquiv>
                </Word>
                <Word id="r3l18_w2" custom="readingOrder {index:1;}">
                    <Coords points="1180,1502 1180,1562 1353,1562 1353,1502"/>
                    <TextEquiv>
                        <Unicode>selbige</Unicode>
                    </TextEquiv>
                </Word>
                <Word id="r3l18_w3" custom="readingOrder {index:2;}">
                    <Coords points="1401,1502 1401,1562 1488,1562 1488,1502"/>
                    <TextEquiv>
                        <Unicode>aber</Unicode>
                    </TextEquiv>
                </Word>
                <Word id="r3l18_w4" custom="readingOrder {index:3;}">
                    <Coords points="1524,1504 1524,1564 1696,1564 1696,1504"/>
                    <TextEquiv>
                        <Unicode>frischer</Unicode>
                    </TextEquiv>
                </Word>
                <Word id="r3l18_w5" custom="readingOrder {index:4;}">
                    <Coords points="1722,1507 1722,1567 1893,1567 1893,1507"/>
                    <TextEquiv>
                        <Unicode>dingen</Unicode>
                    </TextEquiv>
                </Word>
                <TextEquiv>
                    <Unicode>eingelangt, selbige aber frischer dingen</Unicode>
                </TextEquiv>
            </TextLine>
            <TextLine id="r3l19" custom="readingOrder {index:18;}">
                <Coords points="850,1680 1003,1636 1241,1698 1343,1642 1446,1686 1495,1646 1564,1694 1639,1651 1720,1693 1997,1688 1996,1582 1054,1554 999,1599 911,1565 849,1600"/>
                <Baseline points="857,1638 913,1638 970,1638 1026,1638 1083,1638 1139,1637 1196,1637 1252,1637 1309,1637 1365,1635 1422,1635 1479,1635 1535,1634 1592,1633 1648,1632 1705,1632 1761,1631 1818,1629 1874,1629 1931,1628 1988,1626"/>
                <Word id="r3l19_w1" custom="readingOrder {index:0;}">
                    <Coords points="852,1598 852,1658 1104,1658 1104,1598"/>
                    <TextEquiv>
                        <Unicode>Collicitärt</Unicode>
                    </TextEquiv>
                </Word>
                <Word id="r3l19_w2" custom="readingOrder {index:1;}">
                    <Coords points="1134,1597 1134,1657 1273,1657 1273,1597"/>
                    <TextEquiv>
                        <Unicode>werden</Unicode>
                    </TextEquiv>
                </Word>
                <Word id="r3l19_w3" custom="readingOrder {index:2;}">
                    <Coords points="1303,1595 1303,1655 1429,1655 1429,1595"/>
                    <TextEquiv>
                        <Unicode>solle,</Unicode>
                    </TextEquiv>
                </Word>
                <Word id="r3l19_w4" custom="readingOrder {index:3;}">
                    <Coords points="1442,1595 1442,1655 1485,1655 1485,1595"/>
                    <TextEquiv>
                        <Unicode>iß</Unicode>
                    </TextEquiv>
                </Word>
                <Word id="r3l19_w5" custom="readingOrder {index:4;}">
                    <Coords points="1513,1594 1513,1654 1527,1654 1527,1594"/>
                    <TextEquiv>
                        <Unicode>d</Unicode>
                    </TextEquiv>
                </Word>
                <Word id="r3l19_w6" custom="readingOrder {index:5;}">
                    <Coords points="1554,1593 1554,1653 1625,1653 1625,1593"/>
                    <TextEquiv>
                        <Unicode>min</Unicode>
                    </TextEquiv>
                </Word>
                <Word id="r3l19_w7" custom="readingOrder {index:6;}">
                    <Coords points="1639,1592 1639,1652 1753,1652 1753,1592"/>
                    <TextEquiv>
                        <Unicode>gnädigen</Unicode>
                    </TextEquiv>
                </Word>
                <Word id="r3l19_w8" custom="readingOrder {index:7;}">
                    <Coords points="1767,1589 1767,1649 1879,1649 1879,1589"/>
                    <TextEquiv>
                        <Unicode>Herrn</Unicode>
                    </TextEquiv>
                </Word>
                <Word id="r3l19_w9" custom="readingOrder {index:8;}">
                    <Coords points="1893,1587 1893,1647 1977,1647 1977,1587"/>
                    <TextEquiv>
                        <Unicode>nicht</Unicode>
                    </TextEquiv>
                </Word>
                <TextEquiv>
                    <Unicode>Collicitärt werden solle, iß d min gnädigen Herrn nicht</Unicode>
                </TextEquiv>
            </TextLine>
            <TextLine id="r3l20" custom="readingOrder {index:19;}">
                <Coords points="844,1795 912,1773 973,1792 1056,1743 1131,1729 1176,1755 1200,1750 1259,1731 1259,1704 1200,1705 1146,1657 1076,1699 1018,1681 987,1652 953,1668 843,1669"/>
                <Baseline points="851,1731 876,1731 901,1729 926,1728 951,1727 976,1726 1001,1725 1026,1725 1051,1725 1076,1725 1101,1725 1126,1725 1151,1725 1176,1727 1201,1728 1226,1729 1251,1730"/>
                <Word id="r3l20_w1" custom="readingOrder {index:0;}">
                    <Coords points="858,1686 858,1746 1069,1746 1069,1686"/>
                    <TextEquiv>
                        <Unicode>absprechen</Unicode>
                    </TextEquiv>
                </Word>
                <Word id="r3l20_w2" custom="readingOrder {index:1;}">
                    <Coords points="1096,1687 1096,1747 1269,1747 1269,1687"/>
                    <TextEquiv>
                        <Unicode>können.</Unicode>
                    </TextEquiv>
                </Word>
                <TextEquiv>
                    <Unicode>absprechen können.</Unicode>
                </TextEquiv>
            </TextLine>
            <TextLine id="r3l21" custom="readingOrder {index:20;}">
                <Coords points="838,1869 978,1900 1056,1855 1176,1893 1236,1860 1351,1901 1443,1858 1970,1867 1970,1813 1897,1778 1617,1832 1438,1743 1329,1826 1046,1755 839,1800"/>
                <Baseline points="846,1847 901,1848 957,1850 1013,1850 1069,1851 1125,1851 1180,1851 1236,1853 1292,1853 1348,1853 1404,1853 1459,1853 1515,1853 1571,1854 1627,1854 1683,1856 1738,1857 1794,1858 1850,1860 1906,1863 1962,1865"/>
                <Word id="r3l21_w1" custom="readingOrder {index:0;}">
                    <Coords points="852,1807 852,1867 936,1867 936,1807"/>
                    <TextEquiv>
                        <Unicode>Ober</Unicode>
                    </TextEquiv>
                </Word>
                <Word id="r3l21_w2" custom="readingOrder {index:1;}">
                    <Coords points="960,1810 960,1870 1153,1870 1153,1810"/>
                    <TextEquiv>
                        <Unicode>dießbach</Unicode>
                    </TextEquiv>
                </Word>
                <Word id="r3l21_w3" custom="readingOrder {index:2;}">
                    <Coords points="1191,1813 1191,1873 1311,1873 1311,1813"/>
                    <TextEquiv>
                        <Unicode>Cons.</Unicode>
                    </TextEquiv>
                </Word>
                <Word id="r3l21_w4" custom="readingOrder {index:3;}">
                    <Coords points="1337,1813 1337,1873 1421,1873 1421,1813"/>
                    <TextEquiv>
                        <Unicode>Auf</Unicode>
                    </TextEquiv>
                </Word>
                <Word id="r3l21_w5" custom="readingOrder {index:4;}">
                    <Coords points="1457,1813 1457,1873 1566,1873 1566,1813"/>
                    <TextEquiv>
                        <Unicode>ihren</Unicode>
                    </TextEquiv>
                </Word>
                <Word id="r3l21_w6" custom="readingOrder {index:5;}">
                    <Coords points="1590,1817 1590,1877 1894,1877 1894,1817"/>
                    <TextEquiv>
                        <Unicode>eingelangten</Unicode>
                    </TextEquiv>
                </Word>
                <TextEquiv>
                    <Unicode>Ober dießbach Cons. Auf ihren eingelangten</Unicode>
                </TextEquiv>
            </TextLine>
            <TextLine id="r3l22" custom="readingOrder {index:21;}">
                <Coords points="858,1943 1099,1940 1177,1996 1431,1939 1588,2003 1738,1941 1845,2003 1956,1954 1788,1867 1443,1860 1370,1910 1225,1863 969,1901 860,1867"/>
                <Baseline points="866,1937 920,1935 974,1934 1028,1934 1082,1934 1136,1934 1190,1934 1244,1935 1298,1936 1352,1937 1406,1938 1460,1941 1514,1943 1568,1946 1622,1947 1676,1950 1730,1952 1784,1955 1838,1958 1892,1960 1947,1962"/>
                <Word id="r3l22_w1" custom="readingOrder {index:0;}">
                    <Coords points="860,1894 860,1954 1038,1954 1038,1894"/>
                    <TextEquiv>
                        <Unicode>bericht,</Unicode>
                    </TextEquiv>
                </Word>
                <Word id="r3l22_w2" custom="readingOrder {index:1;}">
                    <Coords points="1050,1894 1050,1954 1114,1954 1114,1894"/>
                    <TextEquiv>
                        <Unicode>bie</Unicode>
                    </TextEquiv>
                </Word>
                <Word id="r3l22_w3" custom="readingOrder {index:2;}">
                    <Coords points="1164,1894 1164,1954 1240,1954 1240,1894"/>
                    <TextEquiv>
                        <Unicode>daß</Unicode>
                    </TextEquiv>
                </Word>
                <Word id="r3l22_w4" custom="readingOrder {index:3;}">
                    <Coords points="1292,1897 1292,1957 1470,1957 1470,1897"/>
                    <TextEquiv>
                        <Unicode>Verkna</Unicode>
                    </TextEquiv>
                </Word>
                <Word id="r3l22_w5" custom="readingOrder {index:4;}">
                    <Coords points="1520,1907 1520,1967 1749,1967 1749,1907"/>
                    <TextEquiv>
                        <Unicode>Schwägler</Unicode>
                    </TextEquiv>
                </Word>
                <Word id="r3l22_w6" custom="readingOrder {index:5;}">
                    <Coords points="1774,1915 1774,1975 1813,1975 1813,1915"/>
                    <TextEquiv>
                        <Unicode>so</Unicode>
                    </TextEquiv>
                </Word>
                <Word id="r3l22_w7" custom="readingOrder {index:6;}">
                    <Coords points="1838,1919 1838,1979 1927,1979 1927,1919"/>
                    <TextEquiv>
                        <Unicode>wohl</Unicode>
                    </TextEquiv>
                </Word>
                <TextEquiv>
                    <Unicode>bericht, bie daß Verkna Schwägler so wohl</Unicode>
                </TextEquiv>
            </TextLine>
            <TextLine id="r3l23" custom="readingOrder {index:22;}">
                <Coords points="837,2023 991,2078 1221,2026 1256,2060 1747,2051 1830,2093 1967,2066 1971,1983 1656,2031 1425,2002 1359,1950 1221,2000 1099,1940 840,1943"/>
                <Baseline points="845,2010 900,2010 956,2012 1012,2013 1067,2015 1123,2018 1179,2020 1234,2024 1290,2027 1346,2030 1402,2033 1457,2037 1513,2040 1569,2043 1624,2045 1680,2048 1736,2049 1791,2051 1847,2051 1903,2051 1959,2049"/>
                <Word id="r3l23_w1" custom="readingOrder {index:0;}">
                    <Coords points="838,1970 838,2030 905,2030 905,1970"/>
                    <TextEquiv>
                        <Unicode>Vor</Unicode>
                    </TextEquiv>
                </Word>
                <Word id="r3l23_w2" custom="readingOrder {index:1;}">
                    <Coords points="927,1971 927,2031 973,2031 973,1971"/>
                    <TextEquiv>
                        <Unicode>der</Unicode>
                    </TextEquiv>
                </Word>
                <Word id="r3l23_w3" custom="readingOrder {index:2;}">
                    <Coords points="985,1978 985,2038 1267,2038 1267,1978"/>
                    <TextEquiv>
                        <Unicode>schwängrung</Unicode>
                    </TextEquiv>
                </Word>
                <Word id="r3l23_w4" custom="readingOrder {index:3;}">
                    <Coords points="1289,1989 1289,2049 1380,2049 1380,1989"/>
                    <TextEquiv>
                        <Unicode>halb</Unicode>
                    </TextEquiv>
                </Word>
                <Word id="r3l23_w5" custom="readingOrder {index:4;}">
                    <Coords points="1414,1995 1414,2055 1471,2055 1471,1995"/>
                    <TextEquiv>
                        <Unicode>alß</Unicode>
                    </TextEquiv>
                </Word>
                <Word id="r3l23_w6" custom="readingOrder {index:5;}">
                    <Coords points="1505,2001 1505,2061 1583,2061 1583,2001"/>
                    <TextEquiv>
                        <Unicode>auch</Unicode>
                    </TextEquiv>
                </Word>
                <Word id="r3l23_w7" custom="readingOrder {index:6;}">
                    <Coords points="1607,2005 1607,2065 1641,2065 1641,2005"/>
                    <TextEquiv>
                        <Unicode>in</Unicode>
                    </TextEquiv>
                </Word>
                <Word id="r3l23_w8" custom="readingOrder {index:7;}">
                    <Coords points="1685,2008 1685,2068 1743,2068 1743,2008"/>
                    <TextEquiv>
                        <Unicode>der</Unicode>
                    </TextEquiv>
                </Word>
                <Word id="r3l23_w9" custom="readingOrder {index:8;}">
                    <Coords points="1765,2011 1765,2071 1923,2071 1923,2011"/>
                    <TextEquiv>
                        <Unicode>geißt</Unicode>
                    </TextEquiv>
                </Word>
                <TextEquiv>
                    <Unicode>Vor der schwängrung halb alß auch in der geißt</Unicode>
                </TextEquiv>
            </TextLine>
            <TextLine id="r3l24" custom="readingOrder {index:23;}">
                <Coords points="814,2118 924,2095 1071,2155 1153,2110 1236,2147 1437,2119 1559,2176 1692,2124 1945,2135 1947,2057 1825,2106 1609,2053 1504,2109 1380,2042 1302,2079 1174,2035 988,2079 887,2019 816,2054"/>
                <Baseline points="822,2099 877,2099 933,2100 989,2102 1045,2105 1101,2108 1156,2111 1212,2115 1268,2118 1324,2122 1380,2125 1435,2127 1491,2129 1547,2132 1603,2132 1659,2132 1714,2131 1770,2129 1826,2126 1882,2121 1938,2115"/>
                <Word id="r3l24_w1" custom="readingOrder {index:0;}">
                    <Coords points="825,2059 825,2119 857,2119 857,2059"/>
                    <TextEquiv>
                        <Unicode>so</Unicode>
                    </TextEquiv>
                </Word>
                <Word id="r3l24_w2" custom="readingOrder {index:1;}">
                    <Coords points="878,2061 878,2121 1051,2121 1051,2061"/>
                    <TextEquiv>
                        <Unicode>verangen</Unicode>
                    </TextEquiv>
                </Word>
                <Word id="r3l24_w3" custom="readingOrder {index:2;}">
                    <Coords points="1072,2069 1072,2129 1180,2129 1180,2069"/>
                    <TextEquiv>
                        <Unicode>Oster</Unicode>
                    </TextEquiv>
                </Word>
                <Word id="r3l24_w4" custom="readingOrder {index:3;}">
                    <Coords points="1202,2078 1202,2138 1342,2138 1342,2078"/>
                    <TextEquiv>
                        <Unicode>Marbt</Unicode>
                    </TextEquiv>
                </Word>
                <Word id="r3l24_w5" custom="readingOrder {index:4;}">
                    <Coords points="1374,2092 1374,2152 1761,2152 1761,2092"/>
                    <TextEquiv>
                        <Unicode>hunachveschechen</Unicode>
                    </TextEquiv>
                </Word>
                <Word id="r3l24_w6" custom="readingOrder {index:5;}">
                    <Coords points="1816,2081 1816,2141 1934,2141 1934,2081"/>
                    <TextEquiv>
                        <Unicode>under</Unicode>
                    </TextEquiv>
                </Word>
                <TextEquiv>
                    <Unicode>so verangen Oster Marbt hunachveschechen under</Unicode>
                </TextEquiv>
            </TextLine>
            <TextLine id="r3l25" custom="readingOrder {index:24;}">
                <Coords points="784,2246 1059,2181 1342,2240 1438,2215 1500,2276 1667,2224 1928,2245 2005,2215 2007,2150 1640,2199 1454,2124 1123,2122 1071,2168 861,2096 788,2140"/>
                <Baseline points="795,2187 855,2186 915,2186 975,2186 1035,2187 1095,2190 1155,2193 1216,2196 1276,2199 1336,2203 1396,2207 1456,2210 1516,2214 1576,2216 1637,2217 1697,2219 1757,2217 1817,2217 1877,2214 1937,2210 1998,2202"/>
                <Word id="r3l25_w1" custom="readingOrder {index:0;}">
                    <Coords points="800,2146 800,2206 1042,2206 1042,2146"/>
                    <TextEquiv>
                        <Unicode>zuspehung</Unicode>
                    </TextEquiv>
                </Word>
                <Word id="r3l25_w2" custom="readingOrder {index:1;}">
                    <Coords points="1069,2151 1069,2211 1178,2211 1178,2151"/>
                    <TextEquiv>
                        <Unicode>hiner</Unicode>
                    </TextEquiv>
                </Word>
                <Word id="r3l25_w3" custom="readingOrder {index:2;}">
                    <Coords points="1205,2160 1205,2220 1395,2220 1395,2160"/>
                    <TextEquiv>
                        <Unicode>hebaum,</Unicode>
                    </TextEquiv>
                </Word>
                <Word id="r3l25_w4" custom="readingOrder {index:3;}">
                    <Coords points="1422,2174 1422,2234 1624,2234 1624,2174"/>
                    <TextEquiv>
                        <Unicode>zumahlen</Unicode>
                    </TextEquiv>
                </Word>
                <Word id="r3l25_w5" custom="readingOrder {index:4;}">
                    <Coords points="1651,2178 1651,2238 1732,2238 1732,2178"/>
                    <TextEquiv>
                        <Unicode>weyn</Unicode>
                    </TextEquiv>
                </Word>
                <Word id="r3l25_w6" custom="readingOrder {index:5;}">
                    <Coords points="1759,2173 1759,2233 2001,2233 2001,2173"/>
                    <TextEquiv>
                        <Unicode>plötzlicher</Unicode>
                    </TextEquiv>
                </Word>
                <TextEquiv>
                    <Unicode>zuspehung hiner hebaum, zumahlen weyn plötzlicher</Unicode>
                </TextEquiv>
            </TextLine>
            <TextLine id="r3l26" custom="readingOrder {index:25;}">
                <Coords points="812,2311 924,2267 980,2323 1026,2293 1151,2346 1401,2290 1731,2358 1887,2311 1950,2345 1954,2255 1667,2226 1488,2278 1422,2224 1266,2237 1060,2181 815,2242"/>
                <Baseline points="822,2270 878,2270 934,2270 990,2271 1046,2273 1102,2276 1158,2279 1214,2282 1270,2286 1326,2291 1383,2294 1439,2298 1495,2301 1551,2304 1607,2307 1663,2309 1719,2310 1775,2310 1831,2310 1887,2309 1944,2306"/>
                <Word id="r3l26_w1" custom="readingOrder {index:0;}">
                    <Coords points="827,2230 827,2290 997,2290 997,2230"/>
                    <TextEquiv>
                        <Unicode>Genißt</Unicode>
                    </TextEquiv>
                </Word>
                <Word id="r3l26_w2" custom="readingOrder {index:1;}">
                    <Coords points="1022,2234 1022,2294 1114,2294 1114,2234"/>
                    <TextEquiv>
                        <Unicode>dley</Unicode>
                    </TextEquiv>
                </Word>
                <Word id="r3l26_w3" custom="readingOrder {index:2;}">
                    <Coords points="1140,2240 1140,2300 1232,2300 1232,2240"/>
                    <TextEquiv>
                        <Unicode>shor,</Unicode>
                    </TextEquiv>
                </Word>
                <Word id="r3l26_w4" custom="readingOrder {index:3;}">
                    <Coords points="1258,2251 1258,2311 1401,2311 1401,2251"/>
                    <TextEquiv>
                        <Unicode>Richter</Unicode>
                    </TextEquiv>
                </Word>
                <Word id="r3l26_w5" custom="readingOrder {index:4;}">
                    <Coords points="1427,2260 1427,2320 1557,2320 1557,2260"/>
                    <TextEquiv>
                        <Unicode>nicht</Unicode>
                    </TextEquiv>
                </Word>
                <Word id="r3l26_w6" custom="readingOrder {index:5;}">
                    <Coords points="1598,2268 1598,2328 1701,2328 1701,2268"/>
                    <TextEquiv>
                        <Unicode>haben</Unicode>
                    </TextEquiv>
                </Word>
                <Word id="r3l26_w7" custom="readingOrder {index:6;}">
                    <Coords points="1715,2270 1715,2330 1885,2330 1885,2270"/>
                    <TextEquiv>
                        <Unicode>beschickt</Unicode>
                    </TextEquiv>
                </Word>
                <TextEquiv>
                    <Unicode>Genißt dley shor, Richter nicht haben beschickt</Unicode>
                </TextEquiv>
            </TextLine>
            <TextLine id="r3l27" custom="readingOrder {index:26;}">
                <Coords points="822,2354 1485,2417 1774,2394 1891,2443 1985,2399 1919,2331 1726,2359 1584,2306 1252,2298 1093,2346 923,2268 824,2303"/>
                <Baseline points="830,2357 887,2357 944,2358 1002,2360 1059,2361 1116,2364 1174,2366 1231,2370 1288,2372 1346,2375 1403,2379 1460,2382 1518,2385 1575,2388 1632,2390 1690,2391 1747,2393 1804,2393 1862,2393 1919,2391 1977,2390"/>
                <Word id="r3l27_w1" custom="readingOrder {index:0;}">
                    <Coords points="822,2317 822,2377 941,2377 941,2317"/>
                    <TextEquiv>
                        <Unicode>werden</Unicode>
                    </TextEquiv>
                </Word>
                <Word id="r3l27_w2" custom="readingOrder {index:1;}">
                    <Coords points="963,2321 963,2381 1159,2381 1159,2321"/>
                    <TextEquiv>
                        <Unicode>können,</Unicode>
                    </TextEquiv>
                </Word>
                <Word id="r3l27_w3" custom="readingOrder {index:2;}">
                    <Coords points="1191,2329 1191,2389 1267,2389 1267,2329"/>
                    <TextEquiv>
                        <Unicode>zum</Unicode>
                    </TextEquiv>
                </Word>
                <Word id="r3l27_w4" custom="readingOrder {index:3;}">
                    <Coords points="1310,2337 1310,2397 1452,2397 1452,2337"/>
                    <TextEquiv>
                        <Unicode>vatter</Unicode>
                    </TextEquiv>
                </Word>
                <Word id="r3l27_w5" custom="readingOrder {index:4;}">
                    <Coords points="1473,2344 1473,2404 1560,2404 1560,2344"/>
                    <TextEquiv>
                        <Unicode>ihrs</Unicode>
                    </TextEquiv>
                </Word>
                <Word id="r3l27_w6" custom="readingOrder {index:5;}">
                    <Coords points="1593,2349 1593,2409 1659,2409 1659,2349"/>
                    <TextEquiv>
                        <Unicode>fur</Unicode>
                    </TextEquiv>
                </Word>
                <Word id="r3l27_w7" custom="readingOrder {index:6;}">
                    <Coords points="1680,2352 1680,2412 1767,2412 1767,2352"/>
                    <TextEquiv>
                        <Unicode>welt</Unicode>
                    </TextEquiv>
                </Word>
                <Word id="r3l27_w8" custom="readingOrder {index:7;}">
                    <Coords points="1799,2351 1799,2411 1983,2411 1983,2351"/>
                    <TextEquiv>
                        <Unicode>gebohren</Unicode>
                    </TextEquiv>
                </Word>
                <TextEquiv>
                    <Unicode>werden können, zum vatter ihrs fur welt gebohren</Unicode>
                </TextEquiv>
            </TextLine>
            <TextLine id="r3l28" custom="readingOrder {index:27;}">
                <Coords points="795,2456 1183,2456 1285,2519 1711,2480 1768,2526 1876,2478 2011,2494 2014,2397 1845,2434 1557,2391 1496,2436 1183,2363 982,2407 887,2358 797,2402"/>
                <Baseline points="804,2436 864,2436 924,2438 984,2439 1044,2442 1104,2445 1164,2449 1224,2453 1284,2457 1344,2460 1404,2464 1464,2468 1524,2471 1584,2472 1644,2475 1704,2475 1764,2475 1824,2473 1884,2470 1944,2465 2004,2459"/>
                <Word id="r3l28_w1" custom="readingOrder {index:0;}">
                    <Coords points="809,2396 809,2456 941,2456 941,2396"/>
                    <TextEquiv>
                        <Unicode>Kindts</Unicode>
                    </TextEquiv>
                </Word>
                <Word id="r3l28_w2" custom="readingOrder {index:1;}">
                    <Coords points="953,2403 953,2463 1197,2463 1197,2403"/>
                    <TextEquiv>
                        <Unicode>ernambset</Unicode>
                    </TextEquiv>
                </Word>
                <Word id="r3l28_w3" custom="readingOrder {index:2;}">
                    <Coords points="1233,2417 1233,2477 1367,2477 1367,2417"/>
                    <TextEquiv>
                        <Unicode>Ulrich</Unicode>
                    </TextEquiv>
                </Word>
                <Word id="r3l28_w4" custom="readingOrder {index:3;}">
                    <Coords points="1391,2426 1391,2486 1501,2486 1501,2426"/>
                    <TextEquiv>
                        <Unicode>Rupp</Unicode>
                    </TextEquiv>
                </Word>
                <Word id="r3l28_w5" custom="readingOrder {index:4;}">
                    <Coords points="1537,2431 1537,2491 1573,2491 1573,2431"/>
                    <TextEquiv>
                        <Unicode>ab</Unicode>
                    </TextEquiv>
                </Word>
                <Word id="r3l28_w6" custom="readingOrder {index:5;}">
                    <Coords points="1609,2434 1609,2494 1671,2494 1671,2434"/>
                    <TextEquiv>
                        <Unicode>dem</Unicode>
                    </TextEquiv>
                </Word>
                <Word id="r3l28_w7" custom="readingOrder {index:6;}">
                    <Coords points="1719,2431 1719,2491 1998,2491 1998,2431"/>
                    <TextEquiv>
                        <Unicode>Euchholterbeg</Unicode>
                    </TextEquiv>
                </Word>
                <TextEquiv>
                    <Unicode>Kindts ernambset Ulrich Rupp ab dem Euchholterbeg</Unicode>
                </TextEquiv>
            </TextLine>
            <TextEquiv>
                <Unicode></Unicode>
            </TextEquiv>
        </TextRegion>
        <TextRegion orientation="0.0" id="r4" custom="readingOrder {index:3;}">
            <Coords points="2054,1338 2054,2302 2354,2302 2354,1338"/>
            <TextLine id="r4l1" custom="readingOrder {index:0;}">
                <Coords points="2102,1424 2129,1414 2151,1426 2192,1403 2277,1424 2329,1396 2355,1409 2348,1298 2314,1289 2287,1320 2262,1317 2248,1329 2216,1318 2196,1330 2159,1322 2097,1357"/>
                <Baseline points="2108,1400 2134,1398 2160,1397 2187,1395 2213,1393 2239,1391 2266,1390 2292,1388 2318,1386 2345,1385"/>
                <Word id="r4l1_w1" custom="readingOrder {index:0;}">
                    <Coords points="2099,1357 2099,1417 2174,1417 2174,1357"/>
                    <TextEquiv>
                        <Unicode>hutz</Unicode>
                    </TextEquiv>
                </Word>
                <Word id="r4l1_w2" custom="readingOrder {index:1;}">
                    <Coords points="2187,1350 2187,1410 2339,1410 2339,1350"/>
                    <TextEquiv>
                        <Unicode>bllbrecht</Unicode>
                    </TextEquiv>
                </Word>
                <TextEquiv>
                    <Unicode>hutz bllbrecht</Unicode>
                </TextEquiv>
            </TextLine>
            <TextLine id="r4l2" custom="readingOrder {index:1;}">
                <Coords points="2068,1507 2114,1513 2152,1542 2210,1499 2300,1494 2318,1506 2342,1492 2361,1501 2356,1414 2225,1423 2195,1405 2164,1416 2121,1457 2099,1448 2065,1458"/>
                <Baseline points="2076,1500 2101,1499 2126,1498 2151,1496 2176,1494 2201,1492 2226,1491 2251,1489 2276,1487 2301,1487 2326,1487 2352,1488"/>
                <Word id="r4l2_w1" custom="readingOrder {index:0;}">
                    <Coords points="2079,1454 2079,1514 2272,1514 2272,1454"/>
                    <TextEquiv>
                        <Unicode>Aberhant</Unicode>
                    </TextEquiv>
                </Word>
                <Word id="r4l2_w2" custom="readingOrder {index:1;}">
                    <Coords points="2296,1447 2296,1507 2371,1507 2371,1447"/>
                    <TextEquiv>
                        <Unicode>Ara¬</Unicode>
                    </TextEquiv>
                </Word>
                <TextEquiv>
                    <Unicode>Aberhant Ara¬</Unicode>
                </TextEquiv>
            </TextLine>
            <TextLine id="r4l3" custom="readingOrder {index:2;}">
                <Coords points="2070,2186 2126,2190 2146,2174 2185,2176 2206,2194 2252,2193 2282,2215 2306,2196 2323,2209 2355,2190 2356,2100 2318,2113 2266,2084 2250,2095 2237,2082 2176,2098 2152,2081 2101,2101 2072,2093"/>
                <Baseline points="2079,2177 2105,2174 2132,2174 2159,2172 2185,2172 2212,2172 2239,2174 2265,2174 2292,2176 2319,2177 2346,2180"/>
                <Word id="r4l3_w1" custom="readingOrder {index:0;}">
                    <Coords points="2084,2133 2084,2193 2199,2193 2199,2133"/>
                    <TextEquiv>
                        <Unicode>Adher</Unicode>
                    </TextEquiv>
                </Word>
                <Word id="r4l3_w2" custom="readingOrder {index:1;}">
                    <Coords points="2225,2135 2225,2195 2352,2195 2352,2135"/>
                    <TextEquiv>
                        <Unicode>Annat</Unicode>
                    </TextEquiv>
                </Word>
                <TextEquiv>
                    <Unicode>Adher Annat</Unicode>
                </TextEquiv>
            </TextLine>
            <TextLine id="r4l4" custom="readingOrder {index:3;}">
                <Coords points="2047,2326 2099,2342 2132,2313 2161,2338 2205,2339 2232,2316 2270,2323 2293,2301 2365,2317 2359,2193 2256,2225 2230,2209 2208,2221 2155,2177 2044,2241"/>
                <Baseline points="2054,2279 2079,2279 2104,2279 2129,2278 2154,2276 2179,2274 2204,2272 2229,2270 2254,2270 2279,2268 2304,2268 2329,2270 2354,2271"/>
                <Word id="r4l4_w1" custom="readingOrder {index:0;}">
                    <Coords points="2048,2231 2048,2291 2375,2291 2375,2231"/>
                    <TextEquiv>
                        <Unicode>boblhaltischißegn</Unicode>
                    </TextEquiv>
                </Word>
                <TextEquiv>
                    <Unicode>boblhaltischißegn</Unicode>
                </TextEquiv>
            </TextLine>
            <TextEquiv>
                <Unicode></Unicode>
            </TextEquiv>
        </TextRegion>
        <TextRegion orientation="0.0" id="r5" custom="readingOrder {index:4;}">
            <Coords points="2340,233 2340,2553 3716,2553 3716,233"/>
            <TextLine id="r5l1" custom="readingOrder {index:0;}">
                <Coords points="3597,311 3607,312 3619,322 3645,304 3659,309 3673,323 3684,319 3695,322 3706,238 3696,238 3683,228 3675,234 3662,227 3646,230 3635,219 3610,217"/>
                <Baseline points="3611,276 3638,272 3665,278 3692,285"/>
                <Word id="r5l1_w1" custom="readingOrder {index:0;}">
                    <Coords points="3609,232 3609,292 3668,292 3668,232"/>
                    <TextEquiv>
                        <Unicode>33</Unicode>
                    </TextEquiv>
                </Word>
                <TextEquiv>
                    <Unicode>33</Unicode>
                </TextEquiv>
            </TextLine>
            <TextLine id="r5l2" custom="readingOrder {index:1;}">
                <Coords points="2381,381 2710,354 2865,412 3101,361 3376,408 3483,352 3676,370 3645,304 3293,258 3089,306 2672,302 2484,232 2381,274"/>
                <Baseline points="2390,359 2453,359 2517,360 2581,360 2645,360 2709,360 2773,360 2837,360 2901,360 2965,360 3029,360 3092,360 3156,359 3220,359 3284,359 3348,359 3412,359 3476,357 3540,357 3604,357 3668,357"/>
                <Word id="r5l2_w1" custom="readingOrder {index:0;}">
                    <Coords points="2413,319 2413,379 2486,379 2486,319"/>
                    <TextEquiv>
                        <Unicode>Der</Unicode>
                    </TextEquiv>
                </Word>
                <Word id="r5l2_w2" custom="readingOrder {index:1;}">
                    <Coords points="2514,320 2514,380 2586,380 2586,320"/>
                    <TextEquiv>
                        <Unicode>Ihra</Unicode>
                    </TextEquiv>
                </Word>
                <Word id="r5l2_w3" custom="readingOrder {index:2;}">
                    <Coords points="2630,320 2630,380 2717,380 2717,320"/>
                    <TextEquiv>
                        <Unicode>aber</Unicode>
                    </TextEquiv>
                </Word>
                <Word id="r5l2_w4" custom="readingOrder {index:3;}">
                    <Coords points="2731,320 2731,380 2802,380 2802,320"/>
                    <TextEquiv>
                        <Unicode>vor</Unicode>
                    </TextEquiv>
                </Word>
                <Word id="r5l2_w5" custom="readingOrder {index:4;}">
                    <Coords points="2833,320 2833,380 2948,380 2948,320"/>
                    <TextEquiv>
                        <Unicode>Ihngen</Unicode>
                    </TextEquiv>
                </Word>
                <Word id="r5l2_w6" custom="readingOrder {index:5;}">
                    <Coords points="2976,320 2976,380 3078,380 3078,320"/>
                    <TextEquiv>
                        <Unicode>diese</Unicode>
                    </TextEquiv>
                </Word>
                <Word id="r5l2_w7" custom="readingOrder {index:6;}">
                    <Coords points="3106,319 3106,379 3309,379 3309,319"/>
                    <TextEquiv>
                        <Unicode>anklegdt</Unicode>
                    </TextEquiv>
                </Word>
                <Word id="r5l2_w8" custom="readingOrder {index:7;}">
                    <Coords points="3323,319 3323,379 3410,379 3410,319"/>
                    <TextEquiv>
                        <Unicode>halb</Unicode>
                    </TextEquiv>
                </Word>
                <Word id="r5l2_w9" custom="readingOrder {index:8;}">
                    <Coords points="3424,317 3424,377 3627,377 3627,317"/>
                    <TextEquiv>
                        <Unicode>gäntzlich</Unicode>
                    </TextEquiv>
                </Word>
                <Word id="r5l2_w10" custom="readingOrder {index:9;}">
                    <Coords points="3641,317 3641,377 3670,377 3670,317"/>
                    <TextEquiv>
                        <Unicode>in</Unicode>
                    </TextEquiv>
                </Word>
                <TextEquiv>
                    <Unicode>Der Ihra aber vor Ihngen diese anklegdt halb gäntzlich in</Unicode>
                </TextEquiv>
            </TextLine>
            <TextLine id="r5l3" custom="readingOrder {index:2;}">
                <Coords points="2418,458 3023,439 3161,488 3308,434 3685,443 3497,352 3372,412 3102,362 2866,414 2727,363 2418,378"/>
                <Baseline points="2427,432 2489,435 2552,437 2614,437 2677,438 2739,438 2802,438 2864,438 2927,438 2989,438 3052,438 3115,437 3177,437 3240,437 3302,435 3365,435 3427,435 3490,435 3552,437 3615,437 3678,438"/>
                <Word id="r5l3_w1" custom="readingOrder {index:0;}">
                    <Coords points="2429,394 2429,454 2537,454 2537,394"/>
                    <TextEquiv>
                        <Unicode>abet</Unicode>
                    </TextEquiv>
                </Word>
                <Word id="r5l3_w2" custom="readingOrder {index:1;}">
                    <Coords points="2559,397 2559,457 2767,457 2767,397"/>
                    <TextEquiv>
                        <Unicode>gewesen,</Unicode>
                    </TextEquiv>
                </Word>
                <Word id="r5l3_w3" custom="readingOrder {index:2;}">
                    <Coords points="2800,398 2800,458 2864,458 2864,398"/>
                    <TextEquiv>
                        <Unicode>dr</Unicode>
                    </TextEquiv>
                </Word>
                <Word id="r5l3_w4" custom="readingOrder {index:3;}">
                    <Coords points="2886,398 2886,458 2920,458 2920,398"/>
                    <TextEquiv>
                        <Unicode>vbe</Unicode>
                    </TextEquiv>
                </Word>
                <Word id="r5l3_w5" custom="readingOrder {index:4;}">
                    <Coords points="2941,398 2941,458 2996,458 2996,398"/>
                    <TextEquiv>
                        <Unicode>Min</Unicode>
                    </TextEquiv>
                </Word>
                <Word id="r5l3_w6" custom="readingOrder {index:5;}">
                    <Coords points="3006,398 3006,458 3094,458 3094,398"/>
                    <TextEquiv>
                        <Unicode>gnädigen</Unicode>
                    </TextEquiv>
                </Word>
                <Word id="r5l3_w7" custom="readingOrder {index:6;}">
                    <Coords points="3105,397 3105,457 3192,457 3192,397"/>
                    <TextEquiv>
                        <Unicode>Herren</Unicode>
                    </TextEquiv>
                </Word>
                <Word id="r5l3_w8" custom="readingOrder {index:7;}">
                    <Coords points="3215,396 3215,456 3323,456 3323,396"/>
                    <TextEquiv>
                        <Unicode>ihnen</Unicode>
                    </TextEquiv>
                </Word>
                <Word id="r5l3_w9" custom="readingOrder {index:8;}">
                    <Coords points="3334,395 3334,455 3639,455 3639,395"/>
                    <TextEquiv>
                        <Unicode>auffgetragen</Unicode>
                    </TextEquiv>
                </Word>
                <TextEquiv>
                    <Unicode>abet gewesen, dr vbe Min gnädigen Herren ihnen auffgetragen</Unicode>
                </TextEquiv>
            </TextLine>
            <TextLine id="r5l4" custom="readingOrder {index:3;}">
                <Coords points="2412,530 2630,509 2924,575 3001,521 3531,532 3614,507 3614,466 3553,438 3489,486 3370,439 2992,503 2889,446 2731,494 2539,436 2412,468"/>
                <Baseline points="2420,509 2479,510 2538,510 2597,512 2657,513 2716,513 2775,515 2834,515 2894,516 2953,516 3012,518 3071,518 3131,516 3190,516 3249,515 3308,513 3368,512 3427,510 3486,507 3545,503 3605,497"/>
                <Word id="r5l4_w1" custom="readingOrder {index:0;}">
                    <Coords points="2414,469 2414,529 2516,529 2516,469"/>
                    <TextEquiv>
                        <Unicode>haben</Unicode>
                    </TextEquiv>
                </Word>
                <Word id="r5l4_w2" custom="readingOrder {index:1;}">
                    <Coords points="2542,472 2542,532 2736,532 2736,472"/>
                    <TextEquiv>
                        <Unicode>wolling</Unicode>
                    </TextEquiv>
                </Word>
                <Word id="r5l4_w3" custom="readingOrder {index:2;}">
                    <Coords points="2774,475 2774,535 2812,535 2812,475"/>
                    <TextEquiv>
                        <Unicode>zu</Unicode>
                    </TextEquiv>
                </Word>
                <Word id="r5l4_w4" custom="readingOrder {index:3;}">
                    <Coords points="2837,477 2837,537 3146,537 3146,477"/>
                    <TextEquiv>
                        <Unicode>veranstalten,</Unicode>
                    </TextEquiv>
                </Word>
                <Word id="r5l4_w5" custom="readingOrder {index:4;}">
                    <Coords points="3173,475 3173,535 3250,535 3250,475"/>
                    <TextEquiv>
                        <Unicode>daß</Unicode>
                    </TextEquiv>
                </Word>
                <Word id="r5l4_w6" custom="readingOrder {index:5;}">
                    <Coords points="3288,472 3288,532 3429,532 3429,472"/>
                    <TextEquiv>
                        <Unicode>beyde</Unicode>
                    </TextEquiv>
                </Word>
                <Word id="r5l4_w7" custom="readingOrder {index:6;}">
                    <Coords points="3482,465 3482,525 3533,525 3533,465"/>
                    <TextEquiv>
                        <Unicode>im</Unicode>
                    </TextEquiv>
                </Word>
                <TextEquiv>
                    <Unicode>haben wolling zu veranstalten, daß beyde im</Unicode>
                </TextEquiv>
            </TextLine>
            <TextLine id="r5l5" custom="readingOrder {index:4;}">
                <Coords points="2398,628 2451,660 2574,596 2872,638 3159,596 3302,632 3441,589 3549,628 3665,584 3664,527 3307,511 3198,570 3001,520 2924,575 2630,509 2396,529"/>
                <Baseline points="2405,597 2467,597 2530,596 2592,596 2655,596 2717,596 2780,596 2842,594 2905,594 2967,594 3030,594 3093,593 3155,593 3218,591 3280,590 3343,588 3405,587 3468,584 3530,582 3593,579 3656,576"/>
                <Word id="r5l5_w1" custom="readingOrder {index:0;}">
                    <Coords points="2422,556 2422,616 2793,616 2793,556"/>
                    <TextEquiv>
                        <Unicode>pargationsfydt</Unicode>
                    </TextEquiv>
                </Word>
                <Word id="r5l5_w2" custom="readingOrder {index:1;}">
                    <Coords points="2805,554 2805,614 2893,614 2893,554"/>
                    <TextEquiv>
                        <Unicode>undt</Unicode>
                    </TextEquiv>
                </Word>
                <Word id="r5l5_w3" custom="readingOrder {index:2;}">
                    <Coords points="2930,554 2930,614 3005,614 3005,554"/>
                    <TextEquiv>
                        <Unicode>der</Unicode>
                    </TextEquiv>
                </Word>
                <Word id="r5l5_w4" custom="readingOrder {index:3;}">
                    <Coords points="3029,552 3029,612 3290,612 3290,552"/>
                    <TextEquiv>
                        <Unicode>richtigkeit</Unicode>
                    </TextEquiv>
                </Word>
                <Word id="r5l5_w5" custom="readingOrder {index:4;}">
                    <Coords points="3314,546 3314,606 3512,606 3512,546"/>
                    <TextEquiv>
                        <Unicode>deßelben</Unicode>
                    </TextEquiv>
                </Word>
                <Word id="r5l5_w6" custom="readingOrder {index:5;}">
                    <Coords points="3524,539 3524,599 3636,599 3636,539"/>
                    <TextEquiv>
                        <Unicode>wohl</Unicode>
                    </TextEquiv>
                </Word>
                <TextEquiv>
                    <Unicode>pargationsfydt undt der richtigkeit deßelben wohl</Unicode>
                </TextEquiv>
            </TextLine>
            <TextLine id="r5l6" custom="readingOrder {index:5;}">
                <Coords points="2414,684 3610,703 3724,688 3724,592 3533,646 3364,593 3260,647 3157,596 2414,642"/>
                <Baseline points="2423,677 2487,674 2552,672 2616,671 2681,669 2746,669 2810,669 2875,669 2940,671 3004,671 3069,671 3134,672 3198,672 3263,674 3328,674 3392,672 3457,672 3522,671 3586,669 3651,668 3716,663"/>
                <Word id="r5l6_w1" custom="readingOrder {index:0;}">
                    <Coords points="2424,634 2424,694 2508,694 2508,634"/>
                    <TextEquiv>
                        <Unicode>und</Unicode>
                    </TextEquiv>
                </Word>
                <Word id="r5l6_w2" custom="readingOrder {index:1;}">
                    <Coords points="2539,629 2539,689 2791,689 2791,629"/>
                    <TextEquiv>
                        <Unicode>gründtlich</Unicode>
                    </TextEquiv>
                </Word>
                <Word id="r5l6_w3" custom="readingOrder {index:2;}">
                    <Coords points="2812,631 2812,691 3084,691 3084,631"/>
                    <TextEquiv>
                        <Unicode>underrichtet</Unicode>
                    </TextEquiv>
                </Word>
                <Word id="r5l6_w4" custom="readingOrder {index:3;}">
                    <Coords points="3115,632 3115,692 3209,692 3209,632"/>
                    <TextEquiv>
                        <Unicode>undt</Unicode>
                    </TextEquiv>
                </Word>
                <Word id="r5l6_w5" custom="readingOrder {index:4;}">
                    <Coords points="3230,634 3230,694 3314,694 3314,634"/>
                    <TextEquiv>
                        <Unicode>mit</Unicode>
                    </TextEquiv>
                </Word>
                <Word id="r5l6_w6" custom="readingOrder {index:5;}">
                    <Coords points="3345,632 3345,692 3513,692 3513,632"/>
                    <TextEquiv>
                        <Unicode>nötigem</Unicode>
                    </TextEquiv>
                </Word>
                <Word id="r5l6_w7" custom="readingOrder {index:6;}">
                    <Coords points="3566,628 3566,688 3691,688 3691,628"/>
                    <TextEquiv>
                        <Unicode>beicht</Unicode>
                    </TextEquiv>
                </Word>
                <TextEquiv>
                    <Unicode>und gründtlich underrichtet undt mit nötigem beicht</Unicode>
                </TextEquiv>
            </TextLine>
            <TextLine id="r5l7" custom="readingOrder {index:6;}">
                <Coords points="2386,786 2712,749 2787,813 2869,750 3188,790 3638,747 3636,662 3529,722 3288,674 3083,670 2996,721 2913,667 2831,720 2384,698"/>
                <Baseline points="2394,771 2455,767 2517,762 2579,760 2641,756 2703,753 2764,751 2826,750 2888,749 2950,747 3012,746 3073,746 3135,744 3197,744 3259,743 3321,743 3382,741 3444,741 3506,740 3568,738 3630,735"/>
                <Word id="r5l7_w1" custom="readingOrder {index:0;}">
                    <Coords points="2397,729 2397,789 2443,789 2443,729"/>
                    <TextEquiv>
                        <Unicode>so</Unicode>
                    </TextEquiv>
                </Word>
                <Word id="r5l7_w2" custom="readingOrder {index:1;}">
                    <Coords points="2467,722 2467,782 2562,782 2562,722"/>
                    <TextEquiv>
                        <Unicode>wohl</Unicode>
                    </TextEquiv>
                </Word>
                <Word id="r5l7_w3" custom="readingOrder {index:2;}">
                    <Coords points="2597,716 2597,776 2680,776 2680,716"/>
                    <TextEquiv>
                        <Unicode>ihre</Unicode>
                    </TextEquiv>
                </Word>
                <Word id="r5l7_w4" custom="readingOrder {index:3;}">
                    <Coords points="2703,709 2703,769 2986,769 2986,709"/>
                    <TextEquiv>
                        <Unicode>empfangen</Unicode>
                    </TextEquiv>
                </Word>
                <Word id="r5l7_w5" custom="readingOrder {index:4;}">
                    <Coords points="3045,704 3045,764 3210,764 3210,704"/>
                    <TextEquiv>
                        <Unicode>Eydts,</Unicode>
                    </TextEquiv>
                </Word>
                <Word id="r5l7_w6" custom="readingOrder {index:5;}">
                    <Coords points="3234,701 3234,761 3481,761 3481,701"/>
                    <TextEquiv>
                        <Unicode>Veetenvor</Unicode>
                    </TextEquiv>
                </Word>
                <Word id="r5l7_w7" custom="readingOrder {index:6;}">
                    <Coords points="3541,697 3541,757 3634,757 3634,697"/>
                    <TextEquiv>
                        <Unicode>also</Unicode>
                    </TextEquiv>
                </Word>
                <TextEquiv>
                    <Unicode>so wohl ihre empfangen Eydts, Veetenvor also</Unicode>
                </TextEquiv>
            </TextLine>
            <TextLine id="r5l8" custom="readingOrder {index:7;}">
                <Coords points="2400,876 3251,831 3331,878 3416,821 3664,806 3662,743 3130,799 3072,753 3003,793 2887,750 2782,813 2594,754 2397,796"/>
                <Baseline points="2408,855 2470,849 2532,846 2595,843 2657,839 2720,837 2782,836 2844,834 2907,833 2969,833 3032,831 3094,830 3156,830 3219,828 3281,827 3344,824 3406,822 3468,819 3531,815 3593,809 3656,804"/>
                <Word id="r5l8_w1" custom="readingOrder {index:0;}">
                    <Coords points="2414,806 2414,866 2621,866 2621,806"/>
                    <TextEquiv>
                        <Unicode>habenden</Unicode>
                    </TextEquiv>
                </Word>
                <Word id="r5l8_w2" custom="readingOrder {index:1;}">
                    <Coords points="2677,794 2677,854 2952,854 2952,794"/>
                    <TextEquiv>
                        <Unicode>Lümbdens</Unicode>
                    </TextEquiv>
                </Word>
                <Word id="r5l8_w3" custom="readingOrder {index:2;}">
                    <Coords points="2981,790 2981,850 3245,850 3245,790"/>
                    <TextEquiv>
                        <Unicode>horgehalten</Unicode>
                    </TextEquiv>
                </Word>
                <Word id="r5l8_w4" custom="readingOrder {index:3;}">
                    <Coords points="3272,784 3272,844 3381,844 3381,784"/>
                    <TextEquiv>
                        <Unicode>beden</Unicode>
                    </TextEquiv>
                </Word>
                <Word id="r5l8_w5" custom="readingOrder {index:4;}">
                    <Coords points="3410,776 3410,836 3590,836 3590,776"/>
                    <TextEquiv>
                        <Unicode>sollindt</Unicode>
                    </TextEquiv>
                </Word>
                <TextEquiv>
                    <Unicode>habenden Lümbdens horgehalten beden sollindt</Unicode>
                </TextEquiv>
            </TextLine>
            <TextLine id="r5l9" custom="readingOrder {index:8;}">
                <Coords points="2377,957 2638,916 2765,982 2862,909 2943,948 3229,897 3531,916 3646,898 3645,829 2375,893"/>
                <Baseline points="2384,936 2446,929 2509,924 2572,918 2634,915 2697,912 2760,911 2822,909 2885,908 2948,908 3011,908 3073,908 3136,906 3199,906 3261,906 3324,905 3387,903 3449,900 3512,897 3575,894 3638,888"/>
                <Word id="r5l9_w1" custom="readingOrder {index:0;}">
                    <Coords points="2411,879 2411,939 2707,939 2707,879"/>
                    <TextEquiv>
                        <Unicode>vermeinung,</Unicode>
                    </TextEquiv>
                </Word>
                <Word id="r5l9_w2" custom="readingOrder {index:1;}">
                    <Coords points="2730,870 2730,930 2802,930 2802,870"/>
                    <TextEquiv>
                        <Unicode>daß</Unicode>
                    </TextEquiv>
                </Word>
                <Word id="r5l9_w3" custom="readingOrder {index:2;}">
                    <Coords points="2850,868 2850,928 2885,928 2885,868"/>
                    <TextEquiv>
                        <Unicode>zu</Unicode>
                    </TextEquiv>
                </Word>
                <Word id="r5l9_w4" custom="readingOrder {index:3;}">
                    <Coords points="2933,868 2933,928 3180,928 3180,868"/>
                    <TextEquiv>
                        <Unicode>abmeidung</Unicode>
                    </TextEquiv>
                </Word>
                <Word id="r5l9_w5" custom="readingOrder {index:4;}">
                    <Coords points="3217,864 3217,924 3465,924 3465,864"/>
                    <TextEquiv>
                        <Unicode>ohnnötiges</Unicode>
                    </TextEquiv>
                </Word>
                <Word id="r5l9_w6" custom="readingOrder {index:5;}">
                    <Coords points="3501,854 3501,914 3619,914 3619,854"/>
                    <TextEquiv>
                        <Unicode>sosten</Unicode>
                    </TextEquiv>
                </Word>
                <TextEquiv>
                    <Unicode>vermeinung, daß zu abmeidung ohnnötiges sosten</Unicode>
                </TextEquiv>
            </TextLine>
            <TextLine id="r5l10" custom="readingOrder {index:9;}">
                <Coords points="2394,1024 2892,997 2988,1045 3258,979 3339,1038 3647,988 3646,942 3227,898 3048,910 2966,975 2865,909 2780,974 2631,919 2391,947"/>
                <Baseline points="2402,1016 2463,1011 2525,1006 2587,1002 2649,999 2711,997 2772,995 2834,992 2896,990 2958,989 3020,987 3081,987 3143,986 3205,984 3267,983 3329,983 3390,980 3452,979 3514,977 3576,974 3638,972"/>
                <Word id="r5l10_w1" custom="readingOrder {index:0;}">
                    <Coords points="2406,972 2406,1032 2493,1032 2493,972"/>
                    <TextEquiv>
                        <Unicode>der</Unicode>
                    </TextEquiv>
                </Word>
                <Word id="r5l10_w2" custom="readingOrder {index:1;}">
                    <Coords points="2518,959 2518,1019 2759,1019 2759,959"/>
                    <TextEquiv>
                        <Unicode>Schwägler</Unicode>
                    </TextEquiv>
                </Word>
                <Word id="r5l10_w3" custom="readingOrder {index:2;}">
                    <Coords points="2784,952 2784,1012 2861,1012 2861,952"/>
                    <TextEquiv>
                        <Unicode>bein</Unicode>
                    </TextEquiv>
                </Word>
                <Word id="r5l10_w4" custom="readingOrder {index:3;}">
                    <Coords points="2898,947 2898,1007 3251,1007 3251,947"/>
                    <TextEquiv>
                        <Unicode>außgeschoßßen</Unicode>
                    </TextEquiv>
                </Word>
                <Word id="r5l10_w5" custom="readingOrder {index:4;}">
                    <Coords points="3264,943 3264,1003 3302,1003 3302,943"/>
                    <TextEquiv>
                        <Unicode>er</Unicode>
                    </TextEquiv>
                </Word>
                <Word id="r5l10_w6" custom="readingOrder {index:5;}">
                    <Coords points="3327,939 3327,999 3567,999 3567,939"/>
                    <TextEquiv>
                        <Unicode>zugegeben</Unicode>
                    </TextEquiv>
                </Word>
                <TextEquiv>
                    <Unicode>der Schwägler bein außgeschoßßen er zugegeben</Unicode>
                </TextEquiv>
            </TextLine>
            <TextLine id="r5l11" custom="readingOrder {index:10;}">
                <Coords points="2400,1105 3007,1068 3085,1124 3178,1072 3275,1119 3353,1080 3545,1120 3600,1109 3598,996 3337,1038 3207,982 3120,1043 3080,1006 2989,1044 2895,997 2745,1041 2627,1006 2523,1060 2398,1025"/>
                <Baseline points="2408,1085 2467,1081 2526,1077 2585,1074 2644,1072 2703,1070 2762,1068 2821,1067 2880,1065 2939,1065 2999,1064 3058,1064 3117,1062 3176,1062 3235,1061 3294,1061 3353,1059 3412,1058 3471,1055 3530,1052 3590,1049"/>
                <Word id="r5l11_w1" custom="readingOrder {index:0;}">
                    <Coords points="2400,1040 2400,1100 2538,1100 2538,1040"/>
                    <TextEquiv>
                        <Unicode>werden</Unicode>
                    </TextEquiv>
                </Word>
                <Word id="r5l11_w2" custom="readingOrder {index:1;}">
                    <Coords points="2576,1031 2576,1091 2714,1091 2714,1031"/>
                    <TextEquiv>
                        <Unicode>solle.</Unicode>
                    </TextEquiv>
                </Word>
                <Word id="r5l11_w3" custom="readingOrder {index:2;}">
                    <Coords points="2726,1027 2726,1087 2802,1087 2802,1027"/>
                    <TextEquiv>
                        <Unicode>NB.</Unicode>
                    </TextEquiv>
                </Word>
                <Word id="r5l11_w4" custom="readingOrder {index:3;}">
                    <Coords points="2828,1025 2828,1085 2878,1085 2878,1025"/>
                    <TextEquiv>
                        <Unicode>die</Unicode>
                    </TextEquiv>
                </Word>
                <Word id="r5l11_w5" custom="readingOrder {index:4;}">
                    <Coords points="2903,1024 2903,1084 3029,1084 3029,1024"/>
                    <TextEquiv>
                        <Unicode>Epoque</Unicode>
                    </TextEquiv>
                </Word>
                <Word id="r5l11_w6" custom="readingOrder {index:5;}">
                    <Coords points="3054,1021 3054,1081 3382,1081 3382,1021"/>
                    <TextEquiv>
                        <Unicode>Sersschwätgrung</Unicode>
                    </TextEquiv>
                </Word>
                <Word id="r5l11_w7" custom="readingOrder {index:6;}">
                    <Coords points="3394,1017 3394,1077 3446,1077 3446,1017"/>
                    <TextEquiv>
                        <Unicode>ist</Unicode>
                    </TextEquiv>
                </Word>
                <Word id="r5l11_w8" custom="readingOrder {index:7;}">
                    <Coords points="3470,1014 3470,1074 3495,1074 3495,1014"/>
                    <TextEquiv>
                        <Unicode>14</Unicode>
                    </TextEquiv>
                </Word>
                <Word id="r5l11_w9" custom="readingOrder {index:8;}">
                    <Coords points="3534,1010 3534,1070 3583,1070 3583,1010"/>
                    <TextEquiv>
                        <Unicode>Tag</Unicode>
                    </TextEquiv>
                </Word>
                <TextEquiv>
                    <Unicode>werden solle. NB. die Epoque Sersschwätgrung ist 14 Tag</Unicode>
                </TextEquiv>
            </TextLine>
            <TextLine id="r5l12" custom="readingOrder {index:11;}">
                <Coords points="2420,1192 2470,1179 2556,1204 2685,1140 2794,1186 2919,1133 2981,1150 2980,1094 2892,1072 2787,1098 2701,1066 2623,1085 2568,1068 2418,1116"/>
                <Baseline points="2427,1139 2454,1139 2481,1139 2508,1138 2536,1137 2563,1136 2590,1134 2618,1133 2645,1133 2672,1131 2700,1130 2727,1128 2754,1128 2781,1127 2809,1126 2836,1125 2863,1125 2891,1126 2918,1127 2945,1128 2973,1130"/>
                <Word id="r5l12_w1" custom="readingOrder {index:0;}">
                    <Coords points="2420,1099 2420,1159 2486,1159 2486,1099"/>
                    <TextEquiv>
                        <Unicode>noch</Unicode>
                    </TextEquiv>
                </Word>
                <Word id="r5l12_w2" custom="readingOrder {index:1;}">
                    <Coords points="2513,1096 2513,1156 2606,1156 2606,1096"/>
                    <TextEquiv>
                        <Unicode>Jacob</Unicode>
                    </TextEquiv>
                </Word>
                <Word id="r5l12_w3" custom="readingOrder {index:2;}">
                    <Coords points="2645,1088 2645,1148 2845,1148 2845,1088"/>
                    <TextEquiv>
                        <Unicode>freudergn</Unicode>
                    </TextEquiv>
                </Word>
                <Word id="r5l12_w4" custom="readingOrder {index:3;}">
                    <Coords points="2858,1086 2858,1146 2936,1146 2936,1086"/>
                    <TextEquiv>
                        <Unicode>Jahr</Unicode>
                    </TextEquiv>
                </Word>
                <TextEquiv>
                    <Unicode>noch Jacob freudergn Jahr</Unicode>
                </TextEquiv>
            </TextLine>
            <TextLine id="r5l13" custom="readingOrder {index:12;}">
                <Coords points="2358,1273 2700,1294 2834,1208 2893,1255 3487,1264 3570,1204 3683,1216 3681,1149 3422,1116 3130,1169 3031,1117 2961,1166 2355,1188"/>
                <Baseline points="2367,1262 2432,1257 2497,1253 2563,1248 2628,1245 2693,1242 2759,1239 2824,1238 2889,1235 2955,1233 3020,1232 3085,1230 3151,1228 3216,1226 3281,1223 3347,1221 3412,1218 3477,1215 3543,1211 3608,1206 3674,1202"/>
                <Word id="r5l13_w1" custom="readingOrder {index:0;}">
                    <Coords points="2385,1210 2385,1270 2684,1270 2684,1210"/>
                    <TextEquiv>
                        <Unicode>BimLitz</Unicode>
                    </TextEquiv>
                </Word>
                <Word id="r5l13_w2" custom="readingOrder {index:1;}">
                    <Coords points="2711,1200 2711,1260 2753,1260 2753,1200"/>
                    <TextEquiv>
                        <Unicode>an</Unicode>
                    </TextEquiv>
                </Word>
                <Word id="r5l13_w3" custom="readingOrder {index:2;}">
                    <Coords points="2793,1198 2793,1258 2819,1258 2819,1198"/>
                    <TextEquiv>
                        <Unicode>H</Unicode>
                    </TextEquiv>
                </Word>
                <Word id="r5l13_w4" custom="readingOrder {index:3;}">
                    <Coords points="2901,1192 2901,1252 3121,1252 3121,1192"/>
                    <TextEquiv>
                        <Unicode>Wachh.</Unicode>
                    </TextEquiv>
                </Word>
                <Word id="r5l13_w5" custom="readingOrder {index:4;}">
                    <Coords points="3147,1185 3147,1245 3325,1245 3325,1185"/>
                    <TextEquiv>
                        <Unicode>Weilen</Unicode>
                    </TextEquiv>
                </Word>
                <Word id="r5l13_w6" custom="readingOrder {index:5;}">
                    <Coords points="3351,1178 3351,1238 3460,1238 3460,1178"/>
                    <TextEquiv>
                        <Unicode>laut</Unicode>
                    </TextEquiv>
                </Word>
                <Word id="r5l13_w7" custom="readingOrder {index:6;}">
                    <Coords points="3487,1172 3487,1232 3555,1232 3555,1172"/>
                    <TextEquiv>
                        <Unicode>deß</Unicode>
                    </TextEquiv>
                </Word>
                <Word id="r5l13_w8" custom="readingOrder {index:7;}">
                    <Coords points="3611,1163 3611,1223 3693,1223 3693,1163"/>
                    <TextEquiv>
                        <Unicode>H.</Unicode>
                    </TextEquiv>
                </Word>
                <TextEquiv>
                    <Unicode>BimLitz an H Wachh. Weilen laut deß H.</Unicode>
                </TextEquiv>
            </TextLine>
            <TextLine id="r5l14" custom="readingOrder {index:13;}">
                <Coords points="2393,1402 2748,1320 3362,1349 3699,1305 3659,1209 3488,1269 2893,1254 2834,1209 2693,1295 2388,1267"/>
                <Baseline points="2400,1352 2464,1346 2528,1341 2593,1337 2657,1333 2722,1329 2786,1328 2851,1326 2915,1323 2980,1322 3044,1320 3108,1319 3173,1317 3237,1316 3302,1313 3366,1311 3431,1308 3495,1305 3560,1301 3624,1296 3689,1290"/>
                <Word id="r5l14_w1" custom="readingOrder {index:0;}">
                    <Coords points="2391,1303 2391,1363 2589,1363 2589,1303"/>
                    <TextEquiv>
                        <Unicode>Pfeehl.</Unicode>
                    </TextEquiv>
                </Word>
                <Word id="r5l14_w2" custom="readingOrder {index:1;}">
                    <Coords points="2603,1288 2603,1348 2915,1348 2915,1288"/>
                    <TextEquiv>
                        <Unicode>berichtscheben</Unicode>
                    </TextEquiv>
                </Word>
                <Word id="r5l14_w3" custom="readingOrder {index:2;}">
                    <Coords points="3013,1279 3013,1339 3085,1339 3085,1279"/>
                    <TextEquiv>
                        <Unicode>des</Unicode>
                    </TextEquiv>
                </Word>
                <Word id="r5l14_w4" custom="readingOrder {index:3;}">
                    <Coords points="3127,1278 3127,1338 3141,1338 3141,1278"/>
                    <TextEquiv>
                        <Unicode>M</Unicode>
                    </TextEquiv>
                </Word>
                <Word id="r5l14_w5" custom="readingOrder {index:4;}">
                    <Coords points="3282,1269 3282,1329 3523,1329 3523,1269"/>
                    <TextEquiv>
                        <Unicode>Abrasamb</Unicode>
                    </TextEquiv>
                </Word>
                <Word id="r5l14_w6" custom="readingOrder {index:5;}">
                    <Coords points="3551,1256 3551,1316 3679,1316 3679,1256"/>
                    <TextEquiv>
                        <Unicode>sutzen</Unicode>
                    </TextEquiv>
                </Word>
                <TextEquiv>
                    <Unicode>Pfeehl. berichtscheben des M Abrasamb sutzen</Unicode>
                </TextEquiv>
            </TextLine>
            <TextLine id="r5l15" custom="readingOrder {index:14;}">
                <Coords points="2399,1433 2534,1472 2687,1406 2845,1439 3256,1395 3387,1457 3438,1406 3642,1390 3640,1318 3359,1350 3183,1309 3026,1355 2972,1311 2748,1321 2397,1396"/>
                <Baseline points="2406,1430 2467,1425 2528,1420 2590,1416 2651,1413 2712,1410 2774,1407 2835,1405 2896,1404 2958,1403 3019,1401 3080,1400 3142,1398 3203,1397 3264,1396 3326,1395 3387,1394 3448,1391 3510,1389 3571,1386 3633,1383"/>
                <Word id="r5l15_w1" custom="readingOrder {index:0;}">
                    <Coords points="2412,1387 2412,1447 2451,1447 2451,1387"/>
                    <TextEquiv>
                        <Unicode>in</Unicode>
                    </TextEquiv>
                </Word>
                <Word id="r5l15_w2" custom="readingOrder {index:1;}">
                    <Coords points="2464,1380 2464,1440 2581,1440 2581,1380"/>
                    <TextEquiv>
                        <Unicode>seineß</Unicode>
                    </TextEquiv>
                </Word>
                <Word id="r5l15_w3" custom="readingOrder {index:2;}">
                    <Coords points="2633,1370 2633,1430 2778,1430 2778,1370"/>
                    <TextEquiv>
                        <Unicode>Sohns</Unicode>
                    </TextEquiv>
                </Word>
                <Word id="r5l15_w4" custom="readingOrder {index:3;}">
                    <Coords points="2829,1363 2829,1423 3051,1423 3051,1363"/>
                    <TextEquiv>
                        <Unicode>Allbrchte</Unicode>
                    </TextEquiv>
                </Word>
                <Word id="r5l15_w5" custom="readingOrder {index:4;}">
                    <Coords points="3090,1356 3090,1416 3338,1416 3338,1356"/>
                    <TextEquiv>
                        <Unicode>Vorhabende</Unicode>
                    </TextEquiv>
                </Word>
                <Word id="r5l15_w6" custom="readingOrder {index:5;}">
                    <Coords points="3363,1353 3363,1413 3429,1413 3429,1353"/>
                    <TextEquiv>
                        <Unicode>Ehr</Unicode>
                    </TextEquiv>
                </Word>
                <Word id="r5l15_w7" custom="readingOrder {index:6;}">
                    <Coords points="3481,1347 3481,1407 3586,1407 3586,1347"/>
                    <TextEquiv>
                        <Unicode>mit</Unicode>
                    </TextEquiv>
                </Word>
                <TextEquiv>
                    <Unicode>in seineß Sohns Allbrchte Vorhabende Ehr mit</Unicode>
                </TextEquiv>
            </TextLine>
            <TextLine id="r5l16" custom="readingOrder {index:15;}">
                <Coords points="2393,1522 3314,1475 3409,1528 3558,1484 3556,1405 3358,1453 3255,1395 2845,1439 2687,1406 2541,1475 2392,1468"/>
                <Baseline points="2400,1503 2457,1500 2514,1498 2572,1496 2629,1493 2687,1491 2744,1490 2802,1487 2859,1485 2917,1482 2974,1481 3031,1478 3089,1476 3146,1475 3204,1474 3261,1473 3319,1472 3376,1470 3434,1469 3491,1469 3549,1469"/>
                <Word id="r5l16_w1" custom="readingOrder {index:0;}">
                    <Coords points="2404,1460 2404,1520 2507,1520 2507,1460"/>
                    <TextEquiv>
                        <Unicode>Anna</Unicode>
                    </TextEquiv>
                </Word>
                <Word id="r5l16_w2" custom="readingOrder {index:1;}">
                    <Coords points="2588,1451 2588,1511 2772,1511 2772,1451"/>
                    <TextEquiv>
                        <Unicode>Abrhart</Unicode>
                    </TextEquiv>
                </Word>
                <Word id="r5l16_w3" custom="readingOrder {index:2;}">
                    <Coords points="2806,1445 2806,1505 2899,1505 2899,1445"/>
                    <TextEquiv>
                        <Unicode>von</Unicode>
                    </TextEquiv>
                </Word>
                <Word id="r5l16_w4" custom="readingOrder {index:3;}">
                    <Coords points="2933,1436 2933,1496 3244,1496 3244,1436"/>
                    <TextEquiv>
                        <Unicode>Graffeniet</Unicode>
                    </TextEquiv>
                </Word>
                <Word id="r5l16_w5" custom="readingOrder {index:4;}">
                    <Coords points="3280,1429 3280,1489 3543,1489 3543,1429"/>
                    <TextEquiv>
                        <Unicode>nunmehro</Unicode>
                    </TextEquiv>
                </Word>
                <TextEquiv>
                    <Unicode>Anna Abrhart von Graffeniet nunmehro</Unicode>
                </TextEquiv>
            </TextLine>
            <TextLine id="r5l17" custom="readingOrder {index:16;}">
                <Coords points="2392,1591 2998,1554 3147,1623 3402,1549 3698,1575 3696,1485 2390,1525"/>
                <Baseline points="2399,1575 2463,1574 2528,1572 2592,1571 2657,1569 2721,1567 2786,1565 2850,1563 2915,1561 2979,1559 3044,1557 3108,1556 3173,1554 3237,1553 3302,1552 3366,1551 3431,1550 3495,1550 3560,1550 3624,1550 3689,1550"/>
                <Word id="r5l17_w1" custom="readingOrder {index:0;}">
                    <Coords points="2391,1531 2391,1591 2714,1591 2714,1531"/>
                    <TextEquiv>
                        <Unicode>einwilliget,</Unicode>
                    </TextEquiv>
                </Word>
                <Word id="r5l17_w2" custom="readingOrder {index:1;}">
                    <Coords points="2736,1525 2736,1585 2829,1585 2829,1525"/>
                    <TextEquiv>
                        <Unicode>alß</Unicode>
                    </TextEquiv>
                </Word>
                <Word id="r5l17_w3" custom="readingOrder {index:2;}">
                    <Coords points="2875,1519 2875,1579 3025,1579 3025,1519"/>
                    <TextEquiv>
                        <Unicode>habind</Unicode>
                    </TextEquiv>
                </Word>
                <Word id="r5l17_w4" custom="readingOrder {index:3;}">
                    <Coords points="3049,1516 3049,1576 3118,1576 3118,1516"/>
                    <TextEquiv>
                        <Unicode>Mein</Unicode>
                    </TextEquiv>
                </Word>
                <Word id="r5l17_w5" custom="readingOrder {index:4;}">
                    <Coords points="3129,1513 3129,1573 3222,1573 3222,1513"/>
                    <TextEquiv>
                        <Unicode>gnädigen</Unicode>
                    </TextEquiv>
                </Word>
                <Word id="r5l17_w6" custom="readingOrder {index:5;}">
                    <Coords points="3233,1512 3233,1572 3326,1572 3326,1512"/>
                    <TextEquiv>
                        <Unicode>Herren</Unicode>
                    </TextEquiv>
                </Word>
                <Word id="r5l17_w7" custom="readingOrder {index:6;}">
                    <Coords points="3338,1511 3338,1571 3372,1571 3372,1511"/>
                    <TextEquiv>
                        <Unicode>in</Unicode>
                    </TextEquiv>
                </Word>
                <Word id="r5l17_w8" custom="readingOrder {index:7;}">
                    <Coords points="3395,1510 3395,1570 3683,1570 3683,1510"/>
                    <TextEquiv>
                        <Unicode>abfnderung</Unicode>
                    </TextEquiv>
                </Word>
                <TextEquiv>
                    <Unicode>einwilliget, alß habind Mein gnädigen Herren in abfnderung</Unicode>
                </TextEquiv>
            </TextLine>
            <TextLine id="r5l18" custom="readingOrder {index:17;}">
                <Coords points="2395,1675 2992,1645 3242,1696 3360,1634 3458,1695 3532,1634 3682,1623 3680,1553 3142,1627 2846,1574 2771,1632 2637,1586 2557,1631 2472,1580 2393,1621"/>
                <Baseline points="2402,1665 2465,1662 2529,1660 2592,1658 2656,1656 2720,1655 2783,1653 2847,1652 2910,1650 2974,1650 3038,1649 3101,1647 3165,1646 3228,1644 3292,1641 3356,1640 3419,1637 3483,1634 3546,1629 3610,1625 3674,1620"/>
                <Word id="r5l18_w1" custom="readingOrder {index:0;}">
                    <Coords points="2405,1622 2405,1682 2494,1682 2494,1622"/>
                    <TextEquiv>
                        <Unicode>dero</Unicode>
                    </TextEquiv>
                </Word>
                <Word id="r5l18_w2" custom="readingOrder {index:1;}">
                    <Coords points="2516,1615 2516,1675 2841,1675 2841,1615"/>
                    <TextEquiv>
                        <Unicode>Erkantnuß,</Unicode>
                    </TextEquiv>
                </Word>
                <Word id="r5l18_w3" custom="readingOrder {index:2;}">
                    <Coords points="2874,1610 2874,1670 3043,1670 3043,1610"/>
                    <TextEquiv>
                        <Unicode>selbige</Unicode>
                    </TextEquiv>
                </Word>
                <Word id="r5l18_w4" custom="readingOrder {index:3;}">
                    <Coords points="3076,1606 3076,1666 3188,1666 3188,1606"/>
                    <TextEquiv>
                        <Unicode>auch</Unicode>
                    </TextEquiv>
                </Word>
                <Word id="r5l18_w5" custom="readingOrder {index:4;}">
                    <Coords points="3221,1599 3221,1659 3512,1659 3512,1599"/>
                    <TextEquiv>
                        <Unicode>gestattet,</Unicode>
                    </TextEquiv>
                </Word>
                <Word id="r5l18_w6" custom="readingOrder {index:5;}">
                    <Coords points="3534,1588 3534,1648 3567,1648 3567,1588"/>
                    <TextEquiv>
                        <Unicode>so</Unicode>
                    </TextEquiv>
                </Word>
                <Word id="r5l18_w7" custom="readingOrder {index:6;}">
                    <Coords points="3602,1583 3602,1643 3657,1643 3657,1583"/>
                    <TextEquiv>
                        <Unicode>daß</Unicode>
                    </TextEquiv>
                </Word>
                <TextEquiv>
                    <Unicode>dero Erkantnuß, selbige auch gestattet, so daß</Unicode>
                </TextEquiv>
            </TextLine>
            <TextLine id="r5l19" custom="readingOrder {index:18;}">
                <Coords points="2394,1748 3170,1787 3249,1743 3372,1790 3623,1713 3551,1633 3461,1695 3370,1641 3243,1696 2994,1644 2393,1675"/>
                <Baseline points="2402,1742 2462,1740 2523,1739 2583,1737 2644,1737 2705,1737 2765,1737 2826,1737 2886,1737 2947,1737 3008,1736 3068,1736 3129,1735 3189,1734 3250,1733 3311,1731 3371,1728 3432,1725 3492,1721 3553,1716 3614,1710"/>
                <Word id="r5l19_w1" custom="readingOrder {index:0;}">
                    <Coords points="2398,1700 2398,1760 2493,1760 2493,1700"/>
                    <TextEquiv>
                        <Unicode>mit</Unicode>
                    </TextEquiv>
                </Word>
                <Word id="r5l19_w2" custom="readingOrder {index:1;}">
                    <Coords points="2524,1697 2524,1757 2603,1757 2603,1697"/>
                    <TextEquiv>
                        <Unicode>den</Unicode>
                    </TextEquiv>
                </Word>
                <Word id="r5l19_w3" custom="readingOrder {index:2;}">
                    <Coords points="2634,1697 2634,1757 2872,1757 2872,1697"/>
                    <TextEquiv>
                        <Unicode>gekhrten</Unicode>
                    </TextEquiv>
                </Word>
                <Word id="r5l19_w4" custom="readingOrder {index:3;}">
                    <Coords points="2903,1695 2903,1755 3284,1755 3284,1695"/>
                    <TextEquiv>
                        <Unicode>Verfündungen</Unicode>
                    </TextEquiv>
                </Word>
                <Word id="r5l19_w5" custom="readingOrder {index:4;}">
                    <Coords points="3300,1682 3300,1742 3633,1742 3633,1682"/>
                    <TextEquiv>
                        <Unicode>fortgefahren</Unicode>
                    </TextEquiv>
                </Word>
                <TextEquiv>
                    <Unicode>mit den gekhrten Verfündungen fortgefahren</Unicode>
                </TextEquiv>
            </TextLine>
            <TextLine id="r5l20" custom="readingOrder {index:19;}">
                <Coords points="2401,1831 2511,1834 2530,1821 2625,1838 2655,1823 2724,1857 2792,1844 2793,1786 2757,1765 2691,1770 2654,1742 2556,1768 2527,1744 2494,1768 2446,1759 2402,1780"/>
                <Baseline points="2409,1824 2434,1821 2459,1818 2484,1815 2509,1814 2534,1814 2559,1814 2584,1814 2609,1814 2634,1815 2659,1817 2684,1819 2709,1821 2734,1823 2759,1825 2784,1827"/>
                <Word id="r5l20_w1" custom="readingOrder {index:0;}">
                    <Coords points="2410,1776 2410,1836 2534,1836 2534,1776"/>
                    <TextEquiv>
                        <Unicode>werden</Unicode>
                    </TextEquiv>
                </Word>
                <Word id="r5l20_w2" custom="readingOrder {index:1;}">
                    <Coords points="2555,1774 2555,1834 2689,1834 2689,1774"/>
                    <TextEquiv>
                        <Unicode>kant</Unicode>
                    </TextEquiv>
                </Word>
                <TextEquiv>
                    <Unicode>werden kant</Unicode>
                </TextEquiv>
            </TextLine>
            <TextLine id="r5l21" custom="readingOrder {index:20;}">
                <Coords points="2332,2038 3564,2006 3652,1991 3651,1929 3503,1906 3412,1950 3270,1876 3049,1863 2905,1947 2821,1904 2619,1927 2560,1874 2330,1940"/>
                <Baseline points="2340,2028 2405,2021 2470,2016 2535,2012 2600,2009 2666,2006 2731,2005 2796,2004 2861,2004 2926,2004 2992,2004 3057,2004 3122,2004 3187,2003 3252,2003 3318,2001 3383,1999 3448,1995 3513,1991 3578,1986 3644,1979"/>
                <Word id="r5l21_w1" custom="readingOrder {index:0;}">
                    <Coords points="2354,1971 2354,2031 2724,2031 2724,1971"/>
                    <TextEquiv>
                        <Unicode>Aitchbegbey</Unicode>
                    </TextEquiv>
                </Word>
                <Word id="r5l21_w2" custom="readingOrder {index:1;}">
                    <Coords points="2759,1964 2759,2024 2902,2024 2902,1964"/>
                    <TextEquiv>
                        <Unicode>Frauw</Unicode>
                    </TextEquiv>
                </Word>
                <Word id="r5l21_w3" custom="readingOrder {index:2;}">
                    <Coords points="2954,1964 2954,2024 3060,2024 3060,1964"/>
                    <TextEquiv>
                        <Unicode>auß</Unicode>
                    </TextEquiv>
                </Word>
                <Word id="r5l21_w4" custom="readingOrder {index:3;}">
                    <Coords points="3131,1963 3131,2023 3272,2023 3272,1963"/>
                    <TextEquiv>
                        <Unicode>dhremn</Unicode>
                    </TextEquiv>
                </Word>
                <Word id="r5l21_w5" custom="readingOrder {index:4;}">
                    <Coords points="3307,1953 3307,2013 3642,2013 3642,1953"/>
                    <TextEquiv>
                        <Unicode>berichtschriben</Unicode>
                    </TextEquiv>
                </Word>
                <TextEquiv>
                    <Unicode>Aitchbegbey Frauw auß dhremn berichtschriben</Unicode>
                </TextEquiv>
            </TextLine>
            <TextLine id="r5l22" custom="readingOrder {index:21;}">
                <Coords points="2377,2132 2741,2091 2878,2148 3161,2089 3415,2132 3464,2088 3647,2086 3645,2009 3548,1993 3412,2060 3166,2003 2375,2045"/>
                <Baseline points="2384,2105 2446,2102 2509,2099 2572,2097 2634,2096 2697,2094 2760,2093 2822,2091 2885,2091 2948,2090 3011,2088 3073,2088 3136,2087 3199,2087 3261,2085 3324,2084 3387,2082 3449,2081 3512,2079 3575,2076 3638,2073"/>
                <Word id="r5l22_w1" custom="readingOrder {index:0;}">
                    <Coords points="2377,2062 2377,2122 2489,2122 2489,2062"/>
                    <TextEquiv>
                        <Unicode>hand</Unicode>
                    </TextEquiv>
                </Word>
                <Word id="r5l22_w2" custom="readingOrder {index:1;}">
                    <Coords points="2513,2057 2513,2117 2574,2117 2574,2057"/>
                    <TextEquiv>
                        <Unicode>ein</Unicode>
                    </TextEquiv>
                </Word>
                <Word id="r5l22_w3" custom="readingOrder {index:2;}">
                    <Coords points="2587,2055 2587,2115 2686,2115 2686,2055"/>
                    <TextEquiv>
                        <Unicode>gnädigen</Unicode>
                    </TextEquiv>
                </Word>
                <Word id="r5l22_w4" custom="readingOrder {index:3;}">
                    <Coords points="2699,2053 2699,2113 2798,2113 2798,2053"/>
                    <TextEquiv>
                        <Unicode>Herren</Unicode>
                    </TextEquiv>
                </Word>
                <Word id="r5l22_w5" custom="readingOrder {index:4;}">
                    <Coords points="2823,2050 2823,2110 2985,2110 2985,2050"/>
                    <TextEquiv>
                        <Unicode>uersehen</Unicode>
                    </TextEquiv>
                </Word>
                <Word id="r5l22_w6" custom="readingOrder {index:5;}">
                    <Coords points="3022,2047 3022,2107 3209,2107 3209,2047"/>
                    <TextEquiv>
                        <Unicode>gethabt,</Unicode>
                    </TextEquiv>
                </Word>
                <Word id="r5l22_w7" custom="readingOrder {index:6;}">
                    <Coords points="3221,2044 3221,2104 3382,2104 3382,2044"/>
                    <TextEquiv>
                        <Unicode>welcher</Unicode>
                    </TextEquiv>
                </Word>
                <Word id="r5l22_w8" custom="readingOrder {index:7;}">
                    <Coords points="3394,2039 3394,2099 3618,2099 3618,2039"/>
                    <TextEquiv>
                        <Unicode>gestalten</Unicode>
                    </TextEquiv>
                </Word>
                <TextEquiv>
                    <Unicode>hand ein gnädigen Herren uersehen gethabt, welcher gestalten</Unicode>
                </TextEquiv>
            </TextLine>
            <TextLine id="r5l23" custom="readingOrder {index:22;}">
                <Coords points="2356,2202 3623,2183 3629,2099 3411,2132 3298,2093 3200,2148 2944,2110 2871,2151 2739,2091 2541,2155 2430,2107 2355,2156"/>
                <Baseline points="2364,2189 2430,2187 2496,2184 2562,2183 2629,2180 2695,2178 2761,2175 2827,2174 2894,2171 2960,2169 3026,2168 3092,2166 3159,2165 3225,2163 3291,2162 3357,2160 3424,2160 3490,2159 3556,2159 3623,2159"/>
                <Word id="r5l23_w1" custom="readingOrder {index:0;}">
                    <Coords points="2377,2146 2377,2206 2499,2206 2499,2146"/>
                    <TextEquiv>
                        <Unicode>Anna</Unicode>
                    </TextEquiv>
                </Word>
                <Word id="r5l23_w2" custom="readingOrder {index:1;}">
                    <Coords points="2554,2140 2554,2200 2699,2200 2699,2140"/>
                    <TextEquiv>
                        <Unicode>Adter</Unicode>
                    </TextEquiv>
                </Word>
                <Word id="r5l23_w3" custom="readingOrder {index:2;}">
                    <Coords points="2731,2134 2731,2194 2820,2194 2820,2134"/>
                    <TextEquiv>
                        <Unicode>von</Unicode>
                    </TextEquiv>
                </Word>
                <Word id="r5l23_w4" custom="readingOrder {index:3;}">
                    <Coords points="2887,2128 2887,2188 3109,2188 3109,2128"/>
                    <TextEquiv>
                        <Unicode>Biberstein</Unicode>
                    </TextEquiv>
                </Word>
                <Word id="r5l23_w5" custom="readingOrder {index:4;}">
                    <Coords points="3185,2120 3185,2180 3606,2180 3606,2120"/>
                    <TextEquiv>
                        <Unicode>undergnugsammer</Unicode>
                    </TextEquiv>
                </Word>
                <TextEquiv>
                    <Unicode>Anna Adter von Biberstein undergnugsammer</Unicode>
                </TextEquiv>
            </TextLine>
            <TextLine id="r5l24" custom="readingOrder {index:23;}">
                <Coords points="2385,2285 3110,2247 3205,2311 3336,2236 3601,2252 3498,2166 3147,2200 3053,2165 2385,2257"/>
                <Baseline points="2393,2274 2453,2271 2513,2267 2573,2264 2633,2261 2693,2258 2753,2255 2813,2253 2873,2250 2933,2249 2993,2247 3053,2246 3113,2244 3173,2243 3233,2243 3293,2241 3353,2241 3413,2241 3473,2241 3533,2241 3593,2241"/>
                <Word id="r5l24_w1" custom="readingOrder {index:0;}">
                    <Coords points="2398,2225 2398,2285 2698,2285 2698,2225"/>
                    <TextEquiv>
                        <Unicode>xamination</Unicode>
                    </TextEquiv>
                </Word>
                <Word id="r5l24_w2" custom="readingOrder {index:1;}">
                    <Coords points="2770,2212 2770,2272 2878,2272 2878,2212"/>
                    <TextEquiv>
                        <Unicode>auff</Unicode>
                    </TextEquiv>
                </Word>
                <Word id="r5l24_w3" custom="readingOrder {index:2;}">
                    <Coords points="2890,2209 2890,2269 2949,2269 2949,2209"/>
                    <TextEquiv>
                        <Unicode>dem</Unicode>
                    </TextEquiv>
                </Word>
                <Word id="r5l24_w4" custom="readingOrder {index:3;}">
                    <Coords points="3010,2205 3010,2265 3105,2265 3105,2205"/>
                    <TextEquiv>
                        <Unicode>foßt</Unicode>
                    </TextEquiv>
                </Word>
                <Word id="r5l24_w5" custom="readingOrder {index:4;}">
                    <Coords points="3129,2203 3129,2263 3322,2263 3322,2203"/>
                    <TextEquiv>
                        <Unicode>beklagten</Unicode>
                    </TextEquiv>
                </Word>
                <Word id="r5l24_w6" custom="readingOrder {index:5;}">
                    <Coords points="3346,2201 3346,2261 3550,2261 3550,2201"/>
                    <TextEquiv>
                        <Unicode>Christian</Unicode>
                    </TextEquiv>
                </Word>
                <TextEquiv>
                    <Unicode>xamination auff dem foßt beklagten Christian</Unicode>
                </TextEquiv>
            </TextLine>
            <TextLine id="r5l25" custom="readingOrder {index:24;}">
                <Coords points="2383,2391 2998,2325 3320,2376 3509,2331 3572,2377 3670,2313 3593,2246 3527,2298 3359,2237 3205,2311 2995,2258 2380,2283"/>
                <Baseline points="2391,2355 2454,2350 2518,2346 2581,2342 2645,2339 2708,2336 2772,2334 2835,2332 2899,2330 2962,2329 3026,2328 3090,2327 3153,2327 3217,2325 3280,2324 3344,2324 3407,2322 3471,2321 3534,2319 3598,2318 3662,2315"/>
                <Word id="r5l25_w1" custom="readingOrder {index:0;}">
                    <Coords points="2395,2306 2395,2366 2638,2366 2638,2306"/>
                    <TextEquiv>
                        <Unicode>bollhalte</Unicode>
                    </TextEquiv>
                </Word>
                <Word id="r5l25_w2" custom="readingOrder {index:1;}">
                    <Coords points="2678,2295 2678,2355 2766,2355 2766,2295"/>
                    <TextEquiv>
                        <Unicode>Von</Unicode>
                    </TextEquiv>
                </Word>
                <Word id="r5l25_w3" custom="readingOrder {index:2;}">
                    <Coords points="2806,2289 2806,2349 3114,2349 3114,2289"/>
                    <TextEquiv>
                        <Unicode>Mattenweil</Unicode>
                    </TextEquiv>
                </Word>
                <Word id="r5l25_w4" custom="readingOrder {index:3;}">
                    <Coords points="3164,2285 3164,2345 3242,2345 3242,2285"/>
                    <TextEquiv>
                        <Unicode>auß</Unicode>
                    </TextEquiv>
                </Word>
                <Word id="r5l25_w5" custom="readingOrder {index:4;}">
                    <Coords points="3294,2284 3294,2344 3344,2344 3344,2284"/>
                    <TextEquiv>
                        <Unicode>den</Unicode>
                    </TextEquiv>
                </Word>
                <Word id="r5l25_w6" custom="readingOrder {index:5;}">
                    <Coords points="3384,2279 3384,2339 3653,2339 3653,2279"/>
                    <TextEquiv>
                        <Unicode>Toggenburg</Unicode>
                    </TextEquiv>
                </Word>
                <TextEquiv>
                    <Unicode>bollhalte Von Mattenweil auß den Toggenburg</Unicode>
                </TextEquiv>
            </TextLine>
            <TextLine id="r5l26" custom="readingOrder {index:25;}">
                <Coords points="2387,2448 2791,2461 2917,2405 3146,2463 3514,2408 3598,2441 3650,2428 3649,2360 2989,2327 2386,2412"/>
                <Baseline points="2394,2436 2456,2433 2518,2429 2581,2425 2643,2423 2705,2420 2768,2418 2830,2417 2892,2415 2955,2414 3017,2414 3079,2413 3142,2412 3204,2412 3266,2412 3329,2412 3391,2412 3453,2412 3516,2411 3578,2411 3641,2411"/>
                <Word id="r5l26_w1" custom="readingOrder {index:0;}">
                    <Coords points="2399,2394 2399,2454 2433,2454 2433,2394"/>
                    <TextEquiv>
                        <Unicode>in</Unicode>
                    </TextEquiv>
                </Word>
                <Word id="r5l26_w2" custom="readingOrder {index:1;}">
                    <Coords points="2456,2390 2456,2450 2538,2450 2538,2390"/>
                    <TextEquiv>
                        <Unicode>Ihre</Unicode>
                    </TextEquiv>
                </Word>
                <Word id="r5l26_w3" custom="readingOrder {index:2;}">
                    <Coords points="2561,2382 2561,2442 2726,2442 2726,2382"/>
                    <TextEquiv>
                        <Unicode>genßt,</Unicode>
                    </TextEquiv>
                </Word>
                <Word id="r5l26_w4" custom="readingOrder {index:3;}">
                    <Coords points="2749,2377 2749,2437 2829,2437 2829,2377"/>
                    <TextEquiv>
                        <Unicode>alß</Unicode>
                    </TextEquiv>
                </Word>
                <Word id="r5l26_w5" custom="readingOrder {index:4;}">
                    <Coords points="2877,2374 2877,2434 3051,2434 3051,2374"/>
                    <TextEquiv>
                        <Unicode>Vatter</Unicode>
                    </TextEquiv>
                </Word>
                <Word id="r5l26_w6" custom="readingOrder {index:5;}">
                    <Coords points="3076,2372 3076,2432 3157,2432 3157,2372"/>
                    <TextEquiv>
                        <Unicode>Ihre</Unicode>
                    </TextEquiv>
                </Word>
                <Word id="r5l26_w7" custom="readingOrder {index:6;}">
                    <Coords points="3193,2372 3193,2432 3273,2432 3273,2372"/>
                    <TextEquiv>
                        <Unicode>zur</Unicode>
                    </TextEquiv>
                </Word>
                <Word id="r5l26_w8" custom="readingOrder {index:7;}">
                    <Coords points="3296,2372 3296,2432 3413,2432 3413,2372"/>
                    <TextEquiv>
                        <Unicode>welt</Unicode>
                    </TextEquiv>
                </Word>
                <Word id="r5l26_w9" custom="readingOrder {index:8;}">
                    <Coords points="3449,2371 3449,2431 3647,2431 3647,2371"/>
                    <TextEquiv>
                        <Unicode>gebohren</Unicode>
                    </TextEquiv>
                </Word>
                <TextEquiv>
                    <Unicode>in Ihre genßt, alß Vatter Ihre zur welt gebohren</Unicode>
                </TextEquiv>
            </TextLine>
            <TextLine id="r5l27" custom="readingOrder {index:26;}">
                <Coords points="2359,2552 2491,2530 2595,2591 2758,2590 2922,2502 3376,2580 3499,2512 3572,2532 3570,2452 3035,2432 2915,2486 2844,2431 2678,2478 2551,2434 2449,2509 2358,2509"/>
                <Baseline points="2366,2534 2425,2530 2485,2525 2545,2522 2605,2520 2665,2517 2725,2516 2784,2514 2844,2513 2904,2511 2964,2511 3024,2511 3084,2510 3144,2510 3203,2510 3263,2511 3323,2511 3383,2511 3443,2511 3503,2511 3563,2511"/>
                <Word id="r5l27_w1" custom="readingOrder {index:0;}">
                    <Coords points="2375,2487 2375,2547 2541,2547 2541,2487"/>
                    <TextEquiv>
                        <Unicode>kindts</Unicode>
                    </TextEquiv>
                </Word>
                <Word id="r5l27_w2" custom="readingOrder {index:1;}">
                    <Coords points="2568,2474 2568,2534 2942,2534 2942,2474"/>
                    <TextEquiv>
                        <Unicode>verharnetseye,</Unicode>
                    </TextEquiv>
                </Word>
                <Word id="r5l27_w3" custom="readingOrder {index:2;}">
                    <Coords points="2971,2470 2971,2530 3192,2530 3192,2470"/>
                    <TextEquiv>
                        <Unicode>Woelber</Unicode>
                    </TextEquiv>
                </Word>
                <Word id="r5l27_w4" custom="readingOrder {index:3;}">
                    <Coords points="3219,2471 3219,2531 3415,2531 3415,2471"/>
                    <TextEquiv>
                        <Unicode>dieselben</Unicode>
                    </TextEquiv>
                </Word>
                <Word id="r5l27_w5" custom="readingOrder {index:4;}">
                    <Coords points="3442,2471 3442,2531 3539,2531 3539,2471"/>
                    <TextEquiv>
                        <Unicode>Ihnen</Unicode>
                    </TextEquiv>
                </Word>
                <TextEquiv>
                    <Unicode>kindts verharnetseye, Woelber dieselben Ihnen</Unicode>
                </TextEquiv>
            </TextLine>
            <TextEquiv>
                <Unicode></Unicode>
            </TextEquiv>
        </TextRegion>
    </Page>
</PcGts>
