4032 3024
442 172 573 232 39.

387 1010 532 1070 Lansun
561 1002 692 1062 Mbedt

386 1078 523 1138 Gruber
558 1067 695 1127 Olympe

373 1969 573 2029 Magland
604 1969 710 2029 Piere

375 2110 501 2170 Galag
533 2104 689 2164 Salomon

797 244 1087 304 auffgetragen
1100 238 1224 298 haben
1267 233 1459 293 wollind,
1486 232 1556 292 Sie
1583 233 1707 293 fraer
1748 235 1791 295 im
1832 239 1956 299 Eyde

774 339 1009 399 vestiiden
1062 324 1207 384 laßen,
1233 319 1325 379 undt
1351 317 1468 377 selbe
1509 317 1600 377 nach
1626 319 1744 379 worts
1771 325 1863 385 mit
1876 333 2019 393 nötigen

775 420 916 480 bericht
941 419 976 479 so
1012 419 1082 479 wohl
1142 417 1213 477 der
1236 415 1391 475 Eydt
1439 411 1723 471 Snstruction
1794 406 1877 466 alß

775 503 962 563 habenden
995 502 1216 562 Lümbdes
1261 501 1559 561 harzuhalten
1603 496 1846 556 Vorlüffig
1879 487 1978 547 aber

770 593 1076 653 zuberichten,
1091 589 1134 649 wo
1165 589 1237 649 der
1280 589 1500 649 Bollhalte
1514 589 1587 649 sich
1603 587 1864 647 auffhalte,
1879 578 1996 638 undt

767 677 864 737 vat
879 671 993 731 handt
1009 673 1268 733 verhiesige

708 873 943 933 Lauan
976 871 1060 931 Meine
1077 869 1211 929 gnädigen
1229 869 1347 929 Herren
1363 868 1547 928 vollindt
1565 867 1664 927 thery
1699 862 1983 922 widermahler

765 958 1068 1018 auffgetragen
1145 956 1271 1016 haben
1346 955 1423 1015 den
1461 955 1639 1015 Albert
1676 952 1841 1012 Lausun
1880 945 1982 1005 Ihren

756 1055 1000 1115 angehörigen
1025 1048 1142 1108 Bon
1193 1044 1386 1104 donstag
1411 1039 1515 1099 über
1527 1035 1631 1095 acht
1657 1030 1720 1090 tag
1773 1023 1862 1083 sein

765 1146 888 1206 Wirdt
912 1144 961 1204 den
987 1141 1047 1201 25.
1072 1139 1134 1199 diß
1195 1136 1281 1196 per
1293 1130 1515 1190 euptorie
1577 1123 1700 1183 vor
1737 1118 1946 1178 dieselben

744 1236 901 1296 halten
926 1234 965 1294 zu
1005 1229 1213 1289 laßen,
1240 1222 1292 1282 da
1344 1212 1722 1272 außbleibender
1762 1202 1906 1262 fasls

732 1324 747 1384 M
819 1325 983 1385 Hre
1131 1321 1160 1381 e
1204 1316 1382 1376 lymipte
1411 1309 1602 1369 Gauber
1633 1306 1706 1366 des
1721 1306 1781 1366 sich
1795 1309 1987 1369 wängen

748 1403 883 1463 erung
930 1405 1035 1465 halb
1080 1404 1264 1464 gethane
1309 1401 1552 1461 anklydt
1582 1400 1886 1460 absproechen

738 1501 900 1561 Linder

709 1710 856 1770 Aoll
906 1706 973 1766 b
1038 1702 1056 1762 e
1120 1700 1138 1760 e
1171 1697 1286 1757 ngn
1302 1692 1419 1752 He
1435 1685 1681 1745 ingesendte
1732 1671 1929 1731 Grocedur

746 1802 938 1862 wollindt
985 1797 1177 1857 dieselben
1200 1792 1284 1852 Ihnn
1308 1789 1345 1849 in
1356 1783 1595 1843 anfvort
1632 1772 1835 1832 verdeütet
1871 1767 2004 1827 haben,

748 1901 828 1961 daß
864 1899 899 1959 so
921 1897 1026 1957 viel
1085 1891 1166 1951 deß
1223 1886 1364 1946 Pierre
1409 1876 1664 1936 Mayland
1700 1864 1966 1924 Vrechtliche

750 1983 1038 2043 Auffüehrung
1091 1975 1182 2035 ete
1234 1972 1301 2032 ein
1314 1970 1418 2030 gnädigen
1431 1968 1536 2028 Herren
1549 1966 1642 2026 ihne
1694 1961 1812 2021 neben
1838 1957 1942 2017 füner

736 2080 833 2140 umb
893 2073 1194 2133 Verzeichung
1230 2065 1327 2125 bitt
1364 2060 1447 2120 mit
1520 2052 1774 2112 Bbeymahl
1822 2045 1883 2105 24

742 2175 962 2235 stündige
996 2165 1390 2225 gefangenschafft
1423 2155 1597 2215 deinen
1612 2142 1978 2202 außzustehen.

741 2271 912 2331 belget,
939 2264 1218 2324 anlangendt
1257 2256 1376 2316 dann
1416 2251 1469 2311 den
1495 2244 1628 2304 Injur
1667 2232 1827 2292 handel
1866 2217 1959 2277 mit

715 2354 922 2414 Salomon
973 2350 1168 2410 Galay,
1193 2344 1284 2404 kan
1324 2337 1518 2397 derselbe
1544 2330 1607 2390 sich
1647 2327 1698 2387 bey
1738 2324 1814 2384 dem

728 2440 1027 2500 Competirlichen
1042 2434 1176 2494 Cien
1208 2424 1372 2484 Richter
1401 2417 1700 2477 anmielden.

3576 251 3643 311 35

2372 383 2613 443 Fertest.
2643 372 2795 432 Barbara
2824 367 2974 427 Ballen
3004 366 3080 426 Ehr
3109 363 3367 423 angesorige
3397 357 3487 417 seye
3517 351 3637 411 wegen

2409 458 2657 518 verdichtiger
2671 449 3036 509 schwangerschafft
3050 449 3094 509 ein
3110 449 3269 509 gestezt
3283 447 3400 507 worden,
3415 445 3458 505 so
3474 443 3518 503 Er
3547 437 3619 497 sich

2409 550 2567 610 abermit
2589 537 2838 597 erfunden,
2860 532 3019 592 weilen
3053 532 3110 592 ie
3144 532 3426 592 aberschlimmen
3448 532 3686 592 umbgangs

2393 633 2550 693 Gand
2576 625 2643 685 min
2656 620 2762 680 gnädigen
2775 615 2880 675 Herren
2895 610 2960 670 Ihra
3014 607 3066 667 die
3092 604 3212 664 Statt
3264 602 3687 662 beyangemeßener

2108 673 2205 733 Hull
2243 670 2359 730 Baobar

2420 712 2550 772 straff
2572 702 2843 762 verbotten,
2853 691 2962 751 undt
2983 685 3071 745 soll
3103 680 3212 740 selbe
3244 675 3342 735 auff
3374 671 3580 731 betatten

2407 790 2628 850 eingesetzt
2655 781 2794 841 werden,
2835 774 2877 834 Es
2905 770 2988 830 seye
3015 766 3141 826 dann
3154 760 3278 820 sach,
3307 756 3375 816 daß
3417 752 3458 812 sie
3487 750 3541 810 sich
3570 748 3654 808 mit

2393 883 2537 943 guten
2590 870 2852 930 Attistats
2891 858 3088 918 Versechen
3166 850 3205 910 in
3245 847 3363 907 Einen
3376 841 3611 901 Ehrlichen

2386 969 2538 1029 dienst
2563 961 2727 1021 begebe,
2766 953 2905 1013 deßen
2942 945 3006 1005 Sie
3044 936 3233 996 berichtet
3272 915 3599 975 werdendumb

2383 1043 2439 1103 Sie
2483 1042 2539 1102 bey
2583 1039 2696 1099 Ihnen
2724 1033 2865 1093 schaop
2923 1025 2995 1085 zur
3023 1015 3194 1075 arbeit
3222 1001 3435 1061 anhalten
3449 987 3692 1047 zulaßen.

2487 1108 2561 1168 r
2604 1107 2741 1167 Beiscde
2763 1101 2954 1161 Ehrbarbeit

3378 1133 3457 1193 vor
3466 1126 3623 1186 Erfnigen

2346 1246 2670 1306 Maowangen
2714 1230 2876 1290 praf.
2891 1222 3023 1282 Anna
3067 1211 3229 1271 Maria
3258 1198 3391 1258 Seiher
3406 1186 3509 1246 habe
3524 1171 3641 1231 kster

2400 1329 2513 1389 sagen
2562 1323 2612 1383 an
2663 1319 2737 1379 des
2764 1311 2902 1371 Junken
2939 1302 3077 1362 gaßen
3140 1291 3202 1351 Ihr
3241 1280 3366 1340 kundt
3391 1265 3617 1325 Exponirt

2082 1346 2174 1406 Seiler
2189 1346 2250 1406 Anna
2273 1345 2364 1405 Maria

2404 1409 2617 1469 nachkerke
2630 1405 2683 1465 ist
2696 1398 2884 1458 selbiges
2911 1386 3084 1446 ergaffen
3097 1377 3177 1437 und
3218 1363 3471 1423 eingesetzet
3497 1346 3631 1406 worden

2082 1426 2255 1486 Hottzigter
2278 1417 2372 1477 Rudi¬

2413 1489 2615 1549 nachdeme
2650 1484 2723 1544 nun
2770 1478 2936 1538 selbige
2985 1466 3246 1526 deßtwegen
3282 1456 3318 1516 zu
3353 1450 3700 1510 Redtgestellet,

2072 1513 2236 1573 Bötzinger
2269 1506 2379 1566 Joseff¬

2410 1573 2449 1633 Is
2515 1572 2581 1632 Sie
2594 1570 2632 1630 in
2660 1566 2935 1626 gehaltenen
2973 1556 3223 1616 Examile
3288 1547 3551 1607 bekantlich

2398 1658 2588 1718 worden,
2622 1651 2700 1711 daß
2745 1647 2801 1707 Sie
2823 1643 2913 1703 schon
2946 1640 2979 1700 in
3014 1637 3091 1697 Ao
3126 1633 3238 1693 1728
3282 1623 3607 1683 EinohnEhrlich

2357 1755 2500 1815 Kindt
2513 1744 2733 1804 erzeuget,
2746 1737 2851 1797 vndt
2877 1732 2994 1792 ihiem
3046 1723 3281 1783 frömbde
3319 1709 3578 1769 Steinsuker

2370 1840 2675 1900 zugeEignet,
2689 1831 2820 1891 dieses
2848 1824 2979 1884 Kindt
3008 1817 3096 1877 aber
3124 1812 3198 1872 seye
3241 1805 3503 1865 gestorben,
3531 1804 3662 1864 käne

2385 1932 2482 1992 aber
2514 1930 2591 1990 das
2612 1920 3033 1980 Botheitnambst,
3056 1909 3110 1969 wo
3165 1905 3207 1965 Es
3250 1899 3435 1959 begraben
3456 1892 3565 1952 seyen

2897 1970 2982 2030 Kürk

2377 2022 2412 2082 zu
2457 2017 2516 2077 dem
2561 2011 2665 2071 besten
2678 2005 2898 2065 Expponiren
2920 2002 2989 2062 seye
3036 1999 3093 2059 sie
3140 1997 3313 2057 Kindts
3337 1992 3509 2052 gewesen

2383 2103 2520 2163 hinder
2562 2095 2763 2155 Arbange
2816 2089 2847 2149 in
2889 2086 2953 2146 der
2984 2081 3165 2141 Mettlen
3248 2076 3322 2136 bey
3354 2074 3503 2134 Rudi¬

2378 2179 2596 2239 hüntzigker
2631 2173 2701 2233 und
2746 2170 2930 2230 ernennet
2953 2166 3034 2226 sum
3080 2163 3252 2223 Vatter
3288 2157 3518 2217 deßelben

2381 2269 2446 2329 der
2486 2260 2764 2320 ablesenden
2843 2254 3002 2314 Joseff
3030 2251 3242 2311 bötinger
3307 2247 3388 2307 Ein
3427 2239 3652 2299 Provetysh

2378 2349 2475 2409 undt
2506 2344 2645 2404 Schäre
2678 2344 2763 2404 von
2806 2344 3084 2404 Solothum,
3105 2343 3212 2403 undt
3224 2340 3352 2400 sagt,
3373 2334 3415 2394 Es
3448 2328 3522 2388 seye

2379 2445 2491 2505 heut
2519 2436 2742 2496 derswochen,
2772 2434 2855 2494 daß
2898 2435 2967 2495 Sie
2981 2435 3022 2495 in
3052 2436 3107 2496 die
3135 2438 3387 2498 Kindtbott,
3401 2436 3528 2496 komme
