4032 3024
329 83 492 143 36.

309 1987 411 2047 Jost
445 1975 596 2035 Madte

754 207 858 267 habe
887 204 976 264 aber
1006 203 1110 263 Ihre
1124 209 1538 269 schwanzerschafft
1555 231 1806 291 niemanden
1836 253 1998 313 eröfferet

745 308 825 368 der
856 308 984 368 Kauff
1015 308 1111 368 seye
1160 310 1207 370 zu
1271 315 1572 375 Thunstetten
1653 334 1891 394 beschechen,
1907 351 1972 411 der

708 408 791 468 H.
804 406 1050 466 Pfredicant
1079 406 1119 466 zu
1175 406 1434 466 Minauto
1463 411 1572 471 habe
1613 417 1695 477 Ihre
1722 427 1901 487 selbiger
1930 441 2026 501 ab¬

731 500 1098 560 geschlagen,
1126 505 1197 565 Ihr
1252 505 1449 565 bemuth
1506 506 1605 566 habe
1660 510 1717 570 sie
1745 512 1802 572 zu
1843 518 1914 578 der

717 599 1004 659 außsetzung
1049 602 1178 662 dieses
1221 605 1379 665 Kindts
1423 610 1769 670 vermögen,
1797 617 1840 677 so
1868 622 1969 682 umb

716 697 839 757 Acht
868 697 977 757 undt
1005 700 1213 760 Einhalb
1254 704 1351 764 Uhr
1379 709 1585 769 abendts
1599 710 1626 770 in
1654 710 1765 770 Efel
1806 709 2001 769 haubt¬

713 790 892 850 gmann
946 791 1110 851 beseth
1137 795 1247 855 hauß
1302 800 1548 860 liderfahre
1630 807 1780 867 weilen
1794 809 1958 869 selbige

709 896 876 956 zfortz
891 898 1044 958 annoch
1059 898 1181 958 offen
1196 896 1499 956 gestanden,
1531 896 1637 956 habe
1684 896 1789 956 auch
1804 896 1957 956 darzu

717 996 1078 1056 angeklaget:
1117 994 1265 1054 deßen
1279 991 1346 1051 der
1385 989 1453 1049 H.
1493 987 1653 1047 praef.
1680 986 1853 1046 hiemit
1882 986 2016 1046 bei¬

736 1089 1049 1149 nachrichtiget
1096 1083 1252 1143 werden
1302 1079 1470 1139 mithin
1482 1075 1782 1135 freundtlich
1806 1072 1962 1132 ersucht

740 1192 817 1252 die
843 1186 948 1246 Herrn
973 1178 1258 1238 Pferdiantzn
1285 1172 1324 1232 zu
1375 1168 1674 1228 Thunstetten
1687 1165 1790 1225 undt
1816 1161 1984 1221 Wynaw

692 1285 907 1345 Sambt
934 1281 1015 1341 dem
1096 1276 1337 1336 Bautrin
1405 1271 1500 1331 der
1526 1266 1702 1326 Metthe
1741 1255 1985 1315 Vorfuch¬

720 1373 775 1433 zu
816 1369 1037 1429 bescheiden,
1077 1364 1312 1424 warumb
1353 1361 1436 1421 Sie
1463 1358 1601 1418 dieser
1615 1355 1696 1415 soch
1725 1351 1834 1411 halb
1847 1346 1972 1406 nichts

721 1457 775 1517 an
829 1456 939 1516 Unß
979 1456 1224 1516 gelangen
1251 1456 1414 1516 laßen
1483 1454 1551 1514 zu
1591 1451 1714 1511 Redt
1741 1439 1999 1499 hustoßer,

713 1556 850 1616 undt
889 1550 951 1610 das
990 1546 1355 1606 distörtigein
1392 1544 1581 1604 holenden
1607 1540 1782 1600 bericht
1808 1532 1973 1592 umb¬

732 1635 991 1695 sandtlich
1054 1633 1389 1693 zuübersenden
1476 1630 1525 1690 etc.
1537 1628 1599 1688 deß
1649 1622 1760 1682 obigen
1786 1610 1884 1670 Einen

736 1718 1048 1778 Wollstndige
1080 1718 1205 1778 Vore
1267 1716 1282 1776 u
1392 1711 1470 1771 ne
1486 1707 1595 1767 erer
1626 1701 1657 1761 e
1705 1695 1815 1755 atht

696 1857 930 1917 Madle
960 1852 1069 1912 Jost
1100 1849 1194 1909 von
1239 1842 1534 1902 Langnants
1566 1833 1721 1893 Weiten
1737 1827 1813 1887 Sie
1830 1822 1876 1882 an

730 1957 849 2017 Einem
931 1942 1265 2002 Verdächtigen
1292 1933 1466 1993 Urthin
1519 1926 1666 1986 dieste
1706 1913 1986 1973 gestanden

735 2048 860 2108 ward
906 2041 963 2101 die
997 2037 1122 2097 statt
1168 2033 1237 2093 bey
1282 2029 1545 2089 Commation
1601 2017 1864 2077 gemeßener
1887 2005 1977 2065 straf

692 2136 943 2196 verbotten
1010 2125 1103 2185 für
1129 2119 1262 2179 1wey
1302 2114 1395 2174 Jahr
1421 2109 1526 2169 lang
1580 2102 1687 2162 undt
1700 2089 1979 2149 nachverts¬

714 2235 754 2295 so
780 2233 835 2293 sie
876 2230 997 2290 wider
1024 2225 1147 2285 hinen
1187 2215 1417 2275 begehrte,
1444 2194 1701 2254 beßodest
1742 2170 1850 2230 gute

690 2319 967 2379 Mstestatl
1010 2310 1302 2370 Vortersen.

2069 529 2101 589 v.
2131 524 2338 584 trafendth
2368 523 2417 583 he

2169 579 2342 639 Ludtig.

2076 690 2158 750 Birg
2185 683 2254 743 Mag
2268 680 2364 740 daber

2307 1043 2326 1103 H

2070 1100 2240 1160 Wißbot
2265 1093 2398 1153 Susanne

2054 1177 2398 1237 häntigkerhinich.

2084 1476 2255 1536 Widenrs
2270 1474 2373 1534 kort

2072 1855 2244 1915 Amsutz
2256 1849 2353 1909 Anna

3607 254 3652 314 37

2425 313 2535 373 Durch
2568 313 2624 373 Ein
2646 313 2800 373 schriben
2833 310 2921 370 vor
2955 310 3086 370 Saamn
3108 308 3175 368 wurd
3186 308 3241 368 ein
3252 308 3351 368 gnädigen
3362 308 3450 368 Herren
3461 309 3594 369 brichtet

2417 396 2468 456 wit
2500 395 2561 455 daß
2603 394 2655 454 dro
2686 392 2809 452 junge
2851 391 2934 451 Hrn
2944 391 3007 451 Bon
3048 389 3296 449 Graffenart
3349 389 3421 449 Bon
3452 389 3567 449 Dio¬

2417 481 2482 541 bey
2508 479 2588 539 H.e
2601 475 2862 535 Landtschreiber
2888 469 3045 529 Remonet
3058 467 3125 527 sich
3150 462 3413 522 auffaltend,
3439 456 3530 516 vor

2429 556 2563 616 einen
2642 556 2653 616 h
2732 554 2866 614 vatter
2889 547 3102 607 bekantlich
3124 540 3238 600 wonder
3282 537 3383 597 mit
3416 535 3473 595 der
3495 535 3686 595 Magdelen

2412 622 2486 682 na
2527 623 2643 683 bivon
2675 623 2970 683 gemeinschafft
3013 617 3181 677 gehabt,
3202 614 3223 674 u
3244 611 3318 671 habe
3350 607 3550 667 weyffle

2412 707 2496 767 aber
2528 703 2560 763 ob
2591 699 2655 759 das
2686 697 2814 757 Kindt
2845 697 2951 757 Ihme
2983 697 3195 757 zugeför,
3216 698 3343 758 weilen
3353 694 3492 754 Erhinn
3523 688 3660 748 geneine

2412 786 2524 846 dienn
2538 781 2607 841 seye
2649 781 2818 841 wolches
2845 782 2928 842 hier
2958 784 3265 844 Einzuschieben
3279 778 3488 838 befohlen

2406 851 2535 911 worden

2406 1031 2601 1091 Susanna
2633 1025 2859 1085 Wißbat
2891 1021 2956 1081 ist
2972 1018 3069 1078 Ihre
3103 1011 3330 1071 Verlangte
3361 1002 3606 1062 besehent¬

2421 1112 2529 1172 wider
2548 1111 2686 1171 Heinrich
2716 1109 2922 1169 Hüntzigker
2952 1105 3030 1165 von
3060 1099 3305 1159 Stafelbach
3345 1086 3571 1146 abgelisen

2400 1187 2563 1247 worden,
2592 1186 2646 1246 biß
2701 1182 2770 1242 daß
2810 1179 2850 1239 Er
2866 1177 2906 1237 im
2946 1171 3084 1231 landt
3111 1168 3166 1228 sein
3206 1166 3329 1226 wirdt

2416 1390 2488 1450 Ist
2519 1387 2562 1447 die
2591 1385 2694 1445 Livon
2739 1381 2928 1441 Widmer
2942 1379 3147 1439 eingesetzt
3176 1375 3352 1435 worden,
3381 1371 3513 1431 weiln
3529 1366 3601 1426 Sie

2393 1473 2580 1533 alsobalt
2604 1467 2679 1527 noch
2691 1463 2916 1523 allhiesiger
2941 1458 3215 1518 Eiltlaßung
3252 1454 3290 1514 in
3327 1450 3615 1510 flagianti¬

2395 1562 2537 1622 delicto
2573 1556 2727 1616 bezogen
2775 1552 3012 1612 worden,
3036 1548 3167 1608 welche
3203 1546 3297 1606 auch
3334 1542 3404 1602 den
3452 1536 3665 1596 beyschlaff

2396 1638 2470 1698 mit
2503 1639 2598 1699 Einem
2662 1639 2908 1699 Ohnbekanten
2972 1636 3036 1696 H.
3057 1633 3281 1693 bekennet,
3314 1626 3516 1686 bedülket
3537 1620 3667 1680 anbey¬

2387 1735 2461 1795 das
2499 1735 2660 1795 Runtl.
2685 1733 2760 1793 bey
2785 1731 2860 1791 dem
2933 1725 3045 1785 Barn
3082 1722 3194 1782 habe
3219 1719 3282 1779 Sie
3318 1715 3542 1775 verführt

2403 1826 2451 1886 Es
2476 1827 2588 1887 heiße
2649 1826 2747 1886 Ana
2810 1823 3031 1883 Amsstutz
3069 1821 3144 1881 von
3180 1819 3353 1879 Spietz,
3378 1816 3539 1876 welches
3563 1816 3662 1876 aber

2398 1913 2617 1973 laugnet,
2641 1910 2702 1970 die
2738 1907 2933 1967 Widmer
2969 1905 3176 1965 Iehmahls
3202 1904 3274 1964 zum
3323 1906 3481 1966 Stochen

2377 2011 2574 2071 geführt
2615 2003 2658 2063 zu
2686 2000 2826 2060 haben,
2855 1997 2882 2057 so
2924 1995 2995 2055 Sie
3022 1993 3107 2053 aber
3136 1989 3248 2049 Ihme
3262 1985 3388 2045 under
3431 1976 3514 2036 die

2377 2102 2512 2162 augen
2581 2089 2897 2149 erhalten:
2920 2081 3033 2141 Cogl.
3056 2077 3112 2137 die
3158 2074 3203 2134 Am
3271 2068 3384 2128 Stutz
3407 2062 3509 2122 solle
3542 2055 3633 2115 mit

2386 2184 2488 2244 Einer
2520 2177 2808 2237 Remonstranz
2839 2168 3076 2228 entlaßen
3107 2162 3178 2222 sein
3261 2157 3322 2217 die
3364 2148 3570 2208 Widmer

2388 2271 2670 2331 abbüeßen,
2702 2261 2756 2321 50
2789 2256 2919 2316 strechen
2941 2252 2985 2312 im
3028 2246 3342 2306 Schwingstuhl
3376 2243 3603 2303 empfahren

2368 2360 2461 2420 mit
2502 2357 2555 2417 den
2595 2353 2795 2413 Pfrofose
2823 2351 2863 2411 in
2903 2349 2984 2409 Ihr
3010 2344 3211 2404 heimath
3237 2339 3424 2399 geführt
3451 2332 3627 2392 werde,

2378 2438 2487 2498 undt
2499 2437 2573 2497 gra
2633 2437 2682 2497 die
2706 2437 2852 2497 Statt
2902 2435 2986 2495 bey
3023 2434 3303 2494 gemeßener
3352 2431 3510 2491 straff

2366 2524 2616 2584 Verbotten
2651 2510 2730 2570 sein
