4032 3024
402 139 530 199 38.)

458 300 645 360 Obhl.

421 804 609 864 o61.

348 1247 551 1307 Kacht.
580 1248 754 1308 Albecht¬

379 1817 632 1877 Dunauber
671 1814 725 1874 Von

340 1898 486 1958 snicl

761 251 1064 311 Hoffingen.
1098 240 1170 300 Sie
1205 237 1277 297 diß
1312 235 1471 295 obigen
1525 235 1560 295 in
1597 237 1739 297 ansehe
1773 244 1845 304 der
1863 252 1952 312 Leon

768 350 950 410 Wodmer
980 343 1072 403 Ihre
1087 337 1347 397 angehänge
1409 332 1638 392 berichte,
1668 334 1758 394 mit
1775 340 1988 400 brdeüten

746 447 809 507 sie
840 443 903 503 Ihn
949 438 1027 498 gut
1058 436 1121 496 sog
1151 432 1371 492 zuragen,
1401 431 1495 491 undt
1510 431 1604 491 mit
1634 434 1697 494 den
1728 441 1962 501 Pfrfosen

749 552 844 612 für
863 547 941 607 Ihr
979 535 1228 595 destörtige
1268 527 1536 587 bemehung
1555 532 1900 592 abzuschaffen

742 721 880 781 Desul
925 719 973 779 an
1003 716 1249 776 Mner
1279 716 1448 776 Schiahl
1478 718 1724 778 Brwaltr
1739 724 1940 784 Wegnr

735 822 857 882 Ihne
874 814 1090 874 ersuchen,
1120 812 1199 872 die
1229 812 1445 872 anstalt
1475 815 1723 875 verfüegen
1754 818 1939 878 zulaßen

767 922 850 982 daß
907 916 976 976 die
1018 912 1257 972 Widmer
1298 911 1353 971 50
1397 911 1564 971 sreichen
1578 912 1620 972 im
1661 915 1969 975 schwüngstuhl

758 995 1094 1055 empfangen.

761 1158 1151 1218 Frautsbrumen
1170 1154 1322 1214 prof.
1339 1153 1441 1213 Ihme
1457 1153 1576 1213 aufh
1595 1153 1714 1213 tagen
1747 1154 1797 1214 den
1833 1154 1849 1214 H
1900 1157 2021 1217 H.

777 1244 915 1304 brecht
942 1244 1151 1304 Knecht,
1178 1244 1218 1304 so
1234 1245 1317 1305 sich
1344 1246 1427 1306 bey
1482 1246 1551 1306 H.
1578 1246 1814 1306 Pfordicant
1870 1246 1911 1306 zu

743 1340 958 1400 Limpach
1000 1341 1288 1401 auffhaltet
1331 1339 1460 1399 auff
1503 1336 1775 1396 künfftigen
1803 1334 1975 1394 donstag

735 1433 888 1493 allhae
905 1433 951 1493 zu
966 1432 1151 1492 halten.
1166 1429 1227 1489 Nß
1275 1427 1413 1487 obiges
1460 1420 1691 1480 anzuorden
1722 1417 1783 1477 hat
1798 1415 1986 1475 Mat.

734 1523 959 1583 Schultheiß
1024 1516 1170 1576 Knecht
1202 1513 1299 1573 auff
1315 1511 1380 1571 sich
1411 1508 1605 1568 genomm¬

759 1688 938 1748 samel
981 1676 1278 1736 sunauber
1339 1662 1502 1722 bleibt
1532 1654 1590 1714 bey
1650 1646 1799 1706 seiner
1843 1635 1993 1695 vorigen

774 1776 986 1836 ausag,
1013 1763 1318 1823 erläuteret
1358 1755 1425 1815 sich
1464 1748 1651 1808 jehdoch,
1677 1741 1744 1801 daß
1783 1736 1822 1796 er
1850 1732 1929 1792 denn

736 1887 891 1947 Rucht
954 1876 1000 1936 zu
1064 1866 1234 1926 Guren
1282 1848 1594 1908 Verdeutet,
1609 1836 1734 1896 fahls
1749 1831 1797 1891 er
1827 1826 1906 1886 sie

724 1985 955 2045 Schweger
990 1965 1223 2025 ehelichen
1257 1952 1436 2012 Werde,
1453 1937 1736 1997 Versprecht,
1756 1924 1790 1984 er
1825 1916 1932 1976 ihme

751 2079 940 2139 hunder
1012 2059 1229 2119 Thaler.

3602 263 3616 323 2

2572 306 2866 366 Sonstags
2899 302 2952 362 den
2985 302 3106 362 18ten
3123 300 3227 360 7bris
3244 291 3401 351 1732.

2882 385 3075 445 Brases

2685 476 2914 536 Mengde
2954 470 3035 530 rer
3075 467 3129 527 von
3156 466 3332 526 Mhlin

2826 544 3149 604 Assessores.

2780 626 2999 686 Mengd
3013 622 3056 682 re
3085 619 3232 679 rid.

2407 769 2758 829 Srägisperg,
2790 761 3005 821 Weillen
3051 753 3144 813 Anna
3189 745 3328 805 Kohler
3358 738 3450 798 ihre
3480 728 3697 788 Anger¬

2106 841 2251 901 Sohte
2293 827 2398 887 beid¬

2420 854 2558 914 hetige
2588 849 2727 909 lauth
2742 845 2835 905 ihreß
2880 841 3064 901 schreiben
3094 836 3172 896 Men
3202 832 3325 892 nädigen
3340 827 3463 887 Heren
3479 819 3632 879 nichten

2416 942 2667 1002 erscheinen
2692 933 2844 993 sollen,
2882 926 2944 986 sich
2971 921 3058 981 aber
3083 916 3210 976 nicht
3235 905 3462 965 gestellt,
3487 895 3676 955 wollend

2386 1033 2589 1093 Mengde
2603 1022 2675 1082 en
2704 1016 2806 1076 erb.
2835 1006 3081 1066 ingesonen
3096 1000 3213 1060 haben
3241 998 3315 1058 sie
3344 994 3561 1054 fürderlich
3576 991 3648 1051 har

2406 1118 2448 1178 zu
2478 1111 2631 1171 hallten

2429 1238 2621 1298 teillen
2658 1228 2850 1288 Mebahh
2909 1218 2965 1278 ie
2986 1207 3234 1267 vorgesitzt
3274 1197 3311 1257 E.
3349 1194 3388 1254 H.
3426 1189 3636 1249 Bersellig

2093 1295 2213 1355 Jener
2246 1289 2402 1349 Frann

2391 1330 2559 1390 schafft
2586 1320 2611 1380 zu
2664 1305 3026 1365 Schumacheren
3066 1289 3195 1349 lauth
3220 1276 3505 1336 schrifftlichen
3533 1262 3687 1322 berichts

2412 1423 2460 1483 in
2510 1416 2571 1476 deß
2633 1402 2904 1462 Emnannel
2940 1388 3101 1448 jeners
3162 1379 3261 1439 mit
3297 1373 3384 1433 Ana
3408 1367 3557 1427 Maria

2066 1427 2205 1487 Keller
2216 1416 2334 1476 Anab

2390 1508 2543 1568 Keller
2570 1498 2639 1558 Ehe
2682 1481 3029 1541 eingebilliget,
3056 1468 3140 1528 ane
3154 1463 3222 1523 min
3236 1458 3348 1518 gnädigen
3362 1451 3459 1511 Herre
3487 1444 3598 1504 Ihme

2094 1484 2229 1544 Maria

2386 1604 2462 1664 sen
2494 1589 2663 1649 Ehrschein
2693 1577 2740 1637 ad
2772 1567 2941 1627 forman
3003 1550 3251 1610 ertheilt.

2394 1724 2618 1784 Demmnach
2647 1715 2842 1775 Christen
2871 1707 3186 1767 Kauffmann
3230 1700 3320 1760 auß
3380 1699 3439 1759 dem
3529 1697 3695 1757 Grine¬

2395 1814 2630 1874 Vellballd
2666 1806 2742 1866 der
2778 1793 3213 1853 Eheversprechung
3249 1783 3349 1843 halb
3374 1783 3684 1843 angesprochen

2066 1839 2408 1899 Kauffman,

2393 1920 2521 1980 Pfrl.
2546 1905 2737 1965 Forothen
2775 1889 3018 1949 Walltherd
3056 1882 3146 1942 Herrn
3159 1880 3490 1940 Predigkänten
3516 1883 3606 1943 von

2081 1909 2235 1969 Grists

2074 2030 2367 2090 Wallthend
2395 2007 2633 2067 Roggbeill
2690 1991 2843 2051 Tochter
2886 1984 2970 2044 sie
3011 1979 3124 2039 ihme
3152 1975 3292 2035 deren
3320 1972 3403 2032 auch
3431 1972 3669 2032 geständig

2402 2102 2607 2162 gebesen,
2621 2086 2787 2146 beydes
2814 2075 2897 2135 aber
2938 2066 3159 2126 guchbillig
3199 2060 3269 2120 von
3296 2059 3393 2119 Ihrer
3420 2060 3641 2120 Ehester¬

2073 2105 2347 2165 dorothea.

2386 2198 2619 2258 sprechung
2678 2181 2913 2241 vilrumb
2942 2167 3277 2227 abgestanden,
3308 2165 3571 2225 ferobegen,
3586 2168 3629 2228 so

2386 2298 2442 2358 an
2456 2294 2528 2354 min
2542 2289 2656 2349 gnädigen
2671 2280 2955 2340 Herrnselbige
2999 2273 3270 2333 aufgehoben
3327 2273 3471 2333 beyde
3499 2274 3541 2334 in
3569 2275 3700 2335 sorigen

2396 2392 2602 2452 freyheit
2636 2380 2859 2440 gesetzet,
2876 2377 2979 2437 und
3015 2375 3135 2435 ihren
3185 2378 3495 2438 nachgelaßen
3512 2381 3598 2441 sich

2396 2494 2478 2554 nach
2513 2486 2619 2546 glub
2666 2479 3018 2539 andertwärtig
3065 2477 3112 2537 zu
3148 2479 3453 2539 verfhelichen,
3476 2479 3571 2539 eins

2375 2590 2565 2650 Woßes
2623 2581 2712 2641 von
2740 2577 2858 2637 dern
2887 2575 3077 2635 anderen
3106 2575 3399 2635 empfangen,
3428 2576 3575 2636 selben
