4032 3024
397 142 504 202 401

355 1168 607 1228 Susmat
625 1165 742 1225 haus

368 1336 485 1396 Nach
512 1324 695 1384 Herena

349 2176 507 2236 boltingn
530 2171 574 2231 H.
598 2166 689 2226 Pred:

350 2250 457 2310 Eschler
485 2240 631 2300 Bartlan

347 2325 498 2385 Sollinger
524 2314 657 2374 barbara

347 2395 468 2455 bühle
493 2387 639 2447 Christen.

774 173 1089 233 vertituieren,
1133 170 1203 230 der
1248 168 1348 228 Herr
1392 169 1679 229 Pfarrherr
1721 183 1780 243 dem
1836 207 2009 267 Kaußen

771 274 859 334 für
905 270 1112 330 Jeniges
1156 262 1304 322 gellt
1333 259 1379 319 so
1408 259 1482 319 die
1511 259 1659 319 Tochter
1705 267 1778 327 von
1808 278 1912 338 Ihme
1941 293 2017 353 vo¬

744 378 875 438 zetth
908 376 940 436 zu
991 370 1122 430 Zeith
1155 362 1550 422 empfangen,
1566 361 1649 421 Ibo
1698 367 1929 427 Suplonem

1661 403 1693 463 be

763 471 1063 531 entrichten,
1092 462 1168 522 das
1198 455 1394 515 Jeige
1438 449 1603 509 gellt,
1619 449 1664 509 so
1693 451 1737 511 er
1769 456 1858 516 ihre
1889 465 1963 525 zum

751 564 1029 624 ehepfand
1089 554 1278 614 geben,
1293 545 1513 605 selbigem
1572 544 1719 604 wider
1762 552 1807 612 zu
1836 564 1982 624 stellen

746 672 954 732 darmit
998 666 1116 726 dann
1147 662 1220 722 biß
1280 654 1534 714 alleßein
1577 652 1727 712 völlig
1756 655 1993 715 außge¬

762 762 970 822 machte
1011 757 1108 817 sach
1136 755 1204 815 sey
1247 751 1358 811 und
1385 746 1635 806 verbleitn
1648 745 1829 805 solle.
1842 748 1953 808 deß.
1980 753 2023 813 S.

769 858 810 918 an
850 856 933 916 Herr
960 850 1232 910 Landtvogst
1246 844 1286 904 zu
1340 839 1586 899 Interlaten
1613 838 1640 898 d
1667 838 1736 898 min
1749 840 1859 900 gnädigen
1872 846 1982 906 Herrn

755 953 897 1013 urthe
967 948 1037 1008 ser
1074 942 1233 1002 Ehrb.
1268 935 1337 995 zue
1375 928 1656 988 Bendelb
1673 929 1763 989 alld
1797 934 1850 994 zu
1869 942 2029 1002 rößten

715 1085 819 1145 Vide
865 1082 1030 1142 vorigs
1106 1082 1256 1142 Man:
1285 1084 1661 1144 Kilchbergbey
1720 1081 1993 1141 Burgdorff

757 1169 870 1229 und
915 1168 1267 1228 derrenroth
1312 1163 1528 1223 Sesoptin
1595 1159 1652 1219 de
1845 1154 1879 1214 Es
1901 1152 1981 1212 hatt

756 1265 848 1325 unß
900 1258 1176 1318 endtlichen
1214 1251 1319 1311 Hanß
1385 1247 1660 1307 Rufenacht
1687 1246 1764 1306 von
1792 1244 1974 1304 Kilchberg

755 1360 976 1420 bekennet
1014 1351 1187 1411 Vatter
1235 1346 1309 1406 deß
1358 1341 1432 1401 von
1482 1336 1655 1396 Verena
1703 1334 1802 1394 Ruch
1828 1336 1914 1396 von

722 1459 1035 1519 Vuerenrath
1065 1447 1192 1507 ihme
1234 1438 1634 1498 zugeeigneten
1662 1432 1819 1492 Kindts
1847 1432 1889 1492 zu
1919 1432 1991 1492 sey¬

726 1561 839 1621 vnd
879 1550 1120 1610 angelobt
1158 1543 1222 1603 hie
1260 1540 1311 1600 zu
1363 1536 1604 1596 Ehelichen,
1642 1531 1794 1591 dahero
1834 1529 1922 1589 wis

734 1660 856 1720 ihme
922 1652 1110 1712 mutter
1176 1642 1286 1702 und
1321 1638 1453 1698 kind
1497 1634 1564 1694 als
1597 1629 1751 1689 ehelich
1785 1625 1996 1685 zuber¬

746 1751 916 1811 kent,
944 1744 1057 1804 und
1099 1737 1254 1797 selben
1296 1731 1353 1791 zu
1395 1723 1692 1783 bezeuchung
1734 1714 1833 1774 ihrer
1847 1712 1975 1772 Ehe¬

730 1852 815 1912 sen
850 1841 1172 1901 benöbigsten
1207 1833 1308 1893 schen
1343 1822 1547 1882 erteilt

728 1987 994 2047 zbeysimmen
1049 1976 1218 2036 Phraf.
1259 1966 1359 2026 Auf
1386 1961 1441 2021 des
1498 1956 1539 2016 e
1582 1946 2017 2006 ueHreingesenten

759 2083 922 2143 bericht
958 2075 1215 2135 betreffendt
1238 2061 1473 2121 deßelben
1519 2041 1823 2101 Justification
1870 2024 2000 2084 über¬

727 2174 794 2234 deß
851 2170 920 2230 H.
942 2160 1237 2220 Pordiconten
1293 2143 1373 2203 von
1417 2130 1657 2190 Bolltingen
1724 2107 1905 2167 Eingeben

712 2254 901 2314 klegdten
960 2242 1232 2302 außanlaß
1279 2230 1362 2290 deß
1408 2217 1621 2277 baotlome
1669 2197 1859 2257 Echler¬

709 2335 1053 2395 verlangende
1095 2320 1467 2380 Ehescheidigung
1510 2306 1610 2366 von
1669 2297 1797 2357 seiner
1826 2286 1969 2346 frauteg

720 2416 905 2476 Barbara
953 2413 1177 2473 Sollinger
1201 2409 1225 2469 so
1251 2406 1312 2466 sich
1350 2402 1436 2462 mit
1460 2396 1621 2456 Ehisten
1658 2385 1794 2445 Bühle
1831 2376 1917 2436 von

719 2500 851 2560 Riedt
869 2501 907 2561 in
945 2500 1115 2560 Ehebruch
1163 2496 1360 2556 vertrebet
1380 2488 1512 2548 undt
1540 2481 1635 2541 von
1681 2473 1767 2533 Ihme
1804 2466 1880 2526 ein

711 2583 852 2643 Kindt
865 2581 1081 2641 erzeüget
1106 2577 1221 2637 wolen
1234 2574 1299 2634 mine
1311 2571 1414 2631 gnädigen
1439 2566 1540 2626 Herrn
1554 2561 1668 2621 Ihme
1681 2556 1758 2616 H.
1783 2549 1924 2609 Costlahn

3597 254 3650 314 41

2408 334 2652 394 freundtlich
2664 334 2781 394 ersucht
2806 334 2897 394 haben
2961 337 3012 397 die
3037 340 3321 400 Kundtschafften
3333 344 3539 404 vernemmen

2412 413 2494 473 Eine
2528 417 2704 477 Storedic
2739 423 2962 483 Instruis,
2985 425 3091 485 undt
3115 424 3220 484 selbe
3243 416 3501 476 fürdersambt

2414 487 2503 547 roßt
2517 492 2635 552 senden,
2650 497 2901 557 zugleichaber
2932 499 3021 559 auch
3050 495 3272 555 Pfartheyn
3287 487 3465 547 hafalt
3494 478 3658 538 zulaßen

2398 691 2647 751 Affoltern
2693 690 2741 750 ar
2772 689 2833 749 H.
2864 685 3051 745 Pfarth.
3082 682 3115 742 In
3145 679 3317 739 antbort
3332 675 3504 735 desßelben
3519 674 3660 734 scheibezn

2426 772 2587 832 ollendt
2633 774 2794 834 eHrren
2817 770 2921 830 Ihme
2955 763 3186 823 Bedeüket
3221 755 3359 815 haben,
3393 752 3463 812 daß
3509 752 3695 812 dieselben

2097 791 2267 851 Scheidnach
2293 787 2397 847 Uasula

2408 854 2445 914 in
2470 856 2534 916 der
2559 856 2787 916 Vorhabende
2850 852 2927 912 Ehe
2977 849 3053 909 der
3078 845 3244 905 Ursula
3319 836 3522 896 Feienrich

2102 880 2186 940 Ader
2205 875 2325 935 Jacob.

2410 946 2433 1006 so
2445 946 2503 1006 sich
2527 946 2575 1006 den
2586 946 2645 1006 1.
2668 943 2798 1003 Junii
2822 939 2916 999 1173
2975 933 3069 993 Von
3117 929 3210 989 Ihrem
3246 925 3434 985 Ehemann
3481 926 3611 986 Jacob

2086 956 2197 1016 Stebler
2215 949 2326 1009 Jacob.

2419 1026 2544 1086 Etter
2568 1020 2656 1080 von
2692 1014 2941 1074 Eehenbelmn
2967 1009 3140 1069 scheden
3189 1007 3389 1067 laßen,
3413 1007 3501 1067 mit
3525 1007 3637 1067 Jacob

2390 1114 2543 1174 Bebler
2580 1109 2651 1169 von
2674 1103 2887 1163 Asfoltern
2911 1091 3255 1151 ungewilliget,
3278 1085 3303 1145 so
3327 1084 3398 1144 daß
3433 1081 3528 1141 mit
3551 1078 3611 1138 der

2385 1192 2657 1252 Verkundung
2688 1188 2944 1248 fortgeschehen
2960 1184 3089 1244 weiden
3105 1182 3201 1242 kaun

2368 1367 2640 1427 Essertines
2673 1363 2775 1423 Auß
2843 1359 2909 1419 er
2926 1350 3181 1410 eingesendes
3198 1339 3385 1399 Procediud
3418 1330 3572 1390 habindt

2345 1456 2451 1516 Meign
2461 1454 2694 1514 geHererersechen
2726 1448 2801 1508 auß
2843 1442 2917 1502 as
2938 1436 3002 1496 für
3023 1432 3118 1492 Einem
3162 1422 3320 1482 Grundt
3341 1416 3394 1476 die
3425 1410 3574 1470 Mane

2382 1526 2549 1586 Pivent
2573 1529 2632 1589 Ihm
2692 1526 2906 1586 verlobten
2990 1510 3227 1570 Mathicu
3263 1499 3311 1559 du
3347 1490 3572 1550 Martheray

2092 1519 2366 1579 Bvenstellen.

2076 1594 2261 1654 Marteron
2286 1582 2371 1642 Moti

2364 1615 2455 1675 Von
2499 1606 2783 1666 Montherond
2796 1598 2851 1658 sich
2886 1592 3011 1652 weiger
3057 1583 3204 1643 selben
3250 1569 3591 1629 zuEhrlichen,

2382 1688 2699 1748 aunamblichen
2725 1684 2765 1744 Eo
2804 1682 2884 1742 habe
2936 1678 2989 1738 Ihm
3028 1674 3082 1734 die
3108 1665 3385 1725 Vespprochene
3411 1653 3571 1713 Vier¬

2393 1779 2512 1839 thaler
2536 1773 2679 1833 Körsen
2716 1764 2978 1824 Engagement
3013 1759 3134 1819 annoch
3157 1754 3300 1814 nicht
3324 1746 3635 1806 außgerichtet

2373 1868 2575 1928 Worüber
2589 1861 2690 1921 Ihnen
2717 1856 3034 1916 auffgetragen
3086 1853 3251 1913 werden,
3276 1853 3353 1913 die
3378 1850 3645 1910 Martheray

2379 1957 2488 2017 dahin
2524 1948 2719 2008 zuhalten,
2745 1945 2817 2005 daß
2866 1942 2902 2002 Er
2952 1942 3038 2002 Ihra
3086 1940 3147 2000 die
3195 1936 3500 1996 Vierthaler

2380 2053 2637 2113 entrichten
2711 2043 2831 2103 undt
2846 2037 3013 2097 hernach
3043 2031 3208 2091 Ehrlichn
3223 2024 3344 2084 thürn

2073 2246 2139 2306 ben
2172 2233 2323 2293 Mondaln
2375 2222 2441 2282 Iß
2474 2216 2542 2276 der
2575 2206 2811 2266 Magdelnen
2844 2202 2978 2262 bern,
3011 2201 3129 2261 soelche
3162 2202 3214 2262 der
3247 2204 3365 2264 Jungn
3381 2206 3448 2266 H.
3483 2210 3532 2270 von

2408 2289 2655 2349 Graffenriet
2695 2282 2784 2342 von
2824 2282 2903 2342 Disc
2932 2281 2993 2341 der
3002 2281 3280 2341 schwängerung
3319 2279 3399 2339 hatt
3428 2275 3587 2335 beklagt

2053 2317 2272 2377 Atterffenandt
2284 2320 2370 2380 Hhen¬

2115 2364 2242 2424 ludtig

2381 2378 2528 2438 schanlf
2553 2369 2738 2429 insinuirt
2750 2369 2910 2429 worden,
2922 2371 2985 2431 sich
3009 2373 3033 2433 in
3071 2375 3132 2435 der
3158 2380 3318 2440 genißt
3354 2380 3491 2440 Coami
3516 2377 3589 2437 niren

2377 2454 2620 2514 zulaßen,
2646 2452 2731 2512 undt
2755 2452 2829 2512 Ihre
2877 2452 3098 2512 bewilliget
3134 2452 3270 2512 worden,
3294 2452 3465 2512 allhier
3489 2450 3587 2510 oder

2372 2530 2456 2590 umb
2491 2527 2551 2587 der
2575 2525 2683 2585 Statt
2707 2524 2839 2584 herumb
2874 2524 2911 2584 zu
2971 2522 3090 2582 Kinde
3114 2518 3246 2578 betten
