4032 3024
410 148 588 208 12.

734 291 891 351 Kona
970 281 1067 341 en
1108 277 1226 337 nien
1245 277 1383 337 Hren
1421 278 1460 338 r
1539 282 1715 342 sehingn
1756 286 1952 346 Francais

760 379 874 439 Hena
930 378 974 438 de
1016 377 1131 437 lugu
1173 375 1345 435 Kirchsör
1402 376 1717 436 Montherond,
1731 381 1845 441 undt
1859 388 1960 448 habe

401 427 559 487 Henan
587 428 743 488 Franowo

768 478 1024 538 angebracht,
1045 476 1109 536 wie
1152 475 1226 535 daß
1281 473 1323 533 Er
1344 473 1398 533 sich
1430 473 1516 533 mit
1548 473 1718 533 Marie
1750 478 2019 538 Vullian¬

380 526 555 586 Valliani
568 521 702 581 cMarie

756 577 852 637 Von
881 574 1034 634 Rovran
1075 571 1227 631 Ehelich
1255 567 1450 627 veblobet
1478 566 1533 626 die
1575 566 1824 626 Gemeindt
1853 569 1949 629 aber

754 673 888 733 wollen
901 669 967 729 Sie
982 667 1103 727 nicht
1143 664 1397 724 verkanden
1464 664 1584 724 lieben
1599 664 1652 724 sie
1665 663 1705 723 in
1733 661 1813 721 Ao.
1826 657 1962 717 1712.

758 760 908 820 keinen
944 754 1152 814 Gatter
1175 752 1221 812 zu
1279 751 1383 811 Ihren
1418 748 1684 808 damaligen
1719 742 1857 802 Kindt
1868 737 1986 797 finden

746 838 886 898 können,
911 840 1001 900 undt
1027 838 1259 898 deßthalb
1296 833 1386 893 nach
1412 830 1476 890 der
1502 828 1732 888 Ordnung
1784 826 1860 886 dem

755 929 1014 989 ohnbekanntn
1029 928 1159 988 sollte
1204 920 1463 980 nachgewißen
1478 913 1637 973 werden,
1651 911 1841 971 nachden

741 1006 789 1066 vn
813 1008 862 1068 e
898 1011 971 1071 ne
983 1013 1091 1073 Herrn
1116 1012 1176 1072 die
1213 1010 1286 1070 sach
1310 1006 1527 1066 erdautret
1576 1000 1758 1060 habendt
1782 996 1975 1056 dieselben

740 1089 847 1149 nicht
870 1093 998 1153 finden
1021 1094 1194 1154 können,
1215 1093 1290 1153 daß
1323 1092 1464 1152 diesere
1507 1090 1571 1150 Ehe
1604 1087 1745 1147 könne
1798 1084 1992 1144 behindert

749 1174 927 1234 werden;
963 1176 1200 1236 derowegen
1260 1178 1366 1238 Ihnen
1389 1180 1699 1240 auffgetragen
1722 1173 1853 1233 werde,
1877 1165 1936 1225 Sie

742 1264 995 1324 Verbunden,
1010 1262 1098 1322 undt
1127 1264 1202 1324 die
1232 1266 1292 1326 Ehe
1336 1270 1543 1330 bezeuchen
1575 1273 1604 1333 zu
1648 1268 1826 1328 laßen.

732 1460 1064 1520 Pubischwal
1148 1457 1211 1517 an
1252 1458 1272 1518 H
1356 1459 1564 1519 PRethl.
1587 1456 1711 1516 Ifr
1752 1450 1983 1510 ennen,

373 1510 560 1570 Steinfiger
573 1517 616 1577 Hl.
631 1519 689 1579 G.

710 1559 819 1619 HH.
834 1555 1024 1615 Sudicowo
1055 1555 1182 1615 Baum
1213 1556 1385 1616 gartner
1416 1558 1496 1618 für
1527 1558 1591 1618 die
1607 1555 1859 1615 bahrungs
1874 1546 1968 1606 hell

374 1607 598 1667 Baūmpastner
618 1616 656 1676 H.
676 1616 705 1676 Es

753 1645 836 1705 legn
864 1645 921 1705 der
949 1645 1158 1705 botusten
1186 1648 1423 1708 Tabatiere
1466 1648 1662 1708 erlittene
1704 1638 1844 1698 Kösten

743 1741 999 1801 Fürdelich
1030 1744 1301 1804 Gtreythalen
1334 1750 1382 1810 zu
1413 1744 1620 1804 Entichten

727 1944 984 2004 Sollingen
1081 1943 1360 2003 Sierstichen
1399 1940 1576 2000 dahad
1598 1936 1695 1996 mnich
1736 1924 1913 1984 Stegen

354 2008 491 2068 Steige
503 2006 564 2066 Hl.
578 2001 715 2061 Heidenig

751 2032 848 2092 Von
875 2029 1194 2089 Ostermundigen
1221 2029 1345 2089 Wegen
1388 2028 1428 2088 an
1469 2026 1539 2086 den
1566 2021 1746 2081 Betttag
1775 2010 1815 2070 in
1842 2003 1898 2063 der

363 2077 553 2137 behlingen.

710 2120 857 2180 Kirchen
878 2117 920 2177 zu
973 2117 1163 2177 Bollingen
1194 2116 1480 2176 Vorgangener
1521 2110 1754 2170 Ergernuß
1806 2094 1912 2154 auff

352 2141 519 2201 battag.

708 2213 937 2273 künfftig
983 2215 1182 2275 Montag
1229 2215 1275 2275 von
1335 2215 1428 2275 mie
1458 2211 1565 2271 Heren
1580 2206 1718 2266 halten
1733 2195 1932 2255 zulaßen

751 2362 923 2422 Wardt
939 2362 992 2422 der
1009 2362 1113 2422 saty
1147 2363 1318 2423 kurffe
1352 2362 1438 2422 Von
1472 2361 1593 2421 Sutz
1610 2358 1713 2418 wie
1730 2353 1834 2413 Ihrn

731 2450 926 2510 Ehemann
986 2446 1231 2506 Abrasamb
1267 2443 1536 2503 Hooffmann
1622 2434 1708 2494 von
1744 2422 1953 2482 Lattängen

373 2447 528 2507 Kürffer
538 2446 649 2506 Catrn

364 2511 528 2571 Hoffman
548 2512 702 2572 Abrahans

1653 2522 1703 2582 ad
1729 2514 1829 2574 form

742 2531 820 2591 Eim
873 2530 1369 2590 Rustbieftertheilt.

3586 269 3646 329 43

3579 332 3599 392 1

2399 343 2513 403 Nun
2545 338 2743 398 Erscheint
2759 339 2825 399 Hr.
2841 342 3004 402 Karcht
3036 344 3184 404 welcher
3200 342 3298 402 denn
3348 329 3594 389 bekantlich

2423 422 2536 482 worden
2592 422 2649 482 die
2671 421 2853 481 Susanra
2909 418 3057 478 Scheye
3101 416 3181 476 von
3237 411 3476 471 SentreEgg
3498 406 3680 466 beschloffen

2409 511 2442 571 zu
2463 505 2594 565 haben,
2616 497 2888 557 Verdeüteten
2921 493 3019 553 aber,
3041 493 3084 553 Er
3117 491 3226 551 wolle
3248 490 3302 550 das
3323 488 3433 548 kindt
3454 483 3564 543 nicht

2077 542 2259 602 Knchth.
2270 532 2408 592 Albech.

2420 580 2650 640 zumahlen
2674 576 2743 636 Sie
2754 574 3008 634 mitandern
3031 572 3296 632 zugehalten
3377 564 3584 624 brruffen

2064 645 2201 705 Schreyer
2226 641 2377 701 Susanna,

2411 668 2473 728 sich
2510 665 2573 725 diß
2623 661 2748 721 Goths
2773 661 2886 721 auff
2910 660 2974 720 die
2999 659 3198 719 genißt,
3235 658 3299 718 Sie
3323 655 3498 715 hingegen
3511 647 3675 707 sagt¬

2070 725 2237 785 dunautor
2271 716 2384 776 danil,

2405 756 2443 816 Es
2468 750 2558 810 habe
2583 746 2621 806 sie
2646 745 2672 805 zu
2724 740 3093 800 Etwelchenmahlen
3145 739 3374 799 beschlaffen
3426 733 3514 793 das
3541 726 3669 786 Ersten

2395 840 2529 900 mahl,
2549 834 2610 894 alß
2642 829 2734 889 man
2776 822 3044 882 angefangen
3064 817 3136 877 die
3178 814 3312 874 Bäder
3332 807 3507 867 wärmen

2411 920 2631 980 Ergestehet
2656 912 2747 972 auch
2772 910 2825 970 sie
2850 904 3030 964 hernach
3057 897 3303 957 beschlaffen
3366 886 3406 946 zu
3444 878 3560 938 haben

2413 1016 2482 1076 der
2512 1011 2693 1071 Wetzger
2722 1002 2947 1062 laugnet,
2975 996 3046 1056 daß
3087 989 3256 1049 homit
3298 981 3369 1041 Hrr
3382 975 3566 1035 knecht

2396 1095 2549 1155 geredt,
2576 1089 2645 1149 den
2688 1081 2952 1141 foniemahl
2993 1070 3214 1130 gekeinet
3271 1063 3367 1123 Herr
3383 1060 3631 1120 Kuechtsagt

2396 1181 2461 1241 der
2501 1171 2721 1231 Junauter
2761 1161 2864 1221 habe
2892 1156 2969 1216 Ihme
2995 1154 3048 1214 die
3073 1151 3334 1211 proponition
3426 1153 3582 1213 gethan

2392 1267 2511 1327 daren
2535 1261 2617 1321 aber
2642 1255 2748 1315 habe
2797 1244 3047 1304 honiemahl
3106 1234 3261 1294 tretten
3285 1232 3416 1292 wollen
3464 1232 3547 1292 der

2375 1362 2624 1422 Dunauter
2652 1351 2763 1411 sagt
2804 1346 2874 1406 der
2888 1344 2971 1404 H.
2998 1337 3221 1397 Schultheiß
3290 1325 3387 1385 habe
3401 1315 3497 1375 Ihme

2383 1457 2626 1517 verdeütet,
2649 1450 2732 1510 wan
2766 1445 2837 1505 sein
2883 1439 2989 1499 Sohn
3023 1431 3303 1491 bekantlich,
3326 1424 3361 1484 so
3384 1421 3501 1481 wolle
3524 1419 3570 1479 Er

2394 1547 2499 1607 nach
2531 1544 2590 1604 dem
2635 1534 2863 1594 hohzeith.
2893 1524 2985 1584 Ihra
3014 1518 3106 1578 das
3136 1511 3242 1571 gekt
3257 1505 3409 1565 geben.
3423 1504 3607 1564 Cogl.

2392 1639 2523 1699 solle
2539 1635 2587 1695 in
2620 1629 2686 1689 der
2717 1617 2896 1677 geiset
2914 1600 3173 1660 Examenirt
3205 1592 3336 1652 werden

2356 1800 2522 1860 Dedil
2541 1794 2574 1854 a
2641 1785 2859 1845 MnHr
2910 1777 2960 1837 er
2993 1771 3145 1831 Knricht
3178 1764 3261 1824 Son
3330 1747 3650 1807 Schurgdorff¬

2384 1881 2579 1941 Iharesc
2605 1877 2671 1937 Min
2684 1875 2789 1935 gnädigen
2802 1870 2906 1930 Herren
2919 1862 3140 1922 Zubrichten
3180 1853 3219 1913 ob
3245 1847 3362 1907 seines
3388 1840 3506 1900 sohner
3532 1832 3690 1892 Borgebn

2082 1942 2191 2002 obId

2390 1959 2486 2019 wehr
2521 1960 2592 2020 daß
2641 1957 2688 2017 der
2712 1955 2784 2015 H.
2807 1952 2891 2012 Cut.
2915 1948 2987 2008 die
3023 1943 3083 2003 30
3119 1938 3189 1998 R.
3203 1933 3322 1993 statt
3346 1928 3405 1988 der
3416 1921 3655 1981 abbirsung

2387 2045 2571 2105 bezahlen
2603 2037 2726 2097 wolle,
2756 2031 2925 2091 mitthn
2957 2025 3033 2085 dan
3065 2018 3234 2078 selbst
3249 2013 3357 2073 auff
3372 2007 3636 2067 künftigen

2402 2126 2565 2186 Meitig
2597 2128 2843 2188 zurschein

2269 2283 2349 2343 H.
2381 2278 2448 2338 V.
2464 2273 2611 2333 Hahel,
2643 2269 2692 2329 wo
2708 2265 2823 2325 seine
2855 2260 3034 2320 Habe
3082 2257 3181 2317 beym
3213 2257 3524 2317 Bollenhaußist
3540 2261 3639 2321 wegen

2381 2359 2568 2419 fährliche
2583 2352 2742 2412 Einzugs
2786 2341 3163 2401 bißauffnechsten
3178 2332 3555 2392 Ehergochtktag¬

2041 2363 2167 2423 Hohrl.
2191 2363 2318 2423 Pfeler

2386 2439 2794 2499 hinundergesetzet
2816 2432 2956 2492 worden,
2978 2431 3085 2491 undt
3106 2430 3193 2490 soll
3225 2428 3268 2488 Er
3301 2426 3355 2486 dem
3408 2422 3582 2482 Commeni¬

2364 2517 2485 2577 Rath
2517 2515 2576 2575 zur
2608 2512 2986 2572 Außmusterung
3016 2509 3228 2569 verleidet
3245 2507 3427 2567 werden.
