4032 3024
420 141 481 201 44

403 984 632 1044 Peterseras

409 1057 478 1117 Jolg
518 1052 657 1112 Bittib

804 233 967 293 Wardt
992 227 1218 287 folgender
1255 229 1455 289 Vortrag
1481 233 1592 293 wegen
1619 237 1681 297 deß
1730 242 1843 302 Casar
1882 247 1994 307 Peteo

790 319 876 379 und
919 317 975 377 der
1005 318 1149 378 Vattib
1177 320 1264 380 olg
1292 322 1350 382 Go
1378 322 1393 382 n
1435 326 1651 386 MuHrn
1665 331 1953 391 gudtgeheßen

783 403 930 463 Wontn

793 538 920 598 Ai.

743 700 841 760 Sach
924 695 940 755 n
1039 694 1087 754 ie
1121 694 1236 754 erer
1268 696 1319 756 e
1417 700 1500 760 ben
1532 703 1764 763 hbegrachtes
1780 704 1828 764 zu
1862 703 1911 763 fol
1945 702 1961 762 g
1977 701 2028 761 hr¬

773 794 845 854 Ihn
874 793 1003 853 hochem
1047 794 1407 854 hierbeyligendem
1466 799 1639 859 befelch
1682 800 1740 860 dem
1783 799 1985 859 Concitorio

753 880 799 940 zu
846 880 973 940 Bitlit
996 881 1216 941 insintiren
1251 883 1437 943 laßen,
1459 883 1528 943 die
1552 881 1609 941 Er
1621 879 1876 939 Vorratione

760 968 881 1028 Serar
910 963 1060 1023 Peter
1090 962 1195 1022 undt
1225 963 1286 1023 die
1316 965 1451 1025 Wittib
1480 970 1541 1030 sol
1601 976 1812 1036 erichtete
1841 979 2006 1039 Procedur

770 1048 1004 1108 nochmalen
1027 1043 1307 1103 Vorzunammen
1377 1049 1436 1109 sich
1471 1056 1833 1116 derumbständen
1915 1053 1973 1113 deß

780 1122 1003 1182 geneüweren
1026 1121 1098 1181 undt
1133 1126 1404 1186 grundtlichen
1427 1132 1745 1192 zuerkundigen,
1768 1124 1838 1184 den

761 1205 890 1265 Peter
914 1207 1021 1267 undt
1056 1208 1116 1268 die
1139 1210 1222 1270 Folu
1281 1210 1458 1270 darumb
1482 1210 1530 1270 zu
1565 1209 1648 1269 ret
1671 1208 1719 1268 zu
1742 1203 1897 1263 stellen

776 1277 876 1337 Eine
913 1285 1114 1345 Procedii
1163 1292 1501 1352 zudnateliren
1551 1290 1614 1350 und
1639 1288 1727 1348 Men
1752 1283 1840 1343 ndign
1864 1279 1902 1339 Hr

763 1365 1049 1425 einzusandern
1127 1369 1205 1429 die
1217 1367 1360 1427 selbige
1386 1366 1619 1426 erdautern
1722 1367 1800 1427 ein

763 1456 1045 1516 guthachtem
1136 1454 1354 1514 abfaßen
1432 1453 1536 1513 undt
1548 1451 1690 1511 solches
1728 1448 1845 1508 Ergl.
1870 1446 1987 1506 Bor¬

735 1534 919 1594 btragen
981 1531 1116 1591 laßen
1165 1534 1374 1594 sollen.
1424 1537 1682 1597 Bedachter
1707 1531 1941 1591 Convistorium

772 1619 845 1679 auch
881 1621 1003 1681 diesem
1100 1624 1256 1684 befelich
1293 1624 1414 1684 statt
1463 1623 1621 1683 gethan
1692 1618 1826 1678 undt
1850 1615 1911 1675 die

768 1711 857 1771 seit
882 1712 932 1772 har
971 1712 1224 1772 versucheten
1276 1709 1554 1769 beyligende
1581 1703 1707 1763 Reroe
1745 1700 1771 1760 n
1796 1696 1885 1756 nien
1898 1692 1975 1752 Herer

737 1800 999 1860 zugeschikt,
1025 1802 1300 1862 welcheselben
1340 1798 1445 1858 auch
1470 1795 1562 1855 noch
1602 1789 1839 1849 erfonderen

749 1885 994 1945 undersucht
1032 1883 1131 1943 undt
1155 1882 1364 1942 einmüsig
1402 1877 1684 1937 befunden,
1722 1868 1809 1928 daß
1857 1859 1919 1919 der

736 1971 873 2031 Caous
922 1967 1021 2027 Von
1070 1963 1270 2023 besonders
1306 1955 1641 2015 bedenklichkeit
1679 1942 1777 2002 undt
1803 1932 1901 1992 umb

738 2055 886 2115 selben
943 2049 1057 2109 klar
1102 2046 1137 2106 an
1194 2043 1274 2103 tag
1319 2036 1536 2096 zubringen
1626 2015 1947 2075 nothwendig.

740 2132 851 2192 seye
901 2131 942 2191 in
981 2130 1283 2190 discationem
1344 2123 1615 2183 Materia,
1636 2115 1666 2175 so
1696 2101 1968 2161 einzutretten

764 2204 842 2264 daß
898 2204 954 2264 die
987 2203 1200 2263 dahange
1255 2200 1400 2260 facta
1468 2198 1512 2258 zu
1569 2192 1769 2252 behöriger
1804 2183 2015 2243 Elucidation

727 2292 853 2352 Ergl.
877 2288 1142 2348 Separatim
1230 2287 1521 2347 eingegeben
1596 2281 1710 2341 undt
1735 2275 1936 2335 borgelegt

747 2379 909 2439 werden
942 2365 1209 2425 kömmid.

729 2466 791 2526 Ihn
828 2457 954 2517 diesem
1003 2449 1266 2509 Endttok
1316 2445 1404 2505 nur
1428 2439 1716 2499 zugelangen
1778 2421 1879 2481 undt
1891 2409 1953 2469 den

724 2533 1076 2593 haubtbnotten
1100 2525 1429 2585 auffzulosen,
1465 2519 1647 2579 habendt
1671 2510 1733 2570 Sie
1757 2493 1988 2553 gutbefunden

3593 260 3696 320 45.

2410 352 2676 412 zubetrachten
2765 350 2792 410 1
2854 349 2969 409 Was
2995 347 3186 407 wäbendt
3212 345 3276 405 deß
3326 340 3440 400 Peter
3479 333 3644 393 Ehestaul

2434 427 2520 487 undt
2554 423 2608 483 der
2641 420 2718 480 Folg
2750 418 2881 478 Eheman
2935 416 3055 476 leben
3154 415 3219 475 2.
3253 414 3405 474 beyder
3427 408 3668 468 dißmaligen

2395 499 2624 559 Implicerten
2644 495 2803 555 Evasion
2833 490 2934 550 undt
2953 485 3202 545 Rukkunft,
3223 480 3422 540 hundtlichen
3432 477 3521 537 undt
3531 476 3551 536 3

2415 568 2505 628 nach
2528 565 2630 625 ihren
2709 557 2983 617 widermaligen
2994 550 3186 610 außtritt
3231 539 3515 599 verofangen:

2417 695 2662 755 Anlangendt
2673 694 2721 754 den
2732 692 2780 752 1.
2803 691 2849 751 e.
2861 689 2897 749 so
2920 684 3048 744 fallet
3084 669 3377 729 zubetrachten
3423 649 3494 709 vor
3530 638 3587 698 die

2426 777 2595 837 Wötschen
2633 772 2767 832 beyden
2816 764 3072 824 gepflogtene
3109 748 3402 808 verdächtige
3439 725 3696 785 Familiari¬

2390 865 2470 925 itet
2502 862 2583 922 undt
2614 859 2685 919 der
2716 856 2787 916 bey
2828 850 2920 910 Ihren
2961 839 3216 899 Ehegemelden
3287 814 3563 874 deretwegen

2398 947 2600 1007 gefaßte
2635 938 2874 998 ohnwillen
2933 928 3005 988 und
3052 917 3242 977 Bleyden
3338 898 3409 958 der
3432 885 3599 945 Gleyte

2409 1020 2546 1080 zeiget
2580 1017 2632 1077 an
2708 1013 2743 1073 in
2777 1010 2855 1070 was
2880 1000 3180 1060 ohngebührender
3222 986 3300 1046 Art
3334 977 3419 1037 seit
3445 966 3573 1026 undt

2442 1085 2587 1145 Stundt
2611 1085 2661 1145 die
2697 1082 2844 1142 Evasion
2892 1076 3161 1136 beschechen,
3197 1065 3271 1125 wil
3307 1049 3540 1109 Verdächtig
3564 1031 3612 1091 sie

2402 1166 2602 1226 Währendt
2631 1163 2830 1223 derselben
2891 1155 2981 1215 mit
3010 1144 3209 1204 Einander
3229 1127 3508 1187 umbgangen

2412 1234 2503 1294 undt
2514 1235 2570 1295 wie
2592 1234 2796 1294 Endtlichen
2820 1229 2921 1289 selbe
2944 1223 3069 1283 allem
3148 1211 3317 1271 anseche
3340 1202 3431 1262 nach
3465 1192 3646 1252 bereits

2400 1302 2522 1362 Neun
2574 1306 2729 1366 donat
2759 1303 2831 1363 Ehe
2851 1301 2893 1361 sie
2944 1293 3149 1353 bescheihen
3202 1278 3417 1338 verbredet
3448 1262 3665 1322 worden.

2411 1376 2482 1436 der
2507 1376 2554 1436 3.
2577 1375 2673 1435 undt
2710 1373 2817 1433 leste
2853 1369 2984 1429 dann
3032 1362 3187 1422 weiset
3224 1352 3343 1412 aus,
3366 1343 3425 1403 daß
3474 1335 3533 1395 Sie
3558 1326 3628 1386 Ehre

2401 1438 2476 1498 undt
2504 1438 2625 1498 better
2661 1438 2755 1498 über
2774 1436 2839 1496 den
2867 1434 2998 1494 fasum
3063 1427 3287 1487 definitive
3351 1407 3613 1467 abgesprehen

2398 1509 2523 1569 worden
2610 1507 2755 1567 hiemit
2783 1503 3122 1563 literpendente
3161 1498 3218 1558 sich
3248 1490 3431 1550 äußert
3450 1475 3615 1535 landts

2391 1587 2589 1647 brgeben,
2616 1582 2702 1642 und
2716 1580 2786 1640 tihr
2843 1577 3068 1637 Grantach
3112 1570 3281 1630 Ehelich
3309 1555 3520 1615 einsegnen

2396 1663 2532 1723 haßen

2381 1769 2447 1829 Ihn
2489 1757 2744 1817 behaubtung
2784 1747 2852 1807 deß
2892 1743 2920 1803 ir
2933 1738 3120 1798 punckens
3149 1730 3283 1790 dienet
3296 1725 3349 1785 die
3377 1723 3404 1783 in
3430 1721 3498 1781 des
3525 1717 3701 1777 proceduor¬

2349 1842 2470 1902 mit
2506 1837 2542 1897 a.
2554 1835 2591 1895 b.
2603 1832 2651 1892 9.
2662 1828 2759 1888 lund
2795 1823 2819 1883 k
2880 1813 3108 1873 bezrichnte
3146 1797 3471 1857 Kundtschaffts
3495 1786 3677 1846 außaagen

2373 1909 2501 1969 diemet
2523 1907 2610 1967 mur
2642 1904 2706 1964 den
2739 1897 2965 1957 verdächtig
3008 1885 3224 1945 umbgang
3268 1876 3439 1936 Wüscehen
3462 1869 3569 1929 ihnen

2377 1979 2579 2039 betisen,
2599 1975 2753 2035 sondern
2772 1971 2830 2031 sich
2849 1968 2937 2028 auch
2966 1964 3004 2024 zu
3034 1961 3111 2021 vndt
3140 1954 3237 2014 Mag.
3256 1948 3313 2008 35e
3333 1942 3439 2002 kundt
3468 1933 3507 1993 in

2383 2063 2442 2123 der
2466 2055 2608 2115 gantzen
2645 2048 2847 2108 folgenden
2907 2038 3062 2098 ergibt,
3086 2031 3158 2091 daß
3205 2024 3264 2084 der
3289 2018 3371 2078 dolu
3395 2009 3467 2069 auß
3502 1996 3633 2056 befelch

2377 2151 2438 2211 deß
2500 2133 2686 2193 Convictons
2710 2121 2822 2181 durch
2847 2117 2895 2177 den
2946 2109 3192 2169 damaligen
3242 2098 3317 2158 H.
3329 2091 3428 2151 Puge
3452 2075 3650 2135 Ausoren

2365 2227 2473 2287 alles
2492 2210 2708 2270 umbgang
2749 2199 2826 2259 mit
2857 2195 2925 2255 dem
2974 2190 3092 2250 Peter
3131 2181 3358 2241 verbotten
3406 2166 3534 2226 worden

2378 2289 2537 2349 warumb
2576 2279 2655 2339 dem
2695 2272 2823 2332 Peted
2854 2266 2933 2326 aber
2982 2260 3071 2320 das
3101 2254 3230 2314 gleiche
3279 2243 3448 2303 Verbott
3477 2230 3596 2290 nicht

2373 2354 2461 2414 auch
2500 2346 2756 2406 beschechen,
2775 2341 2815 2401 in
2845 2338 3002 2398 gleicher
3041 2331 3129 2391 pay
3159 2328 3199 2388 36
3258 2318 3493 2378 zuersechen

2406 2426 2571 2486 Welche
2609 2422 2685 2482 von
2735 2416 3003 2476 offtbekeute
3040 2406 3395 2466 kunffschaffts
3407 2399 3635 2459 außaagen

2365 2500 2495 2560 wegen
2524 2497 2612 2557 auch
2628 2495 2685 2555 an
2730 2492 2832 2552 tag,
2860 2488 2919 2548 wie
2948 2485 3064 2545 wenig
3080 2482 3152 2542 sorg
3197 2482 3254 2542 die
3270 2482 3358 2542 docg
3386 2482 3415 2542 zu
3460 2484 3561 2544 Ihrem
