4032 3024
418 150 502 210 46

370 1760 544 1820 Abraham
576 1759 716 1819 Tormerd

802 253 951 313 Ehenau
980 250 1114 310 Wegen
1160 247 1294 307 deßen
1338 245 1547 305 tödtlichen
1562 251 1800 311 Kranukheit
1831 270 2009 330 getragen

811 347 880 407 daß
933 343 1015 403 aber
1042 340 1110 400 der
1137 337 1261 397 Peted
1287 335 1314 395 in
1341 335 1464 395 seiner
1505 335 1586 395 hier
1600 345 1954 405 angeschloßenen

790 430 925 490 Posten
981 427 1062 487 mit
1102 425 1171 485 N.
1198 423 1253 483 2.
1279 422 1565 482 bezrahneten
1620 431 1932 491 Supplication

806 511 970 571 vorgeben
1007 512 1159 572 darff,
1184 511 1247 571 daß
1297 508 1348 568 Er
1360 507 1397 567 in
1436 505 1561 565 keines
1600 505 1877 565 Verdächtigen
1889 511 2027 571 absicht

768 587 827 647 die
857 592 937 652 Auß
986 593 1125 653 nacher
1144 592 1324 652 Nantes
1363 587 1522 647 gethan
1581 583 1690 643 undt
1710 583 1800 643 mit
1839 584 1939 644 seiner

785 671 913 731 Erstem
951 676 1206 736 Ehefrauten
1284 669 1539 729 Getleilen
1565 664 1615 724 im
1655 662 1756 722 fodt
1795 662 1858 722 und
1896 665 2026 725 Einige¬

772 760 872 820 keit
916 760 1072 820 gelebet
1115 757 1271 817 stetet
1293 752 1538 812 alledings
1581 747 1692 807 wider
1726 745 1781 805 den
1826 745 1902 805 Ston
1937 745 1991 805 den

770 838 1076 898 Setioselbsten
1143 836 1182 896 an
1236 834 1302 894 der
1330 831 1515 891 fleciret
1556 822 1823 882 geschabenen
1888 812 1982 872 und

769 913 807 973 in
832 918 908 978 der
933 923 1137 983 procedus
1174 924 1289 984 pag.
1314 922 1403 982 33.
1416 919 1592 979 sopirten
1644 912 1808 972 brieff,
1821 907 1973 967 deßen

758 1003 922 1063 Inhalt
949 1003 1019 1063 das
1032 1004 1183 1064 mehre
1225 1007 1389 1067 erheiten
1416 1007 1569 1067 kant.

736 1132 817 1192 den
857 1135 1019 1195 Mleyten
1033 1136 1276 1196 huerwahren
1329 1135 1410 1195 wie
1452 1132 1518 1192 daß
1573 1130 1627 1190 Sie
1654 1129 1722 1189 die
1748 1125 1924 1185 Evasion

770 1222 815 1282 zu
862 1220 1192 1280 ohngebührender
1237 1215 1340 1275 Zeit
1374 1209 1659 1269 vorgenommen,
1682 1205 1762 1265 daß
1808 1200 1956 1260 selbige

745 1306 854 1366 schole
866 1304 977 1364 vorher
1025 1300 1221 1360 Wüscher
1258 1297 1380 1357 Ihnen
1405 1292 1625 1352 Concertirt
1663 1283 1808 1343 worden
1883 1274 1980 1334 undt

760 1388 823 1448 die
863 1393 1118 1453 Verdächtig
1145 1391 1196 1451 sie
1248 1388 1453 1448 wahrend
1491 1380 1620 1440 deren
1646 1374 1723 1434 mit
1735 1369 1800 1429 Ein
1813 1362 1941 1422 ander

764 1484 938 1544 gelebet
977 1482 1102 1542 werden
1139 1477 1303 1537 dienlich
1328 1472 1390 1532 sin
1466 1468 1554 1528 und
1591 1462 1829 1522 erheitern

769 1573 834 1633 die
874 1570 1217 1630 Kundtschafft
1269 1563 1547 1623 außaagehl.
1573 1555 1705 1615 Lavis
1731 1544 1903 1604 Grenier

729 1653 841 1713 Lebt.
855 1656 927 1716 e.
955 1658 1053 1718 Fol.
1083 1660 1153 1720 13.
1167 1658 1239 1718 14.
1253 1657 1310 1717 15.
1338 1655 1424 1715 ib.
1452 1650 1522 1710 deß
1564 1642 1692 1702 Lenem
1734 1626 1891 1686 dustet

749 1753 849 1813 Ltt.
874 1748 950 1808 M.
963 1745 1063 1805 Fol.
1077 1743 1127 1803 29
1152 1742 1202 1802 biß
1240 1741 1291 1801 22
1329 1738 1506 1798 Sudlusre
1568 1733 1658 1793 H.
1683 1723 1949 1783 Fleurets¬

734 1846 788 1906 L.
802 1842 871 1902 1.
898 1837 1009 1897 Fol.
1022 1832 1104 1892 29.
1117 1831 1173 1891 b0.
1200 1829 1270 1889 31.
1284 1828 1365 1888 33.
1392 1825 1462 1885 34.
1489 1822 1559 1882 daß
1599 1818 1750 1878 Simeon
1778 1807 1942 1867 dustets

738 1924 835 1984 Ls
865 1923 914 1983 E.
947 1919 1059 1979 Fol.
1074 1913 1138 1973 22.
1171 1910 1250 1970 23.
1267 1916 1428 1976 24..

729 2033 831 2093 Wr
861 2026 1172 2086 Sundtbesten
1202 2030 1409 2090 Pundten
1469 2033 1661 2093 Eedorff
1691 2027 1824 2087 beines
1854 2014 1971 2074 be¬

732 2109 1071 2169 weßthumbs
1101 2105 1296 2165 inmaßen
1327 2105 1368 2165 sie
1398 2104 1562 2164 selbsten
1615 2098 1778 2158 gestehen
1860 2084 1942 2144 auch

765 2185 867 2245 fanen
929 2179 1081 2239 Actum
1120 2177 1435 2237 vorgelesen,
1462 2173 1537 2233 daß
1601 2170 1651 2230 Sie
1676 2166 1740 2226 sich
1765 2157 1943 2217 hut¬

746 2258 941 2318 soanzach
967 2254 1124 2314 Ehrlich
1136 2251 1344 2311 einsegnen
1384 2252 1539 2312 laßen

740 2373 904 2433 hieist
931 2372 1015 2432 auch
1042 2374 1332 2434 einzuruten,
1359 2375 1441 2435 daß
1483 2374 1537 2434 der
1565 2367 1812 2427 Petedundt
1841 2351 1895 2411 die

747 2458 829 2518 Joli
864 2456 946 2516 nach
982 2456 1076 2516 ihre
1099 2455 1368 2515 Rubkunfft
1391 2452 1473 2512 sich,
1496 2444 1697 2504 ohngeecht
1708 2429 1884 2489 öfterr

741 2530 996 2590 Cctationen
1073 2528 1141 2588 vor
1174 2528 1229 2588 der
1251 2530 1475 2590 ehebarbeit
1508 2528 1541 2588 zu
1585 2525 1719 2585 Bittid
1730 2519 1798 2579 nit
1809 2511 1919 2571 stellen

3549 263 3626 323 47

2407 307 2526 367 wollen
2568 307 2710 367 sondern
2731 308 2774 368 sich
2795 308 2903 368 allhar
2937 310 3077 370 begeben
3153 312 3195 372 und
3206 313 3261 373 Min
3272 314 3358 374 gnädigen
3369 316 3454 376 Herren
3477 320 3660 380 beyligende

2391 380 2642 440 Supplitation
2696 385 2904 445 vorgeleget
2936 386 3034 446 durch
3057 388 3165 448 welche
3187 389 3220 449 Er
3241 389 3329 449 seine
3362 389 3514 449 Evabion

2403 445 2499 505 under
2518 448 2577 508 dem
2624 451 2750 511 nahme
2789 455 2894 515 Einer
2943 457 3049 517 Reise
3087 457 3175 517 nach
3213 454 3377 514 Nantes
3397 449 3473 509 umb
3503 443 3618 503 allda

2388 514 2529 574 Waarn,
2540 518 2570 578 so
2600 519 2671 579 auß
2712 521 2803 581 Ihme
2823 521 2894 581 auß
2935 518 3117 578 America
3177 511 3381 571 anlangen
3401 500 3645 560 sollten,

2390 595 2711 655 einzunehmen,
2731 592 2825 652 undt
2853 589 2986 649 andere
3014 583 3337 643 zuerhandlen,
3355 574 3535 634 beschönen

2390 670 2479 730 mitt
2498 670 2537 730 ihm
2587 670 2635 730 den
2666 670 2813 730 Richter
2832 668 3147 728 übernehmen,
3168 663 3276 723 undt
3295 660 3394 720 allen
3404 655 3581 715 unglimp

3555 733 3649 793 .

2388 748 2497 808 auff
2521 744 2580 804 das
2614 739 2838 799 Consistorium
2948 736 2972 796 zu
3013 734 3155 794 Wivit
3188 729 3330 789 welben
3373 721 3497 781 wollen

2401 829 2522 889 Wan
2559 826 2656 886 aber
2680 823 2801 883 beyde
2838 819 3080 879 vermahlen
3141 812 3214 872 sich
3238 805 3407 865 darmit
3431 792 3589 852 bedeben

2397 899 2492 959 undt
2521 899 2569 959 die
2597 898 2798 958 Ehrbarkeit
2826 896 2865 956 zu
2913 894 3018 954 Vinis
3056 886 3266 946 beklagen
3294 871 3467 931 wollen,
3486 855 3582 915 ob¬

2391 972 2520 1032 hätten
2544 971 2592 1031 sie
2615 970 2827 1030 niemahls
2862 968 2945 1028 Ihre
2968 963 3252 1023 Exceptionen
3335 945 3465 1005 gegen
3501 932 3559 992 die

2363 1051 2681 1111 Kundtschaften
2701 1045 2820 1105 mache
2859 1041 2989 1101 könte
3058 1036 3089 1096 so
3108 1031 3287 1091 erhalet,
3307 1024 3386 1084 das
3417 1013 3595 1073 widerstfil

2381 1126 2458 1186 auß
2511 1123 2746 1183 beyligender
2784 1122 2942 1182 Luitte
2980 1119 3033 1179 De
3072 1114 3280 1174 praedure
3306 1103 3372 1163 No
3397 1096 3438 1156 1.

2362 1225 2446 1285 Auß
2483 1222 2616 1282 obigem
2687 1217 2808 1277 allem
2868 1211 2965 1271 finde
2989 1207 3038 1267 in
3062 1200 3159 1260 gnädigen
3171 1193 3266 1253 Heren
3291 1186 3351 1246 daß
3387 1179 3448 1239 der
3472 1163 3690 1223 Verdähtige

2376 1304 2566 1364 umbzanig
2604 1299 2706 1359 diese
2731 1289 2998 1349 Pfartheyen
3048 1276 3213 1336 wahend
3240 1264 3328 1324 Ihre
3366 1249 3608 1309 Ehegemaldte

2382 1382 2490 1442 läben
2540 1378 2598 1438 mit
2618 1374 2687 1434 nur
2708 1368 2943 1428 gnugsamb,
2964 1357 3111 1417 sondern
3130 1348 3269 1408 annoch
3288 1340 3319 1400 er
3348 1334 3456 1394 wisen

2378 1457 2581 1517 daßselbe
2633 1451 2734 1511 undt
2772 1446 2861 1506 war
2873 1443 2963 1503 auß
3014 1436 3180 1496 befelch,
3193 1430 3255 1490 daß
3307 1416 3498 1476 Consistori
3523 1399 3624 1459 durch

2366 1539 2506 1599 deßen
2542 1528 2693 1588 Obmann
2729 1523 2787 1583 der
2810 1521 2892 1581 Solu
2940 1515 3162 1575 verbotten
3209 1502 3409 1562 worden,
3432 1485 3560 1545 beyde

2384 1609 2491 1669 dann
2524 1600 2696 1660 währendt
2728 1596 2793 1656 der
2836 1591 3008 1651 Qvasion
3073 1584 3171 1644 also
3192 1580 3267 1640 mit
3279 1570 3538 1630 Einander¬

2363 1684 2566 1744 gelbet,
2586 1680 2656 1740 daß
2707 1675 2778 1735 das
2789 1672 2879 1732 durch
2911 1666 3032 1726 ander
3062 1658 3194 1718 nichtr
3234 1650 3306 1710 alß
3357 1644 3417 1704 Ein
3447 1637 3650 1697 bestän¬

2363 1765 2472 1825 dige
2516 1759 2702 1819 Ehebruch
2734 1748 3052 1808 abzunehmen,
3073 1737 3193 1797 undt
3227 1731 3281 1791 die
3303 1724 3457 1784 Seithar
3489 1716 3631 1776 bezogen

2379 1838 2459 1898 Ehe
2530 1834 2668 1894 bemeß
2716 1829 2796 1889 wegs
2831 1821 3076 1881 fürgültig,
3088 1812 3216 1872 sonder
3250 1798 3494 1858 vielmehr

2381 1921 2451 1981 alß
2490 1918 2570 1978 Eine
2600 1910 2918 1970 Continuationem
2978 1898 3197 1958 adulterii
3217 1888 3465 1948 anzusachen

2362 2001 2468 2061 undt
2491 1995 2621 2055 beyde
2656 1990 2762 2050 wege
2796 1987 2890 2047 Ihrs
2902 1982 3243 2042 ohngehorsamks
3267 1972 3384 2032 undt
3408 1962 3572 2022 großer

2356 2079 2565 2139 gegebener
2602 2072 2787 2132 Ergeneuß
2835 2067 2910 2127 mit
2934 2061 3254 2121 angemaßener
3278 2053 3413 2113 straff
3451 2048 3488 2108 zu
3512 2043 3637 2103 belegn

2369 2164 2605 2224 häm.
