4032 3024
418 108 474 168 18
501 106 571 166 f.

377 833 492 893 Litth
513 835 651 895 Jseff.

397 923 475 983 Joho
503 922 649 982 Esobeth.

380 1559 559 1619 WolEhrd
588 1558 662 1618 Catz

360 1660 456 1720 Schor
503 1655 599 1715 Bentz

982 175 1281 235 Montags
1323 178 1394 238 den
1424 184 1523 244 22t
1566 190 1652 250 vbris
1679 194 1852 254 1732.

1260 291 1495 351 Praeses

1065 375 1295 435 Meger
1311 374 1445 434 er
1477 378 1544 438 von
1576 382 1723 442 Muhle

1227 472 1487 532 Assessores

762 580 957 640 Me.

769 760 902 820 durch
931 758 960 818 o
991 758 1123 818 cr.
1152 760 1212 820 von
1256 762 1478 822 Aubenser
1507 768 1567 828 rbe
1596 772 1654 832 in
1670 775 1788 835 gnädigen
1803 781 1906 841 Herr
1921 787 1996 847 be¬

774 856 950 916 richtet,
975 854 1037 914 bie
1076 853 1152 913 daß
1214 851 1353 911 Josech
1402 851 1491 911 Obth
1517 851 1554 911 er
1605 855 1919 915 Grichtvogt

755 946 889 1006 seine
957 949 1119 1009 magdt
1145 947 1308 1007 Elsbeth
1347 946 1428 1006 Joho
1455 946 1536 1006 von
1564 946 1672 1006 allde
1711 953 2008 1013 geschwangeren

754 1024 880 1084 deßen
915 1022 949 1082 Er
972 1021 1064 1081 auch
1098 1019 1328 1079 bekantlih
1350 1019 1476 1079 worden
1523 1021 1637 1081 Cogl.
1660 1024 1832 1084 Schriber
1855 1028 1946 1088 nach

739 1104 1053 1164 Anweußet,
1065 1103 1125 1163 sie
1150 1103 1222 1163 zur
1245 1103 1524 1163 abbüeßung
1559 1100 1777 1160 zuhalten
1826 1096 1946 1156 undt

741 1177 871 1237 weile
917 1175 964 1235 Er
976 1175 1247 1235 seinennagdt
1270 1177 1589 1237 geschwängent,
1613 1180 1648 1240 so
1659 1181 1754 1241 solle
1778 1183 1813 1243 Er
1849 1184 1931 1244 Ihre

751 1259 819 1319 die
851 1259 1070 1319 dößhetige
1105 1255 1607 1315 Kostemnbezahlen.

725 1411 1131 1471 Rädelhingen.
1147 1409 1400 1469 Ihrschiben
1416 1412 1501 1472 habe
1518 1417 1855 1477 Meheröhnet,
1874 1423 1940 1483 lie

745 1502 814 1562 daß
871 1499 931 1559 die
954 1499 1082 1559 Catoi
1116 1499 1373 1559 Walthelt
1396 1499 1465 1559 von
1500 1495 1733 1555 Dedlingen
1791 1486 1814 1546 in
1839 1480 1931 1540 Ihrr

737 1576 884 1636 Geiset
915 1579 944 1639 so
959 1579 1002 1639 den
1019 1580 1077 1640 19.
1091 1579 1151 1639 daß
1195 1576 1522 1636 widerfahrenen
1551 1558 1950 1618 undergaugsammer

724 1664 1055 1724 amination
1110 1659 1184 1719 zum
1230 1658 1396 1718 Vatter
1423 1656 1561 1716 deßen
1598 1643 1901 1703 ernambset,

741 1751 807 1811 den
873 1744 963 1804 frst
996 1737 1241 1797 angebenen
1320 1731 1441 1791 Bentz
1476 1727 1564 1787 Schoy
1608 1721 1687 1781 von
1731 1715 1798 1775 dam
1832 1705 1954 1765 pffil

736 1823 849 1883 selcher
880 1819 974 1879 aber
1016 1813 1110 1873 Ihra
1182 1809 1307 1869 dieser
1328 1804 1525 1864 anklegdt
1546 1796 1733 1856 gäntzlich
1764 1788 1795 1848 in
1837 1779 1951 1839 abent

759 1904 818 1964 ist
853 1893 1080 1953 derowegen
1104 1887 1200 1947 Ihnen
1235 1884 1558 1944 auffgetragen
1569 1879 1700 1939 werde
1761 1872 1796 1932 zu
1832 1859 2000 1919 vrrm¬

741 1984 961 2044 stalten,
994 1973 1093 2033 daß
1137 1971 1257 2031 beyde
1313 1970 1357 2030 im
1400 1969 1665 2029 purgations,
1698 1951 1972 2011 Eydttestrirt

731 2067 826 2127 undt
852 2057 1055 2117 nochterts
1079 2053 1164 2113 mit
1187 2053 1357 2113 nötigem
1440 2053 1586 2113 bericht
1609 2051 1633 2111 so
1657 2049 1742 2109 köhl
1789 2045 1874 2105 thoer

730 2149 1061 2209 empfangenn
1087 2143 1206 2203 Eydts
1220 2140 1485 2200 Instruction
1537 2132 1617 2192 alß
1658 2122 1843 2182 habenden

717 2240 962 2300 Lumbdens
988 2232 1104 2292 auff
1131 2229 1233 2289 Enen
1260 2227 1311 2287 ihm
1364 2223 1596 2283 ansezenden
1622 2217 1687 2277 tag
1725 2210 1829 2270 vor
1854 2195 1998 2255 dieselben

721 2323 926 2383 gehalten
950 2312 1128 2372 verdindt

2124 583 2292 643 Bättag.

2094 691 2200 751 Steiger
2211 680 2352 740 Pseider

2171 2027 2274 2087 obt.

2479 239 2577 299 Wid.
2596 235 2742 295 Inituum:
2763 238 2810 298 Lab
2831 243 2899 303 pag.
2908 245 2947 305 H3.
2956 247 2996 307 sub
3015 248 3094 308 fire.

3546 259 3674 319 49f.

2397 319 2677 379 Vollingen:
2701 319 2801 379 Was
2824 321 2881 381 sind
2903 323 3005 383 große
3027 325 3185 385 Ergernuß
3230 329 3432 389 verteichenen
3454 331 3636 391 Bättage¬

2409 405 2441 465 in
2474 404 2540 464 der
2572 406 2703 466 Abende
2737 409 2879 469 Pfredig
2911 413 2977 473 bey
3010 415 3108 475 Ihnen
3152 419 3370 479 entstanden
3458 414 3546 474 undt
3567 409 3634 469 wer¬

2398 486 2451 546 der
2473 489 2602 549 Noheber
2624 493 2764 553 dieselben
2775 494 2828 554 sein
2839 496 2957 556 sollen,
2979 497 3066 557 das
3087 497 3173 557 habe
3194 494 3249 554 min
3259 493 3345 553 gnädigen
3356 489 3442 549 Herren
3453 484 3506 544 auß

2407 564 2652 624 milligenden
2680 576 2767 636 Ihre
2797 580 2868 640 H.
2884 584 3100 644 Pffarhl.
3115 581 3289 641 beracht
3303 570 3477 630 schriben
3519 554 3592 614 mit

2393 655 2605 715 bestutzung
2644 656 2681 716 zu
2693 658 2895 718 verneimen
2907 661 3107 721 gehabt,
3131 661 3195 721 wie
3232 658 3320 718 aber
3358 654 3433 714 von
3458 645 3596 705 seithen

2391 748 2448 808 deß
2494 741 2782 801 vebnambseten
2828 739 2932 799 undt
2966 737 3162 797 beklagten
3209 736 3220 796 h
3300 733 3461 793 Steigers
3484 726 3589 786 bßon

2393 817 2693 877 Ostermündigen
2746 814 2938 874 vorgeben
3003 814 3206 874 worden,
3227 814 3271 874 ob
3292 811 3410 871 sollte
3431 804 3613 864 gedachter

2397 895 2638 955 schrifftsliche
2674 890 2818 950 bericht
2842 890 2903 950 und
2927 890 2962 950 in
2999 890 3132 950 parti
3144 890 3384 950 culadundt
3408 886 3529 946 nicht

2395 988 2492 1048 Vor
2516 977 2723 1037 gesambte
2747 971 2992 1031 Ehrbarheit
3016 969 3297 1029 auffgenommen
3309 964 3442 1024 worden
3466 958 3540 1018 sein

2367 1076 2417 1136 So
2429 1071 2518 1131 haden
2555 1066 2592 1126 e
2617 1063 2717 1123 gndigen
2730 1059 2817 1119 Hre
2843 1058 2880 1118 sie
2905 1055 3080 1115 anfinen
3105 1051 3292 1111 wollen,
3317 1048 3381 1108 sich
3393 1040 3657 1100 schwänig¬

2398 1144 2704 1204 undtsambtl.
2728 1138 3140 1198 zuversambten,
3177 1132 3246 1192 die
3271 1127 3518 1187 hinligende

2349 1233 2551 1293 Klegdten
2586 1222 2848 1282 vuerdaufen
2909 1216 3003 1276 undt
3038 1214 3099 1274 die
3122 1211 3288 1271 Genigen
3312 1210 3384 1270 auß
3431 1207 3539 1267 Ihren

2393 1311 2560 1371 mittel,
2585 1306 2608 1366 so
2644 1303 2716 1363 von
2765 1300 2896 1360 dieser
2908 1298 2980 1358 sach
3015 1295 3315 1355 lüßenschafft
3375 1290 3483 1350 haben

2398 1388 2617 1448 machsen,
2628 1384 2708 1444 mit
2743 1384 2847 1444 allen
2881 1384 3134 1444 umbständen
3203 1384 3445 1444 Eydtlichen
3467 1379 3641 1439 zube¬

2394 1468 2592 1528 sagen,
2620 1460 2720 1520 undt
2734 1460 2805 1520 dar
2819 1460 2933 1520 herau
2961 1463 3103 1523 komen
3131 1467 3201 1527 mein
3215 1468 3342 1528 gnädigen
3356 1468 3456 1528 Herren
3470 1465 3640 1525 künfftig

2376 1558 2567 1618 Sonstag
2592 1552 2668 1612 alß
2708 1552 2746 1612 den
2771 1550 2809 1610 25
2836 1550 2912 1610 diß
2962 1552 3116 1612 sambt
3128 1553 3384 1613 einligenden
3422 1551 3601 1611 schreiben

2366 1639 2487 1699 Lider
2512 1634 2579 1694 ein
2606 1630 2793 1690 zustenden

2344 1815 2514 1875 Hedul
2526 1810 2539 1870 a
2565 1807 2631 1867 mine
2644 1803 2747 1863 gnädigen
2760 1797 2865 1857 Hern
2890 1788 3126 1848 Schultheiß
3190 1777 3374 1837 Chrisian
3412 1772 3661 1832 Willading.

2373 1908 2410 1968 In
2449 1904 2574 1964 heütig
2587 1899 2687 1959 gnädigen
2712 1896 2813 1956 Hren
2825 1892 2889 1952 deß
2926 1887 3064 1947 übern
3103 1879 3403 1939 EhorGrichts
3430 1869 3630 1929 gehaltener

2390 1991 2720 2051 Versamblung
2759 1979 2861 2039 undt
2873 1972 3153 2032 erdauwrung
3190 1969 3267 2029 deß
3317 1964 3559 2024 Veobichene

2375 2084 2544 2144 bättag
2601 2074 2783 2134 allendt
2805 2070 2839 2130 in
2874 2067 2952 2127 der
2976 2064 3111 2124 Kirchen
3145 2061 3180 2121 zu
3225 2057 3429 2117 Bollingen
3451 2051 3657 2111 vorgangen

2354 2166 2551 2226 Scandals
2576 2161 2645 2221 ist
2668 2158 2913 2218 denenselben
2938 2153 3240 2213 hinderbrachst
3252 2149 3403 2209 worden,
3428 2145 3474 2205 ob
3497 2141 3602 2201 sollt

2339 2261 2572 2321 Mengdge
2586 2249 2688 2309 elt
2703 2244 2790 2304 hroß
2849 2240 2921 2300 alß
2966 2236 3185 2296 damahls
3213 2232 3258 2292 de
3287 2228 3434 2288 nechst
3448 2220 3607 2280 sitzende

2370 2357 2454 2417 bey
2485 2345 2548 2405 dem
2612 2332 2851 2392 angebenen
2862 2326 2978 2386 undt
3009 2324 3229 2384 beklagten
3250 2321 3323 2381 Hh.
3344 2317 3491 2377 Stiger

2367 2441 2430 2501 von
2481 2422 2843 2482 Ostermundigen
2926 2415 3092 2475 harüber
3124 2413 3185 2473 dem
3237 2408 3361 2468 besten
3383 2399 3507 2459 undt

2369 2516 2527 2576 nötige
2566 2512 2751 2572 Bericht
2777 2507 3053 2567 abstatten
3105 2503 3290 2563 können,
3316 2501 3394 2561 als
3434 2501 3605 2561 habende
