4032 3024
414 126 470 186 50
484 130 555 190 f.

483 1062 669 1122 Ob2.

368 1887 718 1947 Schnebegerhacst,

351 1990 594 2050 Mumpecht
608 1989 716 2049 hauß¬

795 215 951 275 Woehlen
994 209 1051 269 en
1080 208 1166 268 nie
1194 208 1294 268 Hrre
1322 211 1408 271 ere
1466 217 1580 277 afre
1608 223 1694 283 ont.
1722 236 2024 296 fründtlicher¬

781 307 901 367 suchen
914 307 1087 367 wollen,
1127 307 1194 367 und
1234 307 1341 367 ihme
1367 307 1420 367 diß
1474 308 1593 368 Oetho
1608 311 1647 371 in
1674 317 1834 377 täußen
1901 333 1967 393 ohn

797 401 1011 461 beschwart
1025 401 1368 461 umbständlichen
1398 404 1426 464 in
1454 407 1613 467 schrifft
1627 410 1669 470 zu
1699 416 1927 476 verfaßen

790 491 894 551 undt
924 493 999 553 biß
1043 495 1118 555 auf
1164 504 1553 564 nechstkünfftig
1582 513 1643 573 dem
1687 517 1733 577 ein
1762 520 1881 580 gnädigen
1896 522 2003 582 Herr

777 588 933 648 solchen
963 589 1134 649 bedicht
1164 599 1539 659 zuübermahen:

759 768 921 828 Pacul
953 761 1001 821 an
1035 760 1277 820 MeHre
1311 768 1553 828 aubtmann
1619 777 1715 837 Joh.
1731 781 1895 841 Anthai
1911 782 2041 842 Stickr

754 869 1001 929 Meenger
1020 865 1119 925 ene
1168 865 1267 925 beren
1318 866 1566 926 hoichts
1584 868 1700 928 seye
1732 869 2033 929 finderbrachtn

757 959 956 1019 worden,
984 961 1056 1021 alß
1113 963 1240 1023 wäre
1284 970 1568 1030 verliechenen
1596 970 1767 1030 Bättag
1781 965 1825 1025 in
1852 959 1924 1019 der

753 1050 912 1110 Kirchen
967 1049 1137 1109 beydem
1202 1052 1340 1112 Siechen
1374 1054 1491 1114 Hauß
1544 1055 1695 1115 Einiher
1726 1051 1897 1111 Scandal

796 1139 1090 1199 vorgangen,
1105 1139 1180 1199 und
1209 1141 1343 1201 solcher
1372 1140 1638 1200 MMnKH.
1653 1134 1742 1194 wegn
1771 1125 1889 1185 seiner

758 1228 947 1288 damalig
1000 1229 1297 1289 arliesenheit
1310 1234 1350 1294 in
1390 1236 1565 1296 lüßen
1619 1235 1674 1295 der
1687 1234 1754 1294 Mmn
1767 1230 1876 1290 gnädigen
1889 1222 1998 1282 Hern

754 1332 861 1392 Ihnen
885 1333 1028 1393 Mutt
1100 1333 1350 1393 freundtlich
1385 1331 1541 1391 ersuchen
1612 1328 1803 1388 wollen,
1827 1327 1923 1387 was

747 1425 863 1485 Ihme
891 1428 965 1488 diß
1024 1429 1168 1489 Goths
1183 1429 1227 1489 in
1256 1427 1445 1487 Mäußen
1504 1421 1722 1481 seinmag,
1736 1418 1926 1478 selbiger

748 1528 824 1588 biß
870 1528 964 1588 auff
979 1528 1118 1588 nechst
1134 1528 1367 1588 künfftige
1397 1526 1567 1586 donstag
1598 1525 1659 1585 den
1674 1522 1953 1582 schrifftlichen

750 1622 908 1682 bericht
934 1621 962 1681 zu
988 1621 1293 1681 übermachen:

740 1777 966 1837 Wangen
1015 1777 1178 1837 Praef.
1202 1780 1340 1840 Über
1367 1782 1441 1842 sein
1466 1783 1630 1843 scheiben
1692 1772 1942 1832 betrffendt

733 1874 827 1934 Hanß
896 1871 1169 1931 Schweberger
1209 1867 1304 1927 vot
1346 1863 1590 1923 Bolbdingen
1645 1854 1740 1914 undt
1768 1846 1849 1906 den

734 1970 850 2030 Hanß
909 1957 1202 2017 Mumprecht
1237 1954 1319 2014 von
1355 1951 1648 2011 Herzogenbuch
1671 1943 1764 2003 sei,
1788 1928 1975 1988 wollindt

707 2058 944 2118 Menge
970 2050 1063 2110 e
1075 2048 1116 2108 in
1129 2048 1221 2108 ant
1234 2049 1314 2109 or
1419 2051 1656 2111 verdeukt
1695 2045 1815 2105 haben
1854 2030 1985 2090 selben

741 2140 1136 2200 nachbegheisung
1179 2135 1253 2195 der
1282 2137 1692 2197 Chohachtersattung
1721 2140 1809 2200 fol.
1824 2138 1897 2198 43.
1912 2134 1998 2194 an¬

732 2244 980 2304 zuseehen
1008 2237 1111 2297 undt
1140 2235 1476 2295 zubestraffen
1505 2233 1550 2293 un
1578 2231 1652 2291 min
1666 2230 1783 2290 gnädigen
1798 2224 1914 2284 Herren
1929 2220 1972 2280 de

714 2344 891 2404 bericht
917 2339 985 2399 ein
1013 2333 1299 2393 zusenden.

3548 266 3598 326 61
3622 259 3673 319 f.

3027 270 3126 330 Rach

2426 360 2693 420 Hilkerfingen
2757 355 2867 415 Johan
2898 353 2978 413 zum
3009 353 3214 413 HhechBor
3245 355 3481 415 Oberhoffen
3512 361 3622 421 habe

2092 435 2149 495 zun
2164 435 2219 495 kach
2247 436 2348 496 hrban¬

2393 451 2478 511 Bon
2502 447 2600 507 Gnäigen
2612 445 2696 505 Hre
2734 443 2782 503 enb
2818 443 3050 503 bewilligung
3074 445 3367 505 angehalten,
3379 445 3451 505 sich
3477 446 3561 506 mit

2398 537 2517 597 seiner
2531 528 2783 588 schwangeren
2855 527 3012 587 Marie
3036 532 3192 592 Ledthl.
3216 535 3287 595 Bon
3336 538 3576 598 Thierachern

2069 535 2194 595 Leutl.
2206 527 2333 587 Maia.

2407 623 2669 683 verfhelichen
2692 613 2954 673 zukönnen;
2991 610 3087 670 Wie
3110 610 3206 670 aber
3229 610 3503 670 dendnselben

2402 716 2526 776 nicht
2551 705 2725 765 bekoust,
2738 700 2776 760 ob
2813 698 2888 758 Sie
2912 698 3038 758 einiche
3075 695 3349 755 Oppositionen
3386 689 3497 749 wider
3523 683 3585 743 die

2400 797 2600 857 betruchung
2631 793 2716 853 diese
2747 791 2799 851 Ehe
2842 789 2947 849 haben
2978 784 3210 844 möchtindt
3252 778 3326 838 alß
3378 768 3567 828 verdindt

2375 892 2622 952 Fuesucht
2659 886 2812 946 Mehe
2870 879 2928 939 en
3023 869 3252 929 rechten.

2350 1060 2663 1120 Dffolteren:
2692 1047 2932 1107 Warbara
2978 1033 3096 1093 Bloch
3142 1026 3232 1086 von
3276 1017 3560 1077 Radelfügen

2083 1112 2299 1172 Bohbarben

2383 1147 2461 1207 habe
2507 1143 2609 1203 Einen
2631 1139 2710 1199 schen
2756 1133 2993 1193 verlanget,
3015 1127 3038 1187 so
3060 1124 3173 1184 wohl
3208 1118 3275 1178 alß
3320 1108 3523 1168 Rudolff

2060 1215 2168 1275 Matz
2181 1205 2316 1265 Rudlf.

2382 1235 2558 1295 Marthi
2593 1227 2688 1287 Von
2723 1218 2957 1278 affeltenn
3040 1208 3098 1268 sich
3133 1197 3427 1257 verehelichen

2371 1326 2647 1386 zukönmen;
2670 1316 2755 1376 alß
2803 1309 2995 1369 vordindt
3020 1302 3080 1362 Sie
3115 1294 3283 1354 gesucht
3331 1279 3463 1339 selbe

2376 1413 2602 1473 entfeders
2628 1402 2905 1462 fortfahren,
2930 1394 3005 1454 oder
3018 1391 3069 1451 abe
3081 1388 3143 1448 Mein
3169 1382 3270 1442 gnädigen
3282 1377 3383 1437 Herren
3395 1371 3496 1431 Ihrer

2367 1500 2859 1560 opponttons-günden
2928 1481 3124 1541 berichten
3182 1477 3223 1537 zu
3265 1475 3489 1535 laßen:

3078 1606 3154 1666 für
3171 1602 3461 1662 heinpschlose

2344 1680 2714 1740 Exemgarten:
2740 1672 2867 1732 Anna
2918 1669 3135 1729 Hollinger
3173 1660 3340 1720 Klogt
3378 1651 3441 1711 der

2396 1762 2671 1822 schwängrung
2707 1760 2791 1820 halb
2814 1758 2863 1818 an
2933 1755 3101 1815 Joseff
3138 1747 3304 1807 Chommet
3341 1738 3400 1798 der
3425 1726 3605 1786 Kilch¬

2071 1763 2227 1823 Bollinge
2257 1763 2356 1823 Anna

2387 1853 2481 1913 hore
2518 1847 2697 1907 Wohlen
2756 1843 2804 1903 der
2828 1841 2922 1901 aber
2947 1839 2994 1899 die
3030 1836 3114 1896 that
3149 1832 3351 1892 laugnet
3388 1826 3494 1886 dero
3507 1820 3625 1880 legen

2055 1849 2336 1909 ThanetJosef.

2370 1938 2431 1998 Ihm
2478 1928 2789 1988 auffgetragen
2813 1922 2967 1982 werden,
3003 1920 3110 1980 beyde
3171 1918 3253 1978 vor
3266 1915 3325 1975 Sie
3361 1914 3398 1974 zu
3433 1911 3576 1971 sitiren

2378 2026 2476 2086 undt
2489 2022 2525 2082 so
2549 2020 2587 2080 Er
2624 2017 2686 2077 die
2722 2013 2932 2073 ankleyde
2956 2008 3203 2068 Verneinten
3252 2002 3302 2062 Sie
3326 2000 3363 2060 in
3399 1996 3474 2056 der

2365 2119 2547 2179 Gemißt
2585 2104 2819 2164 Examinin
2844 2096 2896 2156 und
2910 2094 2962 2154 ein
2974 2090 3077 2150 gnädigen
3090 2085 3208 2145 Herren
3233 2080 3299 2140 deß
3351 2067 3648 2127 heraußkammen

2370 2206 2566 2266 berichte
2609 2193 2652 2253 zu
2679 2186 2878 2246 laßen.
