4032 3024
420 180 471 240 52
507 179 576 239 f.

410 614 516 674 Tene
545 613 678 673 Marie

415 742 601 802 Longiand
615 737 739 797 gemend

396 845 484 905 lien
526 838 728 898 gemeindt.

412 1817 555 1877 Donij.

401 1903 532 1963 Weyer
566 1890 635 1950 Ana

418 2350 558 2410 Hahl.
577 2340 718 2400 Ptr.

736 304 964 364 Aubone
992 290 1133 350 proef.
1161 283 1261 343 Von
1289 278 1361 338 der
1389 274 1630 334 Ehrbarheit
1660 272 1688 332 zu
1730 271 1871 331 Willis
1885 267 1999 327 sende

763 394 946 454 Mege
972 384 1011 444 r
1039 374 1288 434 idermahlen
1316 363 1631 423 verständiget
1670 352 1895 412 worden,
1921 341 1986 401 wie

796 483 854 543 daß
901 469 1111 529 ohngeacht
1135 457 1451 517 angewendter
1486 452 1591 512 mühe
1650 446 1732 506 das
1767 439 1849 499 von
1872 433 1942 493 der

773 566 936 626 Marie
970 558 1074 618 Tene
1122 550 1377 610 ohnEhrliche
1411 545 1540 605 Kindt
1574 540 1680 600 woder
1703 533 1783 593 von
1820 525 1889 585 der

778 655 970 715 gemeindt
997 647 1203 707 Congirond
1230 639 1327 699 noch
1355 633 1465 693 Lieu
1533 625 1615 685 zur
1644 618 1823 678 tröffleg
1864 608 1959 668 wolle

781 739 1025 799 angenommen
1045 731 1240 791 werden,
1260 726 1352 786 undt
1372 723 1444 783 seye
1506 720 1536 780 zu
1566 716 1791 776 besorgen,
1811 712 1903 772 das
1934 711 2015 771 diese

771 834 910 894 Kindt
935 828 999 888 alß
1062 820 1317 880 verlaßen
1380 814 1533 874 möchte
1570 812 1608 872 in
1647 810 1824 870 Pitohl
1876 806 1938 866 zu

742 916 963 976 Freyburg
996 908 1150 968 gethan
1195 902 1393 962 werden.
1427 899 1625 959 Worüber
1670 892 1758 952 Wie
1781 888 1846 948 den

766 1002 858 1062 HH.
881 997 1008 1057 praef.
1030 991 1294 1051 freündtlich
1305 985 1455 1045 ersucht
1489 980 1605 1040 haben
1627 971 1835 1031 wollendt,

780 1091 848 1151 der
888 1082 1103 1142 Gemeindt
1116 1072 1318 1132 Longirand
1346 1063 1682 1123 erßmeinende
1709 1048 2007 1108 anzubefohlen

769 1172 879 1232 undt
911 1166 1021 1226 dahin
1064 1157 1295 1217 zuhalten,
1317 1151 1394 1211 daß
1437 1147 1503 1207 Sie
1536 1144 1623 1204 Von
1656 1139 1755 1199 nun
1798 1137 1842 1197 an

769 1259 851 1319 das
887 1255 1040 1315 Kindt
1089 1249 1170 1309 zur
1194 1245 1337 1305 versorg
1372 1237 1585 1297 aneuindt
1632 1231 1703 1291 biß
1750 1226 1821 1286 Sie
1845 1222 1975 1282 werdid

771 1339 1057 1399 varscheinlich
1086 1333 1250 1393 gemacht
1292 1327 1442 1387 haben,
1470 1322 1538 1382 daß
1580 1318 1634 1378 die
1661 1315 1757 1375 Tene
1812 1310 1978 1370 nach¬

760 1440 860 1500 kern
910 1432 1174 1492 gethöre,
1199 1425 1263 1485 da
1300 1420 1451 1480 sonsten
1515 1414 1552 1474 in
1577 1409 1677 1469 nicht
1704 1396 1929 1456 parirenden

762 1531 863 1591 fahl
890 1529 940 1589 sie
965 1528 1003 1588 in
1029 1525 1143 1585 harte
1195 1513 1550 1573 Verantwortung
1589 1495 1728 1555 würde
1779 1481 1957 1541 gezogen

770 1611 971 1671 werden:

723 1751 961 1811 Morse.
1009 1739 1089 1799 ube
1153 1735 1233 1795 ein
1249 1732 1344 1792 nigen
1359 1726 1663 1786 Herreingesende
1694 1720 1901 1780 Soreder

788 1836 1043 1896 betrffendt
1066 1825 1125 1885 den
1171 1819 1311 1879 Lieus
1346 1814 1451 1874 Doni
1497 1810 1554 1870 und
1579 1806 1671 1866 seine
1694 1797 1882 1857 Fraut¬

757 1920 876 1980 Anna
918 1910 1037 1970 Veyes
1064 1903 1238 1963 stretige
1264 1901 1438 1961 Ehrbeuth
1466 1898 1559 1958 le
1586 1894 1654 1954 min
1667 1890 1773 1950 gnädigen
1786 1881 1881 1941 Herrn
1907 1869 1960 1929 Hhm

772 2004 1074 2064 auffgetragen
1100 1997 1246 2057 haben,
1272 1992 1403 2052 selbe
1442 1987 1535 2047 noch
1561 1982 1627 2042 den
1640 1976 1772 2036 ferin
1811 1964 1996 2024 horzu¬

744 2108 944 2168 halte.

729 2268 917 2328 Hedul
948 2258 995 2318 an
1059 2252 1296 2312 MHHn
1327 2251 1389 2311 deß
1435 2248 1626 2308 Commerin
1657 2243 1798 2303 Rath.
1829 2236 1971 2296 Megen

755 2353 936 2413 schlimmen
949 2351 1129 2411 einzugs
1155 2353 1220 2413 ist
1258 2353 1413 2413 Efetes
1451 2350 1632 2410 Jahrl.
1657 2342 1722 2402 der
1747 2330 1928 2390 strümpf

776 2437 907 2497 Weber
933 2437 1089 2497 nebst
1113 2438 1172 2498 dem
1244 2440 1473 2500 Ballenhauß
1521 2431 1762 2491 wohnhafft
1786 2417 1834 2477 ist
1858 2407 1893 2467 in

763 2515 972 2575 allhiesige
1019 2515 1154 2575 Oberl.
1169 2522 1468 2582 horgichtliche
1498 2521 1874 2581 gefangenschafft

3564 266 3615 326 53

2418 330 2561 390 gesetzt
2584 322 2739 382 worden.
2762 322 2833 382 Wir
2845 323 3011 383 abernacht
3036 328 3203 388 zuhoffen,
3226 330 3297 390 daß
3332 332 3369 392 Er
3392 332 3451 392 sein
3463 331 3655 391 läbede¬

2398 411 2575 471 suchrung
2600 405 2700 465 beser
2750 405 2864 465 werde,
2889 408 2939 468 als
2990 412 3115 472 haemein
3128 417 3228 477 gnädigen
3241 420 3343 480 Herren
3355 421 3606 481 nätigerachtet

2400 505 2521 565 selbt
2555 499 2621 559 Vhnn
2653 496 2731 556 Woch
2742 494 2830 554 gh.
2841 495 2919 555 Zur
2962 497 3150 557 Capulsion
3194 499 3272 559 auß
3315 499 3359 559 der
3392 498 3590 558 Statt¬

2401 592 2436 652 zu
2471 586 2661 646 verkeuten
2719 580 2790 640 und
2814 578 2872 638 mit
2884 578 2955 638 Eine
2967 577 3096 637 scharpfe
3120 575 3238 635 Concur
3249 573 3414 633 dimittirt
3426 570 3569 630 worden,

2378 767 2553 827 Erscheint
2571 757 2634 817 H.
2665 751 2842 811 Shalthoß
2874 748 3020 808 Krches
3067 747 3132 807 Vor
3179 742 3419 802 Burgdorff
3451 729 3563 789 undt

2389 838 2599 898 Pralatirt
2626 832 2717 892 wegen
2771 829 2874 889 seines
2902 827 3256 887 Sohnehehandel
3309 821 3374 881 der
3415 811 3637 871 Zunauver

2395 923 2477 983 seye
2513 919 2560 979 zu
2596 916 2689 976 Ihme
2726 913 2878 973 kommen,
2902 912 2961 972 und
3033 905 3315 965 Vereröfnet,
3327 896 3387 956 daß
3421 887 3516 947 seine

2400 1003 2554 1063 1schweyn
2596 993 2667 1053 von
2688 990 2791 1050 seinem
2853 985 2946 1045 Sohn
2987 982 3215 1042 schwanger
3225 975 3338 1035 seye,
3359 967 3462 1027 undt
3492 957 3565 1017 von

2084 990 2237 1050 Knecht
2258 986 2291 1046 H.
2313 988 2379 1048 Cont.

2097 1057 2182 1117 undt
2205 1052 2289 1112 dese
2301 1052 2372 1112 Schu

2402 1091 2452 1151 Er
2464 1083 2605 1143 etwas
2642 1075 2756 1135 gelts
2783 1072 2897 1132 geben
2947 1067 3100 1127 wollten
3125 1063 3150 1123 so
3175 1058 3329 1118 kußte
3354 1047 3393 1107 Er
3430 1035 3507 1095 Ihra

2083 1181 2259 1241 dunause
2283 1169 2347 1229 den
2384 1163 2485 1223 ahnen
2522 1157 2712 1217 Mann,
2736 1153 2913 1213 Brauft
2938 1150 2975 1210 Er
3000 1145 3290 1205 geantwortet,
3315 1138 3352 1198 so
3390 1133 3503 1193 lüße
3515 1123 3629 1183 nicht

2405 1240 2448 1300 ob
2470 1238 2536 1298 sein
2579 1235 2667 1295 Sohn
2711 1232 2775 1292 der
2786 1229 2984 1289 unkeydt
3016 1225 3246 1285 bekantlich
3311 1218 3409 1278 Wey
3442 1211 3584 1271 andere

2404 1315 2528 1375 mahl
2553 1315 2864 1375 nachverteseye
2900 1311 2951 1371 er
2988 1309 3099 1369 wider
3124 1306 3174 1366 zu
3224 1304 3323 1364 Ihne
3361 1303 3522 1363 kommen

2396 1400 2500 1460 undt
2525 1403 2616 1463 gelt
2656 1406 2928 1466 gefordert,
2941 1404 3097 1464 welches
3137 1400 3188 1460 Er
3215 1395 3513 1455 abgeschlagen

2375 1496 2470 1556 habe
2497 1490 2592 1550 auch
2632 1487 2687 1547 den
2728 1486 2905 1546 Metzger
2931 1486 3108 1546 ninmahl
3162 1483 3379 1543 gesehen,
3407 1476 3516 1536 noch

2385 1580 2561 1640 getest,
2577 1572 2643 1632 ver
2675 1568 2819 1628 fesine,
2835 1567 2948 1627 undt
2964 1567 3043 1627 wie
3059 1567 3109 1627 Er
3141 1566 3301 1626 heiße
3333 1564 3512 1624 auch¬

2379 1668 2677 1728 geantwortet,
2702 1661 2739 1721 Er
2763 1660 2863 1720 habe
2901 1658 2988 1718 von
3025 1658 3149 1718 seinem
3224 1658 3323 1718 Sohn
3348 1657 3435 1717 noch
3472 1653 3571 1713 keine

2377 1759 2547 1819 autbert
2561 1756 2774 1816 erhalten,
2802 1756 3043 1816 Vernelwet
3057 1756 3099 1816 an
3127 1755 3198 1815 bey
3226 1754 3282 1814 dem
3340 1751 3565 1811 dunauler

2366 1852 2481 1912 weder
2503 1847 2597 1907 gelt
2619 1846 2692 1906 noch
2734 1843 2850 1903 seul
2882 1841 3124 1901 aufobetten
3177 1841 3219 1901 zu
3250 1838 3399 1898 haben,
3420 1835 3482 1895 da

2360 1952 2538 2012 beieben
2580 1946 2661 2006 H.
2689 1939 2907 1999 Schickthuß
2949 1935 3016 1995 sich
3032 1933 3291 1993 erkeütenret,
3318 1933 3372 1993 die
3387 1936 3607 1996 gefangen¬

2357 2054 2516 2114 schafft
2547 2041 2633 2101 undt
2647 2034 2794 2094 andern
2822 2027 2983 2087 Costene
3012 2025 3099 2085 für
3114 2024 3201 2084 sein
3230 2023 3318 2083 Sohn
3346 2023 3593 2083 zubefahlen

2370 2156 2457 2216 deß
2514 2136 2761 2196 dunculoers
2789 2131 2848 2191 Erb
2877 2131 2978 2191 sagt.
2992 2132 3093 2192 H.r
3108 2132 3312 2192 Schulthuß
3355 2126 3456 2186 habe
3470 2119 3557 2179 Ihre

2388 2236 2564 2296 gesagt
2593 2226 2667 2286 wan
2696 2222 2769 2282 sein
2798 2221 2901 2281 Sohn
2946 2221 3020 2281 der
3049 2224 3254 2284 anklydt
3284 2219 3564 2279 geständig¬

2372 2324 2450 2384 wie
2475 2319 2516 2379 Er
2541 2315 2685 2375 annoch
2698 2312 2762 2372 nit
2801 2310 2970 2370 wüße,
2997 2309 3023 2369 so
3049 2308 3167 2368 wolle
3205 2308 3244 2368 Eo
3270 2306 3336 2366 der
3362 2305 3465 2365 Pul
3518 2301 3636 2361 geben,

2364 2407 2435 2467 wie
2460 2406 2507 2466 Er
2542 2404 2579 2464 Es
2614 2404 2710 2464 Ihren
2745 2399 2937 2459 Ehemann
2986 2393 3199 2453 troßfrohn
3259 2386 3379 2446 undt
3414 2379 3629 2439 nochworte

2373 2494 2483 2554 nach
2516 2490 2579 2550 den
2626 2487 2803 2547 hochzeit
2835 2486 2913 2546 das
2931 2483 3249 2543 gelterbegen,
3265 2477 3328 2537 diß
3361 2471 3455 2531 seye
