4032 3024
382 128 429 188 54
474 124 551 184 f.

772 207 968 267 geschehen
1033 202 1098 262 Vor
1126 202 1178 262 dem
1204 208 1375 268 Bättag,
1388 215 1453 275 Er
1480 224 1649 284 Schultheß
1690 238 1913 298 Vermeinet
1926 244 1991 304 auch

797 301 921 361 bes.
945 296 1096 356 hierüber
1120 298 1257 358 habende
1281 306 1456 366 Mee
1505 317 1580 377 etn
1605 324 1704 384 weilen
1729 331 1829 391 nicht
1841 338 2004 398 Effectu¬

758 392 845 452 nirt
859 392 1021 452 worden,
1052 396 1183 456 berits
1228 401 1272 461 die
1315 410 1551 470 Pfattheyen
1580 419 1845 479 langestith
1860 421 1904 481 in

773 476 841 536 der
854 482 1197 542 gefangenschafft
1224 496 1441 556 gewesen,
1468 502 1511 562 so
1524 504 1619 564 solle
1661 504 1728 564 der
1769 497 1948 557 Ruthl.

763 577 858 637 undt
881 575 1095 635 dananer
1139 580 1235 640 mit
1268 585 1450 645 scharpfer
1471 591 1623 651 Censud
1644 593 1848 653 simittirt
1870 590 1934 650 sein

751 668 904 728 dennoch
929 668 980 728 des
1005 670 1133 730 Vester
1171 674 1299 734 ubt
1324 678 1439 738 seiner
1465 682 1656 742 Ehefrauw
1708 686 1746 746 am
1796 688 1962 748 danstag

749 762 956 822 erschein
970 765 1107 825 sollen,
1134 766 1204 826 alß
1244 768 1314 828 biß
1355 770 1480 830 dahir
1507 772 1561 832 E.
1590 773 1784 833 Schulthuß
1824 772 1991 832 bedube¬

745 859 835 919 Sre
852 856 1052 916 terthelt
1087 859 1269 919 Sahen.

751 1028 918 1088 Mana
970 1021 1138 1081 Standes
1171 1022 1273 1082 Somn
1308 1026 1509 1086 Wittißt
1544 1030 1627 1090 dahn
1662 1033 1846 1093 gelesen,
1879 1034 1948 1094 hin

373 1046 513 1106 Staude
543 1043 654 1103 Maria

737 1111 897 1171 Actum
953 1105 998 1165 zu
1032 1105 1248 1165 producite
1306 1111 1374 1171 daß
1419 1115 1466 1175 den
1488 1119 1648 1179 Christen
1704 1118 1853 1178 Baltl.
1875 1111 1943 1171 wege

375 1137 529 1197 Balthe
541 1126 695 1186 Christe.

748 1191 840 1251 Von
878 1186 957 1246 Ihre
983 1186 1164 1246 geklagte
1192 1199 1569 1259 schwangerschafft
1595 1204 1700 1264 dieses
1712 1199 1817 1259 blag
1843 1186 1934 1246 halb

754 1284 816 1344 ein
854 1279 954 1339 bott
991 1279 1230 1339 Persöhnlich
1254 1285 1430 1345 bezogen

777 1440 850 1500 Ist
879 1436 938 1496 der
967 1432 1229 1492 Margantha
1274 1433 1478 1493 Dalleibeh
1523 1431 1594 1491 von
1625 1426 1755 1486 Worb,
1769 1416 1902 1476 wolche

369 1468 598 1528 Fällenbach
624 1461 727 1521 Mar¬

764 1531 824 1591 den
860 1525 980 1585 Jacob
1016 1522 1257 1582 Heüwberger
1281 1522 1340 1582 Ein
1413 1519 1593 1579 Kürffer
1629 1515 1714 1575 Von
1738 1503 1977 1563 Schlätzunge

372 1530 607 1590 garethat.

774 1616 786 1676 W
823 1614 899 1674 aber
924 1610 1162 1670 abwosendt,
1187 1610 1238 1670 der
1263 1611 1351 1671 Ehren
1363 1610 1464 1670 undt
1488 1603 1790 1663 schwängerung
1827 1581 1915 1641 halb

356 1615 608 1675 Heüsberger
633 1609 741 1669 Jacob

743 1701 928 1761 beklagt,
950 1702 1009 1762 Ein
1032 1699 1320 1759 Attentatum
1390 1693 1506 1753 undt
1529 1687 1887 1747 Recomendation

750 1792 868 1852 unde
897 1790 971 1850 dem
1015 1785 1132 1845 Sigel
1161 1778 1353 1838 ertheilt
1382 1778 1543 1838 worden:

370 1972 527 2032 Kürpfe
558 1958 685 2018 Mite
716 1950 778 2010 Ae
811 1947 889 2007 dul
920 1944 953 2004 an
985 1940 1189 2000 MnrHr.
1220 1938 1362 1998 heltzer
1380 1936 1646 1996 Kilchbeger,
1662 1933 1726 1993 Ihm
1773 1928 1930 1988 ersuchen

777 2034 830 2094 den
857 2031 1019 2091 Michel
1074 2029 1262 2089 Küpfer
1289 2027 1397 2087 undt
1424 2026 1572 2086 baoben
1639 2017 1962 2077 Frunttibah¬

358 2060 585 2120 Gutlibach
614 2059 741 2119 Backawe

762 2123 851 2183 diese
897 2118 1090 2178 abendteim
1121 2111 1286 2171 gebott
1315 2108 1346 2168 zu
1390 2108 1599 2168 Copuliren

733 2273 914 2333 Maria
965 2267 1146 2327 Dathon
1178 2269 1262 2329 von
1294 2272 1510 2332 Isferhen,
1526 2269 1559 2329 so
1593 2262 1774 2322 fügsecht
1807 2237 1939 2297 worden

362 2302 518 2362 Duthon
550 2285 665 2345 Marie

730 2360 838 2420 sagt
865 2357 905 2417 sie
947 2356 1122 2416 besinde
1150 2357 1203 2417 sich
1230 2357 1461 2417 schwanger
1515 2351 1610 2411 Son
1636 2342 1745 2402 Einen
1786 2316 1975 2376 freubten

746 2441 929 2501 Scheiner
954 2435 1113 2495 gesellen
1149 2435 1212 2495 der
1236 2434 1456 2494 abtesendt
1482 2430 1591 2490 seye.
1603 2423 1702 2483 sogs.
1726 2411 1801 2471 solle
1825 2396 1898 2456 ider

757 2525 886 2585 hinauff
910 2521 946 2581 in
969 2518 1039 2578 das
1076 2516 1323 2576 Ehesammerl.
1346 2515 1394 2575 den
1406 2512 1488 2572 25t.
1511 2508 1618 2568 sagtt
1630 2503 1677 2563 sie
1713 2497 1748 2557 er
1772 2487 1855 2547 habe
1867 2476 1913 2536 Sey
1925 2470 1937 2530 M

739 2610 878 2670 Weibes
917 2598 1184 2658 gearbeitet,
1209 2593 1286 2653 vnd
1323 2590 1375 2650 sie
1400 2587 1501 2647 bey,
1514 2584 1590 2644 1gt.
1603 2580 1667 2640 Tag
1692 2575 1768 2635 obtrs
1781 2569 1830 2629 3.
1845 2560 1934 2620 Soch¬

750 2683 836 2743 nach
857 2675 998 2735 Jacobi
1019 2667 1236 2727 beschlaff,
1247 2662 1300 2722 sich
1321 2658 1451 2718 darauf
1483 2647 1743 2707 forthgemacht
1765 2632 1829 2692 und
1862 2617 2001 2677 vorgeben

547 2677 700 2737 4Vsten

735 2752 781 2812 es
803 2745 885 2805 seye
908 2739 953 2799 ein
976 2734 1103 2794 sap,
1126 2730 1230 2790 bollen
1242 2728 1312 2788 bey
1334 2725 1391 2785 dem
1439 2721 1600 2781 Obraham
1646 2711 1738 2771 Köng
1773 2702 1831 2762 auf
1877 2693 1888 2753 4

2090 403 2190 463 harde
2213 390 2313 450 Wittib

2078 476 2308 536 Mars.

2078 585 2164 645 Prau
2189 567 2338 627 Maria.

2074 971 2226 1031 Gelde
2261 964 2346 1024 sanrt

2075 1045 2171 1105 Wild
2185 1038 2233 1098 fr.
2245 1036 2389 1096 Morgange

2278 2558 2297 2618 A

3538 251 3560 311 E

2408 354 2456 414 die
2481 347 2627 407 Wittib
2651 341 2760 401 hande
2798 341 3005 401 beingtan,
3029 343 3079 403 die
3115 346 3298 406 Mareren
3334 352 3420 412 habe
3444 354 3517 414 Ihre
3541 356 3627 416 heüt

2388 428 2489 488 umb
2502 421 2695 481 fürführ
2758 419 2798 479 ei
2861 420 3001 480 Mensch
3014 425 3193 485 gebacht,
3205 429 3257 489 daß
3295 434 3333 494 in
3360 442 3602 502 Eindtmöthl

2393 512 2462 572 sich
2476 507 2701 567 befunden,
2729 505 2772 565 diß
2813 503 2981 563 Metsch
2996 505 3093 565 habe
3136 506 3206 566 Sie
3219 508 3290 568 mit
3304 514 3444 574 gebet,
3472 521 3584 581 hesten

2408 595 2522 655 Maria
2569 590 2719 650 Gram:
2731 587 2822 647 Cont.
2833 587 2915 647 solle
2937 587 2972 647 in
2994 587 3042 647 der
3076 589 3225 649 Grißt
3248 592 3491 652 Examinirt
3502 598 3593 658 undt

2382 677 2427 737 in
2459 674 2626 734 Opfitahl
2656 673 2840 733 gesuchrt
2854 665 3024 725 werden.

2388 808 2522 868 langte
2548 803 2750 863 folgender
2777 798 2898 858 Fedal
2924 796 3018 856 fur.
3045 791 3273 851 Nachdeme
3301 788 3354 848 Pho
3367 786 3422 846 gl.
3435 784 3488 844 den

2410 904 2527 964 Seit,
2540 900 2581 960 so
2607 897 2646 957 da
2698 892 2856 952 süsche
2895 890 2961 950 H.
2987 887 3197 947 Grorlädter
3223 881 3341 941 Eint,
3354 876 3460 936 undt
3473 870 3577 930 seiner

2410 990 2689 1050 bgescheidenen
2759 977 2969 1037 Ehefrauwe
3004 970 3248 1030 Margaretha
3283 963 3423 1023 Waldt
3434 958 3586 1018 andere

2388 1079 2518 1139 theils
2539 1073 2690 1133 waltet,
2733 1065 2851 1125 durch
2873 1062 2938 1122 fur
2970 1056 3165 1116 Commission
3229 1048 3316 1108 auß
3359 1043 3435 1103 dero
3456 1034 3641 1094 Ehren¬

2407 1156 2563 1216 mittten
2612 1147 2903 1207 undersuhen
2938 1141 3047 1201 undt
3072 1135 3349 1195 bewandtnuß
3410 1123 3530 1183 Ihnen

2377 1235 2679 1295 hinerbringen
2725 1229 2870 1289 laßen
2960 1224 3139 1284 habendt
3185 1217 3308 1277 Ihrgl.
3319 1211 3465 1271 erkent,
3487 1203 3566 1263 daß

2390 1319 2462 1379 der
2511 1313 2669 1373 undern
2731 1311 2779 1371 in
2791 1310 2986 1370 Martis
3010 1309 3084 1369 diß
3132 1306 3254 1366 Jahrs
3291 1295 3583 1355 außgefellte

2365 1397 2602 1457 Erkentnuß
2657 1389 2769 1449 dahin
2823 1387 2853 1447 zu
2894 1387 3088 1447 vrstehen
3131 1383 3339 1443 gewesen,
3368 1375 3450 1435 daß
3493 1365 3589 1425 woll

2376 1480 2745 1540 zuvernemen,
2757 1477 2806 1537 ob
2842 1477 2917 1537 H.
2941 1475 3125 1535 Herlöder
3163 1474 3248 1534 von
3286 1472 3347 1532 der
3371 1465 3654 1525 Contumacial

2363 1562 2510 1622 Uotheil
2545 1555 2658 1615 stehe
2692 1550 2795 1610 solle
2852 1549 2932 1609 der
2944 1549 3023 1609 nit
3092 1547 3205 1607 wann
3227 1543 3353 1603 dann
3387 1538 3434 1598 Eo
3468 1529 3605 1589 das¬

2369 1652 2522 1712 bestern
2549 1639 2731 1699 erwehlt
2744 1633 2897 1693 wiedet
2940 1633 3022 1693 Mein
3036 1632 3163 1692 gndgen
3177 1631 3288 1691 Hrren
3316 1627 3593 1687 undersuchen

2371 1741 2411 1801 ob
2441 1732 2591 1792 grnndt
2622 1724 2871 1784 vorhanden
2951 1721 3172 1781 gedachte
3202 1719 3352 1779 Urtheil
3392 1713 3623 1773 auffzu¬

2378 1823 2551 1883 haben,
2578 1813 2632 1873 da
2671 1810 2790 1870 dann
2817 1808 2964 1868 erstern
2990 1808 3109 1868 fahls
3137 1808 3218 1868 H.
3231 1804 3430 1864 Geolader

2360 1907 2541 1967 hiedurch
2565 1895 2819 1955 reintegiret
2844 1894 2916 1954 sein
2940 1894 3049 1954 soll,
3073 1894 3170 1954 seine
3206 1894 3327 1954 Klag
3364 1893 3557 1953 zuführen

2357 2005 2440 2065 Ihre
2467 1997 2563 2057 aber
2590 1993 2644 2053 der
2686 1987 2972 2047 abgeschidenen
3014 1985 3097 2045 Erb
3137 1985 3164 2045 zu
3191 1987 3452 2047 antworten

2370 2081 2467 2141 undt
2503 2081 2564 2141 der
2588 2081 2829 2141 Rechtlichen
2841 2077 3107 2137 nothdurfft
3143 2074 3396 2134 zugebrauche
3445 2072 3615 2132 ohnben¬

2356 2161 2478 2221 moanne
2505 2161 2545 2221 sei
2571 2162 2693 2222 sollen,
2720 2164 2923 2224 Worüber
2950 2165 3072 2225 dann
3125 2165 3207 2225 Hhr
3234 2165 3409 2225 WeHe
3436 2161 3584 2221 urtheilen

2350 2254 2522 2314 werdet,
2536 2248 2650 2308 undt
2679 2248 2737 2308 der
2795 2253 3095 2313 beschwöeenden
3124 2263 3555 2323 Pfartheyüberlaßen

2350 2343 2489 2403 keiters
2512 2339 2548 2399 zu
2583 2336 2829 2396 recurrien,
2852 2338 2934 2398 wan
2981 2341 3063 2401 aber
3086 2343 3145 2403 H.
3168 2344 3378 2404 Gerläder
3425 2340 3471 2400 zu

2350 2437 2479 2497 dieser
2493 2431 2754 2491 auffhebung
2783 2429 2855 2489 sich
2871 2429 2942 2489 nit
2971 2429 3173 2489 verstehen
3187 2427 3347 2487 wollten
3375 2422 3549 2482 ferdet

2367 2553 2424 2613 dem
2510 2543 2672 2603 Rugon
2711 2539 2836 2599 kinds
2883 2536 3027 2596 ligen.
3046 2536 3103 2596 Des
3131 2534 3227 2594 Schren
3236 2533 3304 2593 nach
3332 2529 3466 2589 Kleitz
3495 2523 3580 2583 mit

2354 2627 2566 2687 verdenten
2587 2621 2629 2681 sie
2673 2618 2747 2678 nach
2789 2614 2843 2674 der
2864 2611 2959 2671 Srd:
2971 2610 3003 2670 in
3024 2608 3077 2668 der
3098 2604 3268 2664 geriget
3301 2599 3600 2659 Gramiaiirs.

2325 2705 2423 2765 Menäigen
2433 2698 2521 2758 dedger
2543 2693 2597 2753 e
2620 2689 2674 2749 her
2685 2682 2947 2742 außkommend
2990 2676 3132 2736 beruchtn
3153 2674 3186 2734 zu
3220 2674 3339 2734 laßen
