4032 3024
436 116 572 176 16l.

399 1025 588 1085 Neyrond
611 1022 717 1082 Jeane

394 1121 582 1181 Maislin
602 1117 740 1177 Antoine

354 2195 492 2255 Kürcher
505 2188 728 2248 Hireimund.

782 222 862 282 H.
894 217 1087 277 MeHH.
1121 215 1184 275 dies
1216 217 1539 277 chundesucher,
1555 223 1587 283 ob
1618 227 1684 287 die
1700 240 1957 300 Contumaial

788 316 947 376 gethel
996 317 1156 377 bestehen
1172 317 1315 377 möge,
1348 319 1460 379 undt
1475 320 1618 380 füter
1636 326 1794 386 Kothel
1828 338 2020 398 außzun¬

791 414 943 474 hellen
1032 416 1361 476 dermeinung,
1388 418 1463 478 daß
1515 418 1629 478 gleich
1654 422 1805 482 obigen
1882 430 1958 490 die

788 511 1056 571 beschleende
1084 511 1281 571 Pfarthey
1324 513 1493 573 winters
1521 520 1748 580 dieselben
1789 530 1972 590 prüchen

792 601 974 661 möge?
1013 604 1142 664 wardt
1169 607 1337 667 hrbent,
1377 608 1455 668 daß
1519 610 1597 670 H.
1623 615 1832 675 Gerläder
1858 622 1962 682 auff

778 698 969 758 donstag
1000 700 1102 760 solle
1133 700 1281 760 Citirt
1309 700 1443 760 werde.
1471 700 1516 760 den
1545 701 1590 761 1.
1605 701 1664 761 76b.
1678 704 1812 764 1732.

793 880 970 940 langte
1002 877 1194 937 folgende
1225 875 1403 935 ehedul
1432 873 1522 933 Ein.
1551 872 1670 932 Aber
1687 871 1760 931 sin
1775 869 1894 929 gnädihen
1910 868 2015 928 herer

777 968 941 1028 Vortrag
979 971 1234 1031 ansehendt
1272 972 1424 1032 Jeane
1463 971 1691 1031 Neyjwrd
1716 970 1793 1030 Bon
1818 968 1995 1028 hardonne

775 1055 811 1115 so
834 1058 918 1118 zum
978 1061 1145 1121 Vatter
1182 1063 1277 1123 Ihrer
1301 1063 1348 1123 an
1420 1061 1492 1121 die
1528 1061 1623 1121 welt
1659 1058 1886 1118 gebohren

774 1148 940 1208 Kindts
975 1148 1165 1208 angeben
1213 1150 1450 1210 Anthoine
1497 1150 1770 1210 Mairlin,
1794 1145 1912 1205 dieser

787 1229 875 1289 aber
900 1231 1041 1291 solches
1080 1235 1334 1295 verneinet,
1359 1238 1527 1298 habend
1577 1240 1717 1300 Ihrgl.
1743 1236 1845 1296 Euch

759 1326 992 1386 Muhrefl.
1023 1324 1163 1384 hiemit
1194 1328 1444 1388 aufftwagen
1475 1334 1646 1394 wollen.
1679 1334 1756 1394 Die
1787 1327 1973 1387 Wegroud

791 1412 1036 1472 nohmahlen
1085 1413 1159 1473 zum
1221 1415 1356 1475 Vatter
1393 1418 1479 1478 Iher
1504 1418 1664 1478 Kindts
1701 1415 1737 1475 zu
1775 1404 1997 1464 Coaminien

792 1496 909 1556 vndt
944 1501 1283 1561 anzumahnen
1389 1505 1447 1565 den
1470 1504 1621 1564 Rechtes
1657 1497 1915 1557 anzugeben

770 1588 995 1648 geschichet
1023 1587 1193 1647 solches
1220 1589 1431 1649 wiltheil
1489 1592 1530 1652 so
1572 1591 1700 1651 lndet
1727 1588 1798 1648 Ihr
1826 1581 2010 1641 Wohlgg.

768 1691 859 1751 schon
939 1688 1161 1748 demnach
1189 1689 1228 1749 zu
1267 1690 1478 1750 verfahen
1504 1694 1648 1754 wüßen
1713 1694 2002 1754 widrgenfahlt

782 1779 879 1839 aber
917 1775 1026 1835 undt
1064 1777 1125 1837 da
1175 1778 1236 1838 Sie
1272 1781 1371 1841 keim
1407 1787 1605 1847 andern
1629 1787 1800 1847 angeben
1837 1778 1972 1838 täten

752 1871 904 1931 Lendes
938 1873 1004 1933 Hhr
1038 1878 1275 1938 Mehof.
1309 1885 1461 1945 Ehr.
1477 1886 1511 1946 zu
1546 1885 1715 1945 fenerer
1732 1870 2003 1930 abstraffung

762 1963 1021 2023 berichten:
1060 1961 1189 2021 Wurd
1216 1961 1332 2021 einte

732 2079 880 2139 Eür
895 2078 1043 2138 ander
1101 2078 1252 2138 dann
1310 2077 1577 2137 betreffendt
1607 2069 1667 2129 Ihmn
1696 2057 1874 2117 Schweger

752 2162 1040 2222 hieweyens
1067 2164 1232 2224 fürher
1287 2167 1315 2227 so
1342 2168 1548 2228 ohngrecht
1576 2158 1782 2218 gethann
1796 2130 1974 2190 gelübt

760 2255 819 2315 sich
848 2252 1009 2312 dennoh
1038 2254 1315 2314 gefüßeret,
1330 2257 1462 2317 undt
1505 2248 1813 2308 dannenhor
1827 2223 1915 2283 sich

753 2341 1009 2401 verdächtig
1041 2344 1250 2404 gemaht,
1268 2347 1460 2407 wollendt
1492 2342 1621 2402 Ehegl.
1637 2336 1732 2396 Eünch
1764 2317 1959 2377 MeH.

744 2436 912 2496 hiemit
939 2440 1233 2500 angesamen
1262 2438 1430 2498 haben,
1457 2433 1542 2493 Ihne
1570 2427 1668 2487 über
1710 2419 1822 2479 diesen

2083 1049 2191 1109 Hoffi
2211 1038 2359 1098 Sarbara

2082 1136 2165 1196 hiri
2187 1121 2324 1181 Christen

2073 1212 2197 1272 Bähtes
2211 1200 2308 1260 Kentz

2080 1646 2131 1706 en
2163 1636 2214 1696 nien
2224 1631 2305 1691 Here
2326 1625 2358 1685 er

2069 1703 2164 1763 Oberen
2186 1693 2367 1753 chorgrichts

2068 1762 2313 1822 abgangenen

2086 1877 2192 1937 Peter
2220 1873 2326 1933 Colar

2073 1967 2143 2027 Joly
2179 1957 2343 2017 Wittib

3595 275 3616 335 2

2398 310 2490 370 auf
2503 313 2549 373 sich
2572 314 2724 374 gezogenen
2748 317 2877 377 Verdacht
2900 317 2934 377 zu
2958 319 3040 379 Redt
3051 319 3086 379 zu
3099 320 3216 380 stoßen
3239 322 3320 382 undt
3344 323 3391 383 deß
3425 329 3684 389 heraußkomme,

2378 416 2462 476 son
2496 415 2599 475 Peß.
2632 416 2838 476 zubrichten
2872 418 2922 478 den
2941 419 2992 479 1.
3008 421 3128 481 Aepbr
3145 422 3265 482 172.
3281 421 3401 481 Conl.
3418 415 3622 475 henhalb

2391 518 2460 578 Eim
2518 514 2716 574 Bortrag.

2470 698 2744 758 Sonstags
2783 689 2834 749 den
2861 686 2979 746 25ten
2992 682 3108 742 ebris
3135 676 3319 736 1732.

2776 761 2956 821 Brases

2654 841 2845 901 MnHHe
2896 832 2971 892 er
2983 828 3034 888 vor
3060 826 3213 886 Mchlin

2744 895 2977 955 Assessores

2391 974 2602 1034 Mengdger
2627 968 2777 1028 rnreo.
2802 965 2989 1025 rRecharge
3027 962 3064 1022 am
3113 961 3188 1021 Hr.
3214 958 3338 1018 Fred.
3350 955 3387 1015 zu
3438 948 3662 1008 Guggisprg

2400 1064 2493 1124 ihne
2539 1051 2784 1111 frtendtlich
2807 1042 2982 1102 ansinnen
3016 1037 3168 1097 deßen,
3191 1034 3227 1094 so
3250 1032 3355 1092 ihme
3389 1027 3541 1087 ratione

2386 1150 2585 1210 Barbara
2619 1140 2729 1200 Köhli
2762 1132 2917 1192 Christen
2938 1127 3060 1187 Sieri
3094 1120 3381 1180 dißmahligen
3414 1113 3536 1173 Ehefrl
3581 1108 3635 1168 und

2386 1240 2491 1300 Reid
2536 1231 2688 1291 Bähler
2734 1223 2826 1283 und
2849 1217 2885 1277 ob
2919 1213 3012 1273 eine
3047 1202 3418 1262 Eheversprechung
3454 1196 3627 1256 zbuschen

2374 1337 2474 1397 ihne
2512 1315 2790 1375 vorgangen,
2815 1299 2902 1359 und
2929 1293 2966 1353 ob
2991 1290 3029 1350 er
3054 1286 3105 1346 iech
3130 1281 3294 1341 bekennet
3319 1278 3369 1338 sie
3407 1277 3648 1337 geschbang¬

2394 1411 2501 1471 genet
2528 1402 2583 1462 zun
2610 1394 2745 1454 haben,
2772 1388 2812 1448 in
2852 1381 3014 1441 Wüsen
3042 1376 3122 1436 sein
3149 1371 3324 1431 möchte,
3338 1369 3393 1429 den
3419 1369 3555 1429 bericht
3568 1369 3677 1429 für¬

2378 1496 2525 1556 ferlich
2540 1484 2614 1544 en
2629 1472 2896 1532 zursenden.

2386 1623 2429 1683 zu
2457 1620 2574 1680 follen
2590 1615 2692 1675 fr.
2720 1611 2851 1671 Hener.
2865 1607 3012 1667 bochann
3040 1604 3389 1664 hierbeyligendem
3448 1607 3624 1667 befelchs

2831 1643 2914 1703 besr
2960 1643 2989 1703 di

2393 1706 2487 1766 über
2523 1701 2581 1761 ias
2616 1694 2806 1754 geschafft
2829 1684 3019 1744 angensene
3066 1679 3195 1739 Cabat
3232 1678 3350 1738 Beter
3373 1678 3456 1738 und
3480 1681 3526 1741 die

2385 1792 2526 1852 Witis
2561 1784 2691 1844 Holg,
2716 1776 2857 1836 belches
2892 1768 2987 1828 Elr.
3022 1764 3140 1824 Bel.
3151 1760 3258 1820 nicht
3281 1759 3341 1819 als
3352 1759 3399 1819 in
3435 1761 3505 1821 das
3517 1766 3637 1826 Crig¬

2386 1876 2530 1936 minale
2563 1865 2796 1925 tauffend
2829 1853 3040 1913 anzechen,
3073 1847 3161 1907 und
3183 1844 3239 1904 ino
3261 1843 3383 1903 specie
3417 1843 3493 1903 über
3528 1844 3582 1904 das

2391 1955 2645 2015 Convistoriale
2679 1945 2771 2005 ihre
2806 1938 2944 1998 urthel
2967 1930 3279 1990 abszufellen,
3290 1928 3381 1988 uund
3417 1930 3497 1990 nach
3508 1933 3567 1993 den

2389 2047 2549 2107 gesatzen
2572 2039 2617 2099 zu
2662 2028 2867 2088 handlen,
2890 2017 3027 2077 habend
3050 2012 3108 2072 sie
3142 2008 3176 2068 so
3198 2007 3279 2067 bald
3302 2006 3381 2066 ihre
3403 2008 3608 2068 gedenken

2373 2134 2545 2194 Wallthe
2569 2119 2731 2179 laßen,
2755 2109 2842 2169 und
2878 2101 2965 2161 mit
2990 2095 3089 2155 ihren
3113 2092 3162 2152 um
3200 2089 3299 2149 maß
3323 2089 3520 2149 geblichen
3546 2092 3645 2152 ge¬

2367 2220 2520 2280 sebey
2547 2208 2675 2268 gleich
2700 2201 2752 2261 bie
2790 2198 2842 2258 in
2867 2195 2945 2255 den
2970 2193 3022 2253 von
3047 2192 3112 2252 se
3138 2191 3190 2251 in
3202 2190 3305 2250 gnädigen
3318 2189 3420 2249 Herrn
3434 2188 3485 2248 Ihr
3510 2187 3615 2247 Gel.

2374 2306 2434 2366 sab
2470 2297 2530 2357 est
2580 2291 2640 2351 diß
2677 2283 2823 2343 bereits
2871 2273 3127 2333 übergebenen
3164 2269 3394 2329 gutachten
3418 2267 3504 2327 und
3528 2267 3577 2327 im

2362 2395 2490 2455 schluß
2532 2379 2725 2439 deßelben
2769 2365 3056 2425 enthalltenen
3079 2356 3260 2416 gründen
3293 2353 3475 2413 ethahlet,
3485 2350 3668 2410 befunden

2362 2487 2493 2547 daß,
2516 2474 2673 2534 weillen
2708 2464 2827 2524 beide
2864 2458 2923 2518 der
2972 2452 3103 2512 Peter
3126 2447 3222 2507 und
3259 2443 3318 2503 die
3366 2440 3450 2500 tolu
3486 2436 3558 2496 ihre

2356 2564 2521 2624 Cvasion
2579 2553 2715 2613 allein
2754 2543 2948 2603 ansechen
2987 2533 3075 2593 noch
3113 2529 3132 2589 9
3191 2523 3376 2583 marath
3404 2518 3551 2578 davvor

2359 2638 2676 2698 verabredet,
2701 2625 2891 2685 bährend
2917 2615 3107 2675 verhalben
3133 2608 3234 2668 und
3260 2602 3400 2662 zbahr
3437 2600 3591 2660 auch,
