4032 3024
458 139 577 199 2f.

407 1614 518 1674 Savari
540 1608 606 1668 Jean
629 1605 718 1665 Louis

398 1694 587 1754 Panchaud
605 1694 686 1754 Judit
704 1696 713 1756 h

398 1777 508 1837 Privaz
538 1778 650 1838 Woll.

845 176 901 236 bey
945 169 1029 229 sein
1059 165 1114 225 deß
1172 161 1342 221 Peters
1371 162 1555 222 Ehefrl.
1569 170 1698 230 leben
1740 183 1867 243 gantz
1881 201 2011 261 aege¬

836 265 899 325 lich
924 262 1014 322 mit
1052 258 1115 318 E.
1140 256 1218 316 A.
1243 254 1434 314 gelebet
1472 255 1549 315 und
1574 263 1906 323 umbgangen,

816 361 890 421 der
928 352 1002 412 Jolg
1039 345 1126 405 schon
1163 337 1311 397 hievor
1350 335 1436 395 alle
1474 341 1747 401 conversation
1796 362 1883 422 mit
1895 377 2006 437 selben

811 440 913 500 duch
935 431 1002 491 den
1025 422 1217 482 Obmann
1262 416 1330 476 deß
1397 418 1679 478 Chorgrichts
1725 425 1759 485 zu
1804 432 1917 492 Plesti

826 528 937 588 beide
973 520 1085 580 dann
1122 511 1245 571 statt
1271 505 1357 565 auf
1394 500 1716 560 erzangeter
1764 512 1988 572 citationen

812 614 854 674 zu
912 603 1168 663 erscheinen
1225 595 1295 655 den
1325 592 1523 652 weithen
1567 593 1837 653 genommen,
1851 602 1936 662 und

808 706 880 766 sich
905 695 1098 755 außert
1134 685 1315 745 landts
1350 683 1616 743 ernsegnen
1652 688 1821 748 laßen,
1845 698 1991 758 hiemit

810 790 908 850 eint
952 782 1050 842 und
1078 775 1264 835 anders
1320 770 1392 830 als
1420 770 1718 830 Ehebrächere
1760 774 1803 834 an
1831 779 1989 839 zusehen

786 880 908 940 deren
949 865 1221 925 ehe-leuth
1261 856 1411 916 Chorg:
1437 854 1574 914 Satz.
1601 854 1696 914 Fol.
1711 857 1764 917 3.
1792 862 1956 922 Saf.

802 960 925 1020 nicht
955 956 1063 1016 hätte
1093 951 1233 1011 behogen
1263 945 1371 1005 berden
1386 943 1541 1003 sellen,
1572 941 1632 1001 die
1664 943 1940 1003 dißöhrtige

793 1052 952 1112 straff
980 1045 1068 1105 aber
1111 1038 1255 1098 selben
1286 1034 1329 1094 zu
1388 1031 1575 1091 dictiern
1604 1031 1720 1091 Eyrh.
1748 1033 1793 1093 A.
1807 1036 1864 1096 l.
1880 1042 1997 1102 gantz

804 1139 1115 1199 Ehrergiethig
1149 1132 1390 1192 überlaßen
1407 1130 1476 1190 syn
1493 1124 1685 1184 solle.

805 1337 971 1397 Nachenen
985 1339 1061 1399 Mein
1074 1337 1177 1397 gnädigen
1191 1337 1280 1397 Herren
1306 1336 1357 1396 deß
1409 1334 1563 1394 Oberen
1602 1333 1859 1393 Chorgrichts
1884 1333 1989 1393 Ihnen

795 1431 858 1491 sie
895 1428 958 1488 von
995 1425 1057 1485 dem
1106 1418 1332 1478 Carminal
1369 1412 1519 1472 Gricht
1543 1411 1582 1471 zu
1619 1409 1930 1469 Piterlingen

778 1520 874 1580 hier
907 1511 1197 1571 beybigende
1241 1502 1466 1562 Procedur
1510 1497 1682 1557 vorlesen
1704 1495 1854 1555 laßen,
1876 1493 1929 1553 und

783 1610 846 1670 sie
889 1601 1036 1661 darinn
1068 1594 1384 1654 vernamsete
1437 1588 1690 1648 Partheyen
1721 1586 1785 1646 als
1816 1584 1911 1644 Jean

783 1698 914 1758 Lonys
938 1687 1117 1747 Savari
1153 1680 1237 1740 und
1273 1677 1404 1737 desen
1428 1675 1608 1735 Ehefr.
1631 1672 1775 1732 Marie
1811 1667 1942 1727 Judith

789 1783 1047 1843 Panchand
1087 1777 1147 1837 bie
1196 1774 1296 1834 auch
1326 1771 1385 1831 den
1425 1769 1534 1829 Noel
1575 1765 1743 1825 Privat
1783 1762 1823 1822 de
1852 1760 1983 1820 fonn¬

767 1882 880 1942 taine
937 1876 1050 1936 pres
1084 1872 1130 1932 de
1152 1869 1243 1929 Lion
1300 1865 1380 1925 dit
1402 1861 1573 1921 Lioncis
1608 1853 1858 1913 angehört,

777 1983 935 2043 habend
972 1973 1033 2033 sie
1082 1963 1388 2023 einmertig
1424 1954 1694 2014 befunden,
1718 1949 1852 2009 daß,
1876 1944 1950 2004 nur

775 2073 943 2133 maßen
984 2066 1082 2126 eint
1113 2061 1212 2121 und
1242 2055 1410 2115 andere
1470 2048 1589 2108 facta
1650 2045 1728 2105 ins
1748 2043 1967 2103 Criminale

760 2163 802 2223 zu
846 2155 1028 2215 lauffen
1060 2149 1296 2209 scheinen,
1328 2146 1403 2206 die
1437 2140 1694 2200 Chorgrichts
1726 2126 1919 2186 Satzung

744 2252 866 2312 dann
892 2244 987 2304 Fol.
1014 2240 1108 2300 49.
1135 2237 1256 2297 Sah.
1283 2236 1325 2296 3.
1351 2234 1486 2294 nicht
1512 2231 1552 2291 zu
1581 2227 1702 2287 gibt,
1729 2219 1795 2279 daß
1837 2209 1903 2269 die

766 2340 826 2400 Ehe
850 2333 1009 2393 Richter
1057 2328 1094 2388 in
1130 2324 1252 2384 sachen
1289 2323 1349 2383 die
1387 2317 1691 2377 Zbeifelhafft
1727 2306 1763 2366 ob
1801 2300 1861 2360 sie

758 2424 1022 2484 Malesicisch
1056 2416 1182 2476 nichts
1204 2413 1445 2473 urtheilen,
1468 2409 1673 2469 sonderen
1696 2404 1731 2464 ob
1765 2396 1971 2456 dergleichen

760 2507 815 2567 an
848 2505 915 2565 sie
947 2503 1113 2563 langen
1146 2503 1367 2563 wurden,
1389 2503 1521 2563 Ew:
1543 2501 1654 2561 Gel
1708 2495 1939 2555 vorbringen

751 2591 968 2651 sellend,
1008 2593 1075 2653 sie
1104 2593 1266 2653 hiemit
1306 2594 1509 2654 darinnen
1536 2593 1685 2653 nichts
1726 2586 1902 2646 ferners

2042 1037 2215 1097 Mos
2233 1018 2335 1078 Lorn

2173 1075 2301 1135 Marie

2046 1164 2205 1224 Christin
2234 1150 2349 1210 Rail.

2056 1933 2202 1993 Duthon
2223 1922 2328 1982 Marit

2426 273 2616 333 handlen,
2637 278 2711 338 wohl
2743 279 2817 339 aber
2859 280 2954 340 ihrer
2986 281 3133 341 oflicht
3154 280 3197 340 zu
3250 280 3314 340 sein
3335 277 3535 337 erachtet,
3557 274 3640 334 f

2403 352 2477 412 das
2508 352 2712 412 geschäfft
2733 353 2775 413 Ew
2851 355 2968 415 Gel.
2990 356 3021 416 zu
3064 358 3160 418 dero
3192 359 3406 419 hochweisen
3427 355 3672 415 Verordnung

2399 442 2439 502 zu
2490 437 2752 497 übergeben,
2772 436 2863 496 und
2884 436 2985 496 anby
3025 434 3055 494 zu
3096 434 3318 494 ferdeüten
3358 433 3429 493 daß
3470 430 3640 490 bemelte

2410 514 2642 574 Partheyen
2668 510 2737 570 sich
2764 508 2806 568 in
2846 505 3077 565 allhäieziger
3119 502 3215 562 Ober
3241 499 3597 559 horgrichtlichen

2407 592 2834 652 gefangenschafft
2862 580 3144 640 befunden.

2394 785 2616 845 Mubonne
2653 777 2752 837 undt
2776 775 2926 835 Saanen
2975 775 3086 835 Sep.
3124 775 3223 835 Auß
3272 773 3320 833 de
3346 770 3419 830 von
3457 763 3630 823 Anbonne

2376 864 2472 924 Menign
2483 856 2570 916 gege
2602 853 2645 913 en
2655 851 2817 911 gesendter
2851 851 3034 911 Procetiet
3066 853 3249 913 habindt
3270 851 3432 911 dieselben
3442 844 3615 904 zuersehen

2399 941 2535 1001 gehabt,
2544 935 2602 995 wie
2632 931 2699 991 daß
2748 928 2893 988 Compe
2931 925 3066 985 Marie
3115 924 3318 984 Mathys
3346 922 3434 982 von
3453 919 3598 979 Saanen

2383 1024 2436 1084 Ihr
2457 1019 2522 1079 zur
2543 1015 2629 1075 welt
2662 1009 2865 1069 gebohrnes
2886 1004 3004 1064 vndt
3047 1000 3111 1060 dem
3165 994 3303 1054 Paul
3336 984 3485 1044 Cristin

2390 1100 2474 1160 Von
2511 1091 2680 1151 Aubarne
2718 1079 2972 1139 zugeegnet,
2991 1072 3123 1132 welches
3151 1066 3235 1126 aber
3263 1063 3320 1123 die
3339 1061 3395 1121 seit
3433 1054 3611 1114 anklegdt

2382 1165 2559 1225 verweinet
2590 1159 2685 1219 und
2726 1155 2841 1215 beyde
2883 1151 3092 1211 gnugsamb
3113 1150 3154 1210 in
3196 1148 3290 1208 Eyde
3301 1144 3488 1204 Inatruirt
3509 1140 3657 1200 seynd;

2392 1244 2609 1304 dißmehre
2646 1238 2718 1298 nun
2743 1237 2815 1297 hat
2839 1235 2888 1295 er
2913 1234 3119 1294 angelebt
3179 1231 3277 1291 das
3313 1227 3447 1287 Kindt
3471 1221 3605 1281 alß¬

2400 1326 2462 1386 das
2495 1317 2642 1377 seinige
2696 1311 2948 1371 anzunommen
3012 1308 3223 1368 derowegen
3265 1295 3487 1355 dieselben

2367 1409 2473 1469 Ihme
2499 1405 2577 1465 auch
2604 1401 2736 1461 solches
2749 1398 2829 1458 alß
2867 1393 3051 1453 onfhelich
3091 1390 3130 1450 zu
3156 1385 3380 1445 bekennet,
3406 1377 3540 1437 beyden

2370 1499 2434 1559 zur
2466 1491 2725 1551 abbüeßung
2768 1481 2962 1541 gehalten
3026 1473 3232 1533 werden,
3253 1471 3360 1531 undt
3393 1471 3521 1531 deßen

2346 1585 2410 1645 Sie
2437 1574 2709 1634 nachdichtlich
2735 1566 3020 1626 verständigen
3033 1554 3201 1614 wollen.

2338 1785 2543 1845 Konitz.
2557 1768 2708 1828 Marie
2762 1760 2914 1820 Duthon
2970 1759 3066 1819 von
3106 1757 3325 1817 Iffrthen,
3338 1756 3380 1816 so
3407 1756 3503 1816 wegen

2373 1865 2451 1925 Ihrer
2462 1855 2779 1915 schwangerschafft
2790 1850 2971 1910 eingesetzt
2994 1850 3186 1910 werden,
3208 1850 3288 1910 seye
3321 1849 3558 1909 bkentlich

2366 1946 2542 2006 werden,
2562 1942 2603 2002 sie
2635 1939 2799 1999 befinde
2841 1934 2904 1994 sich
2924 1931 3140 1991 schwanger
3171 1929 3244 1989 von
3276 1927 3399 1987 Einen
3440 1927 3626 1987 frembden

2357 2027 2518 2087 Schwener
2551 2023 2724 2083 gesellen
2781 2019 2838 2079 der
2873 2015 3090 2075 abliesende,
3114 2011 3148 2071 so
3170 2010 3238 2070 bey
3274 2006 3400 2066 Mr
3434 2002 3605 2062 Weibel

2358 2113 2584 2173 gearbetet,
2597 2110 2731 2170 welcher
2757 2108 2796 2168 sie
2824 2107 2850 2167 14
2890 2104 2944 2164 tag
2970 2103 2983 2163 o
2996 2102 3050 2162 des
3089 2099 3169 2159 drey
3196 2096 3302 2156 wohn
3330 2093 3410 2153 nach
3436 2089 3597 2149 Jacobi.

2346 2195 2610 2255 beschloffen,
2641 2194 2705 2254 sich
2747 2192 2832 2252 aber
2874 2188 3054 2248 darauff
3075 2183 3382 2243 fortgemacht,
3403 2177 3519 2237 undt

2359 2287 2565 2347 vorgeben,
2588 2280 2620 2340 Eo
2641 2276 2717 2336 seye
2760 2274 2815 2334 ein
2847 2270 2912 2330 Sop
2967 2266 3075 2326 undt
3086 2264 3141 2324 ist
3173 2263 3304 2323 sinns
3336 2261 3412 2321 bey
3444 2261 3510 2321 dem

2338 2371 2563 2431 Aberharmb
2609 2361 2732 2421 Kung
2755 2356 2856 2416 auff
2878 2352 2936 2412 dem
2991 2348 3093 2408 huff
3149 2344 3522 2404 Kindtssuligen

2327 2454 2458 2514 desten
2484 2446 2537 2506 Sie
2576 2438 2759 2498 berichtet
2785 2433 2982 2493 wordindt
3009 2431 3087 2491 mit
3114 2431 3271 2491 gesinnen
3296 2429 3362 2489 Sie
3375 2428 3416 2488 in
3454 2426 3520 2486 der

2347 2518 2610 2578 genißtnoch
2643 2516 2695 2576 der
2726 2515 2948 2575 Ordnung
2980 2516 3223 2576 Examiniren
3244 2515 3286 2575 und
3307 2513 3360 2573 eine
3371 2512 3454 2572 gnädigen
3465 2507 3550 2567 Herre
3570 2502 3602 2562 deß

2348 2599 2682 2659 heraußkommenden
2707 2597 2875 2657 berichten
2887 2594 3081 2654 zulaßen.
