<?xml version="1.0" encoding="UTF-8" standalone="yes"?>
<PcGts xmlns="http://schema.primaresearch.org/PAGE/gts/pagecontent/2013-07-15" xmlns:xsi="http://www.w3.org/2001/XMLSchema-instance" xsi:schemaLocation="http://schema.primaresearch.org/PAGE/gts/pagecontent/2013-07-15 http://schema.primaresearch.org/PAGE/gts/pagecontent/2013-07-15/pagecontent.xsd">
    <Metadata>
        <Creator>prov=READ-COOP:name=PyLaia@TranskribusPlatform:version=0.6.0:model_id=38215:lm=none:date=22_11_2021_11:06
prov=READ-COOP:name=PyLaia@Transkribus:version=0.6.0:model_id=38215:date=22_11_2021_11:04
prov=University of Rostock/Institute of Mathematics/CITlab|PLANET AI GmbH/Tobias Gruening/tobias.gruening@planet-ai.de:name=de.uros.citlab.module.baseline2polygon.B2PSeamMultiOriented:v=2.6.7</Creator>
        <Created>2021-08-09T15:16:19.997+02:00</Created>
        <LastChange>2021-11-22T11:06:30.589+01:00</LastChange>
        <TranskribusMetadata docId="746917" pageId="28279285" pageNr="32" tsid="68400646" status="IN_PROGRESS" userId="537" imgUrl="https://files.transkribus.eu/Get?id=GRMKGLEYMXFCXESWRTJRMAKI&amp;fileType=view" xmlUrl="https://files.transkribus.eu/Get?id=CITOTNTEIXZIYNHNAPWKHTVK" imageId="22024786"/>
    </Metadata>
    <Page imageFilename="032.jpg" imageWidth="4032" imageHeight="3024">
        <ReadingOrder>
            <OrderedGroup id="ro_1687514933583" caption="Regions reading order">
                <RegionRefIndexed index="0" regionRef="r1"/>
                <RegionRefIndexed index="1" regionRef="r2"/>
                <RegionRefIndexed index="2" regionRef="r3"/>
            </OrderedGroup>
        </ReadingOrder>
        <TextRegion orientation="0.0" id="r1" custom="readingOrder {index:0;}">
            <Coords points="417,144 417,1668 746,1668 746,144"/>
            <TextLine id="r1l1" custom="readingOrder {index:0;}">
                <Coords points="452,271 474,269 534,211 561,195 577,205 603,208 597,123 575,123 560,138 515,115 489,128 467,124 443,140"/>
                <Baseline points="455,201 482,203 510,200 537,198 565,195 593,194"/>
                <Word id="r1l1_w1" custom="readingOrder {index:0;}">
                    <Coords points="450,158 450,218 613,218 613,158"/>
                    <TextEquiv>
                        <Unicode>60f.</Unicode>
                    </TextEquiv>
                </Word>
                <TextEquiv>
                    <Unicode>60f.</Unicode>
                </TextEquiv>
            </TextLine>
            <TextLine id="r1l2" custom="readingOrder {index:1;}">
                <Coords points="416,752 495,716 562,762 650,739 755,734 754,598 611,634 518,607 415,669"/>
                <Baseline points="423,699 449,697 476,696 503,695 530,695 557,695 584,695 611,695 638,696 665,695 692,695 719,693 746,692"/>
                <Word id="r1l2_w1" custom="readingOrder {index:0;}">
                    <Coords points="432,655 432,715 576,715 576,655"/>
                    <TextEquiv>
                        <Unicode>kiener</Unicode>
                    </TextEquiv>
                </Word>
                <Word id="r1l2_w2" custom="readingOrder {index:1;}">
                    <Coords points="591,655 591,715 749,715 749,655"/>
                    <TextEquiv>
                        <Unicode>Christen</Unicode>
                    </TextEquiv>
                </Word>
                <TextEquiv>
                    <Unicode>kiener Christen</Unicode>
                </TextEquiv>
            </TextLine>
            <TextLine id="r1l3" custom="readingOrder {index:2;}">
                <Coords points="409,1558 447,1563 479,1590 547,1545 711,1554 712,1492 660,1467 601,1470 551,1489 503,1462 410,1461"/>
                <Baseline points="417,1536 442,1538 468,1539 494,1539 520,1539 546,1539 572,1539 598,1539 624,1539 650,1539 676,1541 702,1542"/>
                <Word id="r1l3_w1" custom="readingOrder {index:0;}">
                    <Coords points="433,1499 433,1559 541,1559 541,1499"/>
                    <TextEquiv>
                        <Unicode>Barth</Unicode>
                    </TextEquiv>
                </Word>
                <Word id="r1l3_w2" custom="readingOrder {index:1;}">
                    <Coords points="566,1499 566,1559 709,1559 709,1499"/>
                    <TextEquiv>
                        <Unicode>Samuel</Unicode>
                    </TextEquiv>
                </Word>
                <TextEquiv>
                    <Unicode>Barth Samuel</Unicode>
                </TextEquiv>
            </TextLine>
            <TextLine id="r1l4" custom="readingOrder {index:3;}">
                <Coords points="432,1694 517,1671 555,1684 572,1672 605,1690 636,1680 667,1700 698,1699 700,1585 667,1579 636,1596 591,1597 570,1579 527,1587 512,1575 466,1598 434,1589"/>
                <Baseline points="441,1640 468,1640 496,1640 524,1640 551,1641 579,1641 607,1643 634,1643 662,1643 690,1643"/>
                <Word id="r1l4_w1" custom="readingOrder {index:0;}">
                    <Coords points="443,1600 443,1660 576,1660 576,1600"/>
                    <TextEquiv>
                        <Unicode>Mägel.</Unicode>
                    </TextEquiv>
                </Word>
                <Word id="r1l4_w2" custom="readingOrder {index:1;}">
                    <Coords points="598,1603 598,1663 710,1663 710,1603"/>
                    <TextEquiv>
                        <Unicode>Catri.</Unicode>
                    </TextEquiv>
                </Word>
                <TextEquiv>
                    <Unicode>Mägel. Catri.</Unicode>
                </TextEquiv>
            </TextLine>
            <TextEquiv>
                <Unicode></Unicode>
            </TextEquiv>
        </TextRegion>
        <TextRegion orientation="0.0" id="r2" custom="readingOrder {index:1;}">
            <Coords points="764,272 764,2421 2000,2421 2000,272"/>
            <TextLine id="r2l1" custom="readingOrder {index:0;}">
                <Coords points="775,400 1348,319 1608,367 1709,324 1869,379 1934,336 2005,359 2004,283 1686,224 1596,262 1540,224 1098,224 1014,271 911,218 772,236"/>
                <Baseline points="783,363 843,357 904,351 965,345 1025,342 1086,336 1147,333 1207,329 1268,324 1329,321 1390,320 1450,318 1511,317 1572,317 1632,318 1693,320 1754,323 1814,327 1875,332 1936,338 1997,345"/>
                <Word id="r2l1_w1" custom="readingOrder {index:0;}">
                    <Coords points="792,311 792,371 1012,371 1012,311"/>
                    <TextEquiv>
                        <Unicode>biglen:</Unicode>
                    </TextEquiv>
                </Word>
                <Word id="r2l1_w2" custom="readingOrder {index:1;}">
                    <Coords points="1043,293 1043,353 1230,353 1230,293"/>
                    <TextEquiv>
                        <Unicode>Christen</Unicode>
                    </TextEquiv>
                </Word>
                <Word id="r2l1_w3" custom="readingOrder {index:2;}">
                    <Coords points="1263,280 1263,340 1419,340 1419,280"/>
                    <TextEquiv>
                        <Unicode>Kiener</Unicode>
                    </TextEquiv>
                </Word>
                <Word id="r2l1_w4" custom="readingOrder {index:3;}">
                    <Coords points="1434,277 1434,337 1496,337 1496,277"/>
                    <TextEquiv>
                        <Unicode>Ihs</Unicode>
                    </TextEquiv>
                </Word>
                <Word id="r2l1_w5" custom="readingOrder {index:4;}">
                    <Coords points="1513,278 1513,338 1810,338 1810,278"/>
                    <TextEquiv>
                        <Unicode>angehoriger</Unicode>
                    </TextEquiv>
                </Word>
                <Word id="r2l1_w6" custom="readingOrder {index:5;}">
                    <Coords points="1841,291 1841,351 1889,351 1889,291"/>
                    <TextEquiv>
                        <Unicode>de</Unicode>
                    </TextEquiv>
                </Word>
                <Word id="r2l1_w7" custom="readingOrder {index:6;}">
                    <Coords points="1905,297 1905,357 1966,357 1966,297"/>
                    <TextEquiv>
                        <Unicode>sich</Unicode>
                    </TextEquiv>
                </Word>
                <TextEquiv>
                    <Unicode>biglen: Christen Kiener Ihs angehoriger de sich</Unicode>
                </TextEquiv>
            </TextLine>
            <TextLine id="r2l2" custom="readingOrder {index:1;}">
                <Coords points="791,521 891,456 1237,475 1366,414 1951,448 1967,347 1838,382 1709,325 1610,368 1395,334 1219,405 787,397"/>
                <Baseline points="798,453 856,450 914,447 972,445 1030,441 1088,438 1146,435 1205,432 1263,429 1321,426 1379,425 1437,423 1495,422 1553,420 1612,419 1670,419 1728,419 1786,419 1844,420 1902,422 1961,425"/>
                <Word id="r2l2_w1" custom="readingOrder {index:0;}">
                    <Coords points="816,407 816,467 1003,467 1003,407"/>
                    <TextEquiv>
                        <Unicode>schulden</Unicode>
                    </TextEquiv>
                </Word>
                <Word id="r2l2_w2" custom="readingOrder {index:1;}">
                    <Coords points="1044,397 1044,457 1137,457 1137,397"/>
                    <TextEquiv>
                        <Unicode>halb</Unicode>
                    </TextEquiv>
                </Word>
                <Word id="r2l2_w3" custom="readingOrder {index:2;}">
                    <Coords points="1176,389 1176,449 1350,449 1350,389"/>
                    <TextEquiv>
                        <Unicode>äußert</Unicode>
                    </TextEquiv>
                </Word>
                <Word id="r2l2_w4" custom="readingOrder {index:3;}">
                    <Coords points="1391,382 1391,442 1537,442 1537,382"/>
                    <TextEquiv>
                        <Unicode>landts</Unicode>
                    </TextEquiv>
                </Word>
                <Word id="r2l2_w5" custom="readingOrder {index:4;}">
                    <Coords points="1578,379 1578,439 1778,439 1778,379"/>
                    <TextEquiv>
                        <Unicode>befindet</Unicode>
                    </TextEquiv>
                </Word>
                <Word id="r2l2_w6" custom="readingOrder {index:5;}">
                    <Coords points="1832,381 1832,441 1939,441 1939,381"/>
                    <TextEquiv>
                        <Unicode>habe</Unicode>
                    </TextEquiv>
                </Word>
                <TextEquiv>
                    <Unicode>schulden halb äußert landts befindet habe</Unicode>
                </TextEquiv>
            </TextLine>
            <TextLine id="r2l3" custom="readingOrder {index:2;}">
                <Coords points="793,584 876,596 944,530 1053,568 1444,502 1608,546 1674,509 1766,555 1859,506 2003,534 2001,458 895,457 790,522"/>
                <Baseline points="800,545 859,542 919,539 979,536 1038,533 1098,530 1158,527 1217,524 1277,520 1337,518 1397,515 1456,512 1516,510 1576,508 1635,507 1695,506 1755,506 1814,506 1874,506 1934,507 1994,509"/>
                <Word id="r2l3_w1" custom="readingOrder {index:0;}">
                    <Coords points="791,503 791,563 887,563 887,503"/>
                    <TextEquiv>
                        <Unicode>Mein</Unicode>
                    </TextEquiv>
                </Word>
                <Word id="r2l3_w2" custom="readingOrder {index:1;}">
                    <Coords points="899,497 899,557 994,557 994,497"/>
                    <TextEquiv>
                        <Unicode>gädge</Unicode>
                    </TextEquiv>
                </Word>
                <Word id="r2l3_w3" custom="readingOrder {index:2;}">
                    <Coords points="1018,489 1018,549 1197,549 1197,489"/>
                    <TextEquiv>
                        <Unicode>erbringen</Unicode>
                    </TextEquiv>
                </Word>
                <Word id="r2l3_w4" custom="readingOrder {index:3;}">
                    <Coords points="1222,479 1222,539 1377,539 1377,479"/>
                    <TextEquiv>
                        <Unicode>laßen</Unicode>
                    </TextEquiv>
                </Word>
                <Word id="r2l3_w5" custom="readingOrder {index:4;}">
                    <Coords points="1486,469 1486,529 1556,529 1556,469"/>
                    <TextEquiv>
                        <Unicode>was</Unicode>
                    </TextEquiv>
                </Word>
                <Word id="r2l3_w6" custom="readingOrder {index:5;}">
                    <Coords points="1593,466 1593,526 1796,526 1796,466"/>
                    <TextEquiv>
                        <Unicode>gestalten</Unicode>
                    </TextEquiv>
                </Word>
                <Word id="r2l3_w7" custom="readingOrder {index:6;}">
                    <Coords points="1845,466 1845,526 1892,526 1892,466"/>
                    <TextEquiv>
                        <Unicode>Er</Unicode>
                    </TextEquiv>
                </Word>
                <Word id="r2l3_w8" custom="readingOrder {index:7;}">
                    <Coords points="1915,467 1915,527 1999,527 1999,467"/>
                    <TextEquiv>
                        <Unicode>wider</Unicode>
                    </TextEquiv>
                </Word>
                <TextEquiv>
                    <Unicode>Mein gädge erbringen laßen was gestalten Er wider</Unicode>
                </TextEquiv>
            </TextLine>
            <TextLine id="r2l4" custom="readingOrder {index:3;}">
                <Coords points="765,640 1336,600 1608,665 1667,607 1774,608 1950,668 2010,655 2009,577 1668,511 764,602"/>
                <Baseline points="774,630 835,627 896,625 957,621 1019,620 1080,617 1141,615 1203,612 1264,611 1325,609 1387,608 1448,606 1509,606 1570,606 1632,606 1693,606 1754,608 1816,609 1877,612 1938,614 2000,618"/>
                <Word id="r2l4_w1" custom="readingOrder {index:0;}">
                    <Coords points="766,585 766,645 968,645 968,585"/>
                    <TextEquiv>
                        <Unicode>1mahlen</Unicode>
                    </TextEquiv>
                </Word>
                <Word id="r2l4_w2" custom="readingOrder {index:1;}">
                    <Coords points="993,579 993,639 1057,639 1057,579"/>
                    <TextEquiv>
                        <Unicode>sich</Unicode>
                    </TextEquiv>
                </Word>
                <Word id="r2l4_w3" custom="readingOrder {index:2;}">
                    <Coords points="1082,575 1082,635 1157,635 1157,575"/>
                    <TextEquiv>
                        <Unicode>mit</Unicode>
                    </TextEquiv>
                </Word>
                <Word id="r2l4_w4" custom="readingOrder {index:3;}">
                    <Coords points="1196,571 1196,631 1323,631 1323,571"/>
                    <TextEquiv>
                        <Unicode>Einer</Unicode>
                    </TextEquiv>
                </Word>
                <Word id="r2l4_w5" custom="readingOrder {index:4;}">
                    <Coords points="1361,566 1361,626 1525,626 1525,566"/>
                    <TextEquiv>
                        <Unicode>Weibe,</Unicode>
                    </TextEquiv>
                </Word>
                <Word id="r2l4_w6" custom="readingOrder {index:5;}">
                    <Coords points="1550,566 1550,626 1714,626 1714,566"/>
                    <TextEquiv>
                        <Unicode>Persohn</Unicode>
                    </TextEquiv>
                </Word>
                <Word id="r2l4_w7" custom="readingOrder {index:6;}">
                    <Coords points="1741,568 1741,628 1829,628 1829,568"/>
                    <TextEquiv>
                        <Unicode>von</Unicode>
                    </TextEquiv>
                </Word>
                <Word id="r2l4_w8" custom="readingOrder {index:7;}">
                    <Coords points="1854,573 1854,633 2020,633 2020,573"/>
                    <TextEquiv>
                        <Unicode>Attingen</Unicode>
                    </TextEquiv>
                </Word>
                <TextEquiv>
                    <Unicode>1mahlen sich mit Einer Weibe, Persohn von Attingen</Unicode>
                </TextEquiv>
            </TextLine>
            <TextLine id="r2l5" custom="readingOrder {index:4;}">
                <Coords points="791,759 1029,715 1238,774 1350,703 1454,763 1521,707 1997,741 2009,655 1945,680 1847,613 1609,666 1163,621 790,650"/>
                <Baseline points="800,719 860,717 920,714 980,713 1040,710 1100,709 1160,707 1220,706 1280,705 1340,704 1400,704 1460,704 1520,704 1580,704 1640,705 1700,705 1760,707 1820,708 1880,710 1940,712 2000,714"/>
                <Word id="r2l5_w1" custom="readingOrder {index:0;}">
                    <Coords points="793,676 793,736 938,736 938,676"/>
                    <TextEquiv>
                        <Unicode>Ehelich</Unicode>
                    </TextEquiv>
                </Word>
                <Word id="r2l5_w2" custom="readingOrder {index:1;}">
                    <Coords points="965,669 965,729 1165,729 1165,669"/>
                    <TextEquiv>
                        <Unicode>verlobet,</Unicode>
                    </TextEquiv>
                </Word>
                <Word id="r2l5_w3" custom="readingOrder {index:2;}">
                    <Coords points="1193,665 1193,725 1271,725 1271,665"/>
                    <TextEquiv>
                        <Unicode>Von</Unicode>
                    </TextEquiv>
                </Word>
                <Word id="r2l5_w4" custom="readingOrder {index:3;}">
                    <Coords points="1284,664 1284,724 1419,724 1419,664"/>
                    <TextEquiv>
                        <Unicode>seithen</Unicode>
                    </TextEquiv>
                </Word>
                <Word id="r2l5_w5" custom="readingOrder {index:4;}">
                    <Coords points="1471,664 1471,724 1565,724 1565,664"/>
                    <TextEquiv>
                        <Unicode>Ihres</Unicode>
                    </TextEquiv>
                </Word>
                <Word id="r2l5_w6" custom="readingOrder {index:5;}">
                    <Coords points="1591,664 1591,724 1671,724 1671,664"/>
                    <TextEquiv>
                        <Unicode>H.</Unicode>
                    </TextEquiv>
                </Word>
                <Word id="r2l5_w7" custom="readingOrder {index:6;}">
                    <Coords points="1697,667 1697,727 1910,727 1910,667"/>
                    <TextEquiv>
                        <Unicode>Ppfarckhl.</Unicode>
                    </TextEquiv>
                </Word>
                <Word id="r2l5_w8" custom="readingOrder {index:7;}">
                    <Coords points="1925,672 1925,732 2004,732 2004,672"/>
                    <TextEquiv>
                        <Unicode>aber</Unicode>
                    </TextEquiv>
                </Word>
                <TextEquiv>
                    <Unicode>Ehelich verlobet, Von seithen Ihres H. Ppfarckhl. aber</Unicode>
                </TextEquiv>
            </TextLine>
            <TextLine id="r2l6" custom="readingOrder {index:5;}">
                <Coords points="785,826 1055,803 1226,850 1384,798 1500,850 1547,802 2001,804 1896,715 1729,774 1611,719 1501,718 1448,767 1302,711 1235,774 1029,716 785,767"/>
                <Baseline points="794,812 853,808 913,806 973,803 1033,801 1093,800 1153,798 1212,797 1272,797 1332,795 1392,795 1452,795 1512,795 1572,795 1631,795 1691,794 1751,794 1811,794 1871,794 1931,792 1991,791"/>
                <Word id="r2l6_w1" custom="readingOrder {index:0;}">
                    <Coords points="799,769 799,829 859,829 859,769"/>
                    <TextEquiv>
                        <Unicode>die</Unicode>
                    </TextEquiv>
                </Word>
                <Word id="r2l6_w2" custom="readingOrder {index:1;}">
                    <Coords points="883,760 883,820 1198,820 1198,760"/>
                    <TextEquiv>
                        <Unicode>Verbündung</Unicode>
                    </TextEquiv>
                </Word>
                <Word id="r2l6_w3" custom="readingOrder {index:2;}">
                    <Coords points="1258,755 1258,815 1368,815 1368,755"/>
                    <TextEquiv>
                        <Unicode>Ihme</Unicode>
                    </TextEquiv>
                </Word>
                <Word id="r2l6_w4" custom="readingOrder {index:3;}">
                    <Coords points="1416,755 1416,815 1731,815 1731,755"/>
                    <TextEquiv>
                        <Unicode>abgeschlagen</Unicode>
                    </TextEquiv>
                </Word>
                <Word id="r2l6_w5" custom="readingOrder {index:4;}">
                    <Coords points="1767,754 1767,814 1925,814 1925,754"/>
                    <TextEquiv>
                        <Unicode>worden</Unicode>
                    </TextEquiv>
                </Word>
                <TextEquiv>
                    <Unicode>die Verbündung Ihme abgeschlagen worden</Unicode>
                </TextEquiv>
            </TextLine>
            <TextLine id="r2l7" custom="readingOrder {index:6;}">
                <Coords points="788,919 1541,885 1664,949 1746,882 1997,885 1842,799 1525,852 1348,800 1224,852 1055,804 787,829"/>
                <Baseline points="797,896 856,894 916,893 975,891 1035,890 1094,888 1154,887 1213,887 1273,886 1332,885 1392,885 1452,884 1511,884 1571,884 1630,884 1690,884 1749,882 1809,882 1868,882 1928,882 1988,881"/>
                <Word id="r2l7_w1" custom="readingOrder {index:0;}">
                    <Coords points="789,853 789,913 984,913 984,853"/>
                    <TextEquiv>
                        <Unicode>Mege</Unicode>
                    </TextEquiv>
                </Word>
                <Word id="r2l7_w2" custom="readingOrder {index:1;}">
                    <Coords points="996,849 996,909 1093,909 1093,849"/>
                    <TextEquiv>
                        <Unicode>dehero</Unicode>
                    </TextEquiv>
                </Word>
                <Word id="r2l7_w3" custom="readingOrder {index:2;}">
                    <Coords points="1129,847 1129,907 1239,907 1239,847"/>
                    <TextEquiv>
                        <Unicode>umb</Unicode>
                    </TextEquiv>
                </Word>
                <Word id="r2l7_w4" custom="readingOrder {index:3;}">
                    <Coords points="1287,844 1287,904 1605,904 1605,844"/>
                    <TextEquiv>
                        <Unicode>handtbietung</Unicode>
                    </TextEquiv>
                </Word>
                <Word id="r2l7_w5" custom="readingOrder {index:4;}">
                    <Coords points="1629,842 1629,902 1884,902 1884,842"/>
                    <TextEquiv>
                        <Unicode>ersuchendt.</Unicode>
                    </TextEquiv>
                </Word>
                <Word id="r2l7_w6" custom="readingOrder {index:5;}">
                    <Coords points="1896,841 1896,901 2007,901 2007,841"/>
                    <TextEquiv>
                        <Unicode>der¬</Unicode>
                    </TextEquiv>
                </Word>
                <TextEquiv>
                    <Unicode>Mege dehero umb handtbietung ersuchendt. der¬</Unicode>
                </TextEquiv>
            </TextLine>
            <TextLine id="r2l8" custom="readingOrder {index:7;}">
                <Coords points="759,1024 919,975 1196,1010 1327,970 1957,973 1956,920 1835,878 1663,950 1561,898 1435,934 1241,890 1131,934 1013,889 758,917"/>
                <Baseline points="767,992 826,985 885,980 944,976 1003,972 1062,970 1121,968 1180,967 1239,966 1298,966 1358,966 1417,966 1476,966 1535,966 1594,968 1653,968 1712,968 1771,968 1830,966 1889,965 1949,963"/>
                <Word id="r2l8_w1" custom="readingOrder {index:0;}">
                    <Coords points="770,943 770,1003 916,1003 916,943"/>
                    <TextEquiv>
                        <Unicode>legen</Unicode>
                    </TextEquiv>
                </Word>
                <Word id="r2l8_w2" custom="readingOrder {index:1;}">
                    <Coords points="939,931 939,991 1119,991 1119,931"/>
                    <TextEquiv>
                        <Unicode>dieselben</Unicode>
                    </TextEquiv>
                </Word>
                <Word id="r2l8_w3" custom="readingOrder {index:2;}">
                    <Coords points="1154,926 1154,986 1210,986 1210,926"/>
                    <TextEquiv>
                        <Unicode>Sie</Unicode>
                    </TextEquiv>
                </Word>
                <Word id="r2l8_w4" custom="readingOrder {index:3;}">
                    <Coords points="1243,926 1243,986 1425,986 1425,926"/>
                    <TextEquiv>
                        <Unicode>ansinnen</Unicode>
                    </TextEquiv>
                </Word>
                <Word id="r2l8_w5" custom="readingOrder {index:4;}">
                    <Coords points="1447,926 1447,986 1650,986 1650,926"/>
                    <TextEquiv>
                        <Unicode>wollen,</Unicode>
                    </TextEquiv>
                </Word>
                <Word id="r2l8_w6" custom="readingOrder {index:5;}">
                    <Coords points="1683,928 1683,988 1751,988 1751,928"/>
                    <TextEquiv>
                        <Unicode>den</Unicode>
                    </TextEquiv>
                </Word>
                <Word id="r2l8_w7" custom="readingOrder {index:6;}">
                    <Coords points="1785,925 1785,985 1967,985 1967,925"/>
                    <TextEquiv>
                        <Unicode>Kiener¬</Unicode>
                    </TextEquiv>
                </Word>
                <TextEquiv>
                    <Unicode>legen dieselben Sie ansinnen wollen, den Kiener¬</Unicode>
                </TextEquiv>
            </TextLine>
            <TextLine id="r2l9" custom="readingOrder {index:8;}">
                <Coords points="781,1091 1440,1048 1593,1113 1713,1056 1826,1046 1898,1101 1982,1065 1981,993 1881,965 1505,1025 1327,968 1191,1034 1099,985 780,989"/>
                <Baseline points="789,1068 848,1066 907,1064 966,1061 1025,1059 1085,1058 1144,1055 1203,1054 1262,1053 1321,1052 1381,1050 1440,1050 1499,1049 1558,1049 1617,1049 1677,1049 1736,1050 1795,1050 1854,1052 1913,1052 1973,1053"/>
                <Word id="r2l9_w1" custom="readingOrder {index:0;}">
                    <Coords points="807,1019 807,1079 1227,1079 1227,1019"/>
                    <TextEquiv>
                        <Unicode>zuverkündigen,</Unicode>
                    </TextEquiv>
                </Word>
                <Word id="r2l9_w2" custom="readingOrder {index:1;}">
                    <Coords points="1252,1012 1252,1072 1342,1072 1342,1012"/>
                    <TextEquiv>
                        <Unicode>oder</Unicode>
                    </TextEquiv>
                </Word>
                <Word id="r2l9_w3" custom="readingOrder {index:2;}">
                    <Coords points="1367,1009 1367,1069 1608,1069 1608,1009"/>
                    <TextEquiv>
                        <Unicode>wiegerenden</Unicode>
                    </TextEquiv>
                </Word>
                <Word id="r2l9_w4" custom="readingOrder {index:3;}">
                    <Coords points="1621,1009 1621,1069 1774,1069 1774,1009"/>
                    <TextEquiv>
                        <Unicode>folein</Unicode>
                    </TextEquiv>
                </Word>
                <Word id="r2l9_w5" custom="readingOrder {index:4;}">
                    <Coords points="1787,1011 1787,1071 1889,1071 1889,1011"/>
                    <TextEquiv>
                        <Unicode>Gnädigen</Unicode>
                    </TextEquiv>
                </Word>
                <Word id="r2l9_w6" custom="readingOrder {index:5;}">
                    <Coords points="1902,1012 1902,1072 1992,1072 1992,1012"/>
                    <TextEquiv>
                        <Unicode>Here</Unicode>
                    </TextEquiv>
                </Word>
                <TextEquiv>
                    <Unicode>zuverkündigen, oder wiegerenden folein Gnädigen Here</Unicode>
                </TextEquiv>
            </TextLine>
            <TextLine id="r2l10" custom="readingOrder {index:9;}">
                <Coords points="775,1180 857,1155 929,1203 1035,1150 1320,1202 1365,1164 1968,1192 1967,1092 1720,1060 1592,1113 1466,1052 1235,1112 1131,1068 774,1099"/>
                <Baseline points="783,1149 841,1148 900,1148 959,1146 1018,1145 1077,1144 1135,1143 1194,1142 1253,1140 1312,1140 1371,1139 1429,1139 1488,1137 1547,1137 1606,1137 1665,1137 1723,1137 1782,1137 1841,1139 1900,1139 1959,1140"/>
                <Word id="r2l10_w1" custom="readingOrder {index:0;}">
                    <Coords points="777,1108 777,1168 875,1168 875,1108"/>
                    <TextEquiv>
                        <Unicode>Ihre</Unicode>
                    </TextEquiv>
                </Word>
                <Word id="r2l10_w2" custom="readingOrder {index:1;}">
                    <Coords points="903,1104 903,1164 1186,1164 1186,1104"/>
                    <TextEquiv>
                        <Unicode>Oppositione</Unicode>
                    </TextEquiv>
                </Word>
                <Word id="r2l10_w3" custom="readingOrder {index:2;}">
                    <Coords points="1214,1100 1214,1160 1299,1160 1299,1100"/>
                    <TextEquiv>
                        <Unicode>mit</Unicode>
                    </TextEquiv>
                </Word>
                <Word id="r2l10_w4" custom="readingOrder {index:3;}">
                    <Coords points="1327,1097 1327,1157 1623,1157 1623,1097"/>
                    <TextEquiv>
                        <Unicode>bfürderung</Unicode>
                    </TextEquiv>
                </Word>
                <Word id="r2l10_w5" custom="readingOrder {index:4;}">
                    <Coords points="1651,1097 1651,1157 1864,1157 1864,1097"/>
                    <TextEquiv>
                        <Unicode>berichten</Unicode>
                    </TextEquiv>
                </Word>
                <Word id="r2l10_w6" custom="readingOrder {index:5;}">
                    <Coords points="1906,1099 1906,1159 1948,1159 1948,1099"/>
                    <TextEquiv>
                        <Unicode>zu</Unicode>
                    </TextEquiv>
                </Word>
                <TextEquiv>
                    <Unicode>Ihre Oppositione mit bfürderung berichten zu</Unicode>
                </TextEquiv>
            </TextLine>
            <TextLine id="r2l11" custom="readingOrder {index:10;}">
                <Coords points="784,1239 801,1245 813,1236 839,1260 856,1252 872,1262 891,1246 906,1250 937,1231 956,1236 979,1224 1005,1226 1005,1191 975,1207 949,1198 917,1201 856,1155 784,1203"/>
                <Baseline points="792,1227 817,1227 843,1227 868,1227 894,1227 919,1227 945,1227 970,1227 996,1227"/>
                <Word id="r2l11_w1" custom="readingOrder {index:0;}">
                    <Coords points="793,1187 793,1247 1015,1247 1015,1187"/>
                    <TextEquiv>
                        <Unicode>laßen:</Unicode>
                    </TextEquiv>
                </Word>
                <TextEquiv>
                    <Unicode>laßen:</Unicode>
                </TextEquiv>
            </TextLine>
            <TextLine id="r2l12" custom="readingOrder {index:11;}">
                <Coords points="759,1425 987,1392 1113,1450 1223,1393 1525,1375 2002,1406 2001,1306 1668,1269 1430,1317 1221,1262 974,1330 851,1274 758,1299"/>
                <Baseline points="767,1392 828,1391 889,1389 951,1386 1012,1385 1073,1383 1135,1382 1196,1380 1257,1380 1319,1379 1380,1377 1441,1377 1503,1377 1564,1377 1625,1377 1687,1377 1748,1379 1809,1379 1871,1380 1932,1382 1994,1385"/>
                <Word id="r2l12_w1" custom="readingOrder {index:0;}">
                    <Coords points="762,1350 762,1410 897,1410 897,1350"/>
                    <TextEquiv>
                        <Unicode>Dedu</Unicode>
                    </TextEquiv>
                </Word>
                <Word id="r2l12_w2" custom="readingOrder {index:1;}">
                    <Coords points="927,1346 927,1406 973,1406 973,1346"/>
                    <TextEquiv>
                        <Unicode>an</Unicode>
                    </TextEquiv>
                </Word>
                <Word id="r2l12_w3" custom="readingOrder {index:2;}">
                    <Coords points="1047,1342 1047,1402 1152,1402 1152,1342"/>
                    <TextEquiv>
                        <Unicode>nädigen</Unicode>
                    </TextEquiv>
                </Word>
                <Word id="r2l12_w4" custom="readingOrder {index:3;}">
                    <Coords points="1169,1340 1169,1400 1289,1400 1289,1340"/>
                    <TextEquiv>
                        <Unicode>Hrren</Unicode>
                    </TextEquiv>
                </Word>
                <Word id="r2l12_w5" custom="readingOrder {index:4;}">
                    <Coords points="1304,1338 1304,1398 1363,1398 1363,1338"/>
                    <TextEquiv>
                        <Unicode>deß</Unicode>
                    </TextEquiv>
                </Word>
                <Word id="r2l12_w6" custom="readingOrder {index:5;}">
                    <Coords points="1394,1337 1394,1397 1529,1397 1529,1337"/>
                    <TextEquiv>
                        <Unicode>fosten</Unicode>
                    </TextEquiv>
                </Word>
                <Word id="r2l12_w7" custom="readingOrder {index:6;}">
                    <Coords points="1559,1337 1559,1397 1696,1397 1696,1337"/>
                    <TextEquiv>
                        <Unicode>Statt</Unicode>
                    </TextEquiv>
                </Word>
                <Word id="r2l12_w8" custom="readingOrder {index:7;}">
                    <Coords points="1725,1339 1725,1399 2012,1399 2012,1339"/>
                    <TextEquiv>
                        <Unicode>Quartiors¬</Unicode>
                    </TextEquiv>
                </Word>
                <TextEquiv>
                    <Unicode>Dedu an nädigen Hrren deß fosten Statt Quartiors¬</Unicode>
                </TextEquiv>
            </TextLine>
            <TextLine id="r2l13" custom="readingOrder {index:12;}">
                <Coords points="758,1513 1058,1485 1119,1528 1239,1495 1324,1528 1358,1493 1518,1536 1583,1489 1956,1474 1879,1399 1664,1381 1396,1441 1299,1394 1104,1454 881,1386 757,1427"/>
                <Baseline points="767,1490 829,1487 891,1485 953,1484 1015,1484 1077,1484 1139,1482 1201,1484 1263,1484 1325,1484 1387,1484 1449,1484 1511,1484 1573,1482 1635,1482 1697,1479 1759,1477 1821,1473 1883,1469 1946,1464"/>
                <Word id="r2l13_w1" custom="readingOrder {index:0;}">
                    <Coords points="772,1445 772,1505 968,1505 968,1445"/>
                    <TextEquiv>
                        <Unicode>Samuel</Unicode>
                    </TextEquiv>
                </Word>
                <Word id="r2l13_w2" custom="readingOrder {index:1;}">
                    <Coords points="1009,1442 1009,1502 1231,1502 1231,1442"/>
                    <TextEquiv>
                        <Unicode>Baothper</Unicode>
                    </TextEquiv>
                </Word>
                <Word id="r2l13_w3" custom="readingOrder {index:2;}">
                    <Coords points="1271,1444 1271,1504 1493,1504 1493,1444"/>
                    <TextEquiv>
                        <Unicode>Herrschafft</Unicode>
                    </TextEquiv>
                </Word>
                <Word id="r2l13_w4" custom="readingOrder {index:3;}">
                    <Coords points="1518,1442 1518,1502 1689,1502 1689,1442"/>
                    <TextEquiv>
                        <Unicode>Pietz</Unicode>
                    </TextEquiv>
                </Word>
                <Word id="r2l13_w5" custom="readingOrder {index:4;}">
                    <Coords points="1716,1436 1716,1496 1808,1496 1808,1436"/>
                    <TextEquiv>
                        <Unicode>habe</Unicode>
                    </TextEquiv>
                </Word>
                <Word id="r2l13_w6" custom="readingOrder {index:5;}">
                    <Coords points="1834,1429 1834,1489 1912,1489 1912,1429"/>
                    <TextEquiv>
                        <Unicode>von</Unicode>
                    </TextEquiv>
                </Word>
                <TextEquiv>
                    <Unicode>Samuel Baothper Herrschafft Pietz habe von</Unicode>
                </TextEquiv>
            </TextLine>
            <TextLine id="r2l14" custom="readingOrder {index:13;}">
                <Coords points="768,1599 1407,1569 1465,1617 1642,1572 1817,1611 1881,1558 1985,1576 1984,1505 1688,1483 1529,1547 1472,1500 1275,1535 1213,1499 1049,1554 935,1486 767,1528"/>
                <Baseline points="776,1578 836,1578 896,1578 956,1578 1016,1578 1076,1577 1136,1577 1196,1577 1256,1575 1316,1575 1376,1574 1436,1572 1496,1571 1556,1569 1616,1567 1676,1565 1736,1562 1796,1559 1856,1556 1916,1553 1976,1548"/>
                <Word id="r2l14_w1" custom="readingOrder {index:0;}">
                    <Coords points="768,1538 768,1598 979,1598 979,1538"/>
                    <TextEquiv>
                        <Unicode>Mngdge</Unicode>
                    </TextEquiv>
                </Word>
                <Word id="r2l14_w2" custom="readingOrder {index:1;}">
                    <Coords points="1016,1537 1016,1597 1263,1597 1263,1537"/>
                    <TextEquiv>
                        <Unicode>ngehalten,</Unicode>
                    </TextEquiv>
                </Word>
                <Word id="r2l14_w3" custom="readingOrder {index:2;}">
                    <Coords points="1287,1534 1287,1594 1381,1594 1381,1534"/>
                    <TextEquiv>
                        <Unicode>daß</Unicode>
                    </TextEquiv>
                </Word>
                <Word id="r2l14_w4" custom="readingOrder {index:3;}">
                    <Coords points="1440,1529 1440,1589 1641,1589 1641,1529"/>
                    <TextEquiv>
                        <Unicode>dieselben</Unicode>
                    </TextEquiv>
                </Word>
                <Word id="r2l14_w5" custom="readingOrder {index:4;}">
                    <Coords points="1676,1523 1676,1583 1747,1583 1747,1523"/>
                    <TextEquiv>
                        <Unicode>die</Unicode>
                    </TextEquiv>
                </Word>
                <Word id="r2l14_w6" custom="readingOrder {index:5;}">
                    <Coords points="1770,1516 1770,1576 1935,1576 1935,1516"/>
                    <TextEquiv>
                        <Unicode>Müschon</Unicode>
                    </TextEquiv>
                </Word>
                <TextEquiv>
                    <Unicode>Mngdge ngehalten, daß dieselben die Müschon</Unicode>
                </TextEquiv>
            </TextLine>
            <TextLine id="r2l15" custom="readingOrder {index:14;}">
                <Coords points="771,1716 856,1666 1246,1660 1334,1724 1419,1663 1902,1656 1951,1603 1620,1628 1533,1578 1434,1622 1360,1570 1278,1610 1113,1579 1037,1646 969,1608 769,1642"/>
                <Baseline points="779,1665 837,1665 895,1665 953,1665 1011,1665 1070,1664 1128,1664 1186,1664 1244,1662 1302,1661 1361,1659 1419,1659 1477,1657 1535,1655 1593,1653 1652,1652 1710,1649 1768,1647 1826,1644 1884,1641 1943,1638"/>
                <Word id="r2l15_w1" custom="readingOrder {index:0;}">
                    <Coords points="790,1625 790,1685 896,1685 896,1625"/>
                    <TextEquiv>
                        <Unicode>ihme</Unicode>
                    </TextEquiv>
                </Word>
                <Word id="r2l15_w2" custom="readingOrder {index:1;}">
                    <Coords points="937,1625 937,1685 1033,1685 1033,1625"/>
                    <TextEquiv>
                        <Unicode>undt</Unicode>
                    </TextEquiv>
                </Word>
                <Word id="r2l15_w3" custom="readingOrder {index:2;}">
                    <Coords points="1053,1624 1053,1684 1116,1684 1116,1624"/>
                    <TextEquiv>
                        <Unicode>der</Unicode>
                    </TextEquiv>
                </Word>
                <Word id="r2l15_w4" custom="readingOrder {index:3;}">
                    <Coords points="1138,1623 1138,1683 1244,1683 1244,1623"/>
                    <TextEquiv>
                        <Unicode>Catii</Unicode>
                    </TextEquiv>
                </Word>
                <Word id="r2l15_w5" custom="readingOrder {index:4;}">
                    <Coords points="1275,1619 1275,1679 1433,1679 1433,1619"/>
                    <TextEquiv>
                        <Unicode>Mägel</Unicode>
                    </TextEquiv>
                </Word>
                <Word id="r2l15_w6" custom="readingOrder {index:5;}">
                    <Coords points="1475,1612 1475,1672 1750,1672 1750,1612"/>
                    <TextEquiv>
                        <Unicode>vorgangen</Unicode>
                    </TextEquiv>
                </Word>
                <Word id="r2l15_w7" custom="readingOrder {index:6;}">
                    <Coords points="1813,1600 1813,1660 1962,1660 1962,1600"/>
                    <TextEquiv>
                        <Unicode>ehr¬</Unicode>
                    </TextEquiv>
                </Word>
                <TextEquiv>
                    <Unicode>ihme undt der Catii Mägel vorgangen ehr¬</Unicode>
                </TextEquiv>
            </TextLine>
            <TextLine id="r2l16" custom="readingOrder {index:15;}">
                <Coords points="768,1797 919,1817 1193,1752 1319,1791 1369,1741 1512,1735 1942,1766 1939,1673 1874,1654 1521,1699 1422,1669 1337,1724 1244,1673 1165,1733 861,1666 766,1723"/>
                <Baseline points="776,1761 833,1760 891,1758 949,1757 1007,1755 1064,1754 1122,1753 1180,1752 1238,1751 1295,1749 1353,1746 1411,1745 1469,1743 1526,1742 1584,1739 1642,1737 1700,1734 1757,1731 1815,1728 1873,1725 1931,1721"/>
                <Word id="r2l16_w1" custom="readingOrder {index:0;}">
                    <Coords points="806,1717 806,1777 1085,1777 1085,1717"/>
                    <TextEquiv>
                        <Unicode>versphrechung,</Unicode>
                    </TextEquiv>
                </Word>
                <Word id="r2l16_w2" custom="readingOrder {index:1;}">
                    <Coords points="1110,1712 1110,1772 1149,1772 1149,1712"/>
                    <TextEquiv>
                        <Unicode>in</Unicode>
                    </TextEquiv>
                </Word>
                <Word id="r2l16_w3" custom="readingOrder {index:2;}">
                    <Coords points="1187,1710 1187,1770 1301,1770 1301,1710"/>
                    <TextEquiv>
                        <Unicode>demme</Unicode>
                    </TextEquiv>
                </Word>
                <Word id="r2l16_w4" custom="readingOrder {index:3;}">
                    <Coords points="1353,1704 1353,1764 1493,1764 1493,1704"/>
                    <TextEquiv>
                        <Unicode>beyde</Unicode>
                    </TextEquiv>
                </Word>
                <Word id="r2l16_w5" custom="readingOrder {index:4;}">
                    <Coords points="1531,1699 1531,1759 1633,1759 1633,1699"/>
                    <TextEquiv>
                        <Unicode>laut</Unicode>
                    </TextEquiv>
                </Word>
                <Word id="r2l16_w6" custom="readingOrder {index:5;}">
                    <Coords points="1684,1687 1684,1747 1952,1747 1952,1687"/>
                    <TextEquiv>
                        <Unicode>Attestati¬</Unicode>
                    </TextEquiv>
                </Word>
                <TextEquiv>
                    <Unicode>versphrechung, in demme beyde laut Attestati¬</Unicode>
                </TextEquiv>
            </TextLine>
            <TextLine id="r2l17" custom="readingOrder {index:16;}">
                <Coords points="756,1873 858,1845 980,1897 1037,1852 1268,1834 1556,1877 1674,1844 1727,1882 1951,1808 1950,1761 1856,1788 1512,1737 1374,1743 1319,1791 1195,1752 926,1816 754,1792"/>
                <Baseline points="764,1851 826,1850 888,1848 950,1846 1012,1844 1074,1842 1136,1841 1198,1839 1260,1836 1322,1835 1384,1833 1446,1832 1508,1829 1570,1828 1632,1826 1694,1823 1756,1821 1818,1818 1880,1816 1943,1814"/>
                <Word id="r2l17_w1" custom="readingOrder {index:0;}">
                    <Coords points="782,1809 782,1869 885,1869 885,1809"/>
                    <TextEquiv>
                        <Unicode>Von</Unicode>
                    </TextEquiv>
                </Word>
                <Word id="r2l17_w2" custom="readingOrder {index:1;}">
                    <Coords points="923,1805 923,1865 1001,1865 1001,1805"/>
                    <TextEquiv>
                        <Unicode>H.</Unicode>
                    </TextEquiv>
                </Word>
                <Word id="r2l17_w3" custom="readingOrder {index:2;}">
                    <Coords points="1028,1801 1028,1861 1195,1861 1195,1801"/>
                    <TextEquiv>
                        <Unicode>helffer</Unicode>
                    </TextEquiv>
                </Word>
                <Word id="r2l17_w4" custom="readingOrder {index:3;}">
                    <Coords points="1222,1795 1222,1855 1364,1855 1364,1795"/>
                    <TextEquiv>
                        <Unicode>dünki</Unicode>
                    </TextEquiv>
                </Word>
                <Word id="r2l17_w5" custom="readingOrder {index:4;}">
                    <Coords points="1389,1789 1389,1849 1611,1849 1611,1789"/>
                    <TextEquiv>
                        <Unicode>freywillig</Unicode>
                    </TextEquiv>
                </Word>
                <Word id="r2l17_w6" custom="readingOrder {index:5;}">
                    <Coords points="1636,1783 1636,1843 1727,1843 1727,1783"/>
                    <TextEquiv>
                        <Unicode>von</Unicode>
                    </TextEquiv>
                </Word>
                <Word id="r2l17_w7" custom="readingOrder {index:6;}">
                    <Coords points="1752,1778 1752,1838 1856,1838 1856,1778"/>
                    <TextEquiv>
                        <Unicode>Eine</Unicode>
                    </TextEquiv>
                </Word>
                <TextEquiv>
                    <Unicode>Von H. helffer dünki freywillig von Eine</Unicode>
                </TextEquiv>
            </TextLine>
            <TextLine id="r2l18" custom="readingOrder {index:17;}">
                <Coords points="762,1940 863,1932 958,1995 1060,1929 1220,1962 1587,1932 1640,1979 1908,1917 1906,1855 1852,1843 1726,1884 1605,1843 1560,1877 1220,1841 1173,1882 1038,1852 980,1897 760,1874"/>
                <Baseline points="770,1934 826,1932 882,1931 939,1931 995,1931 1052,1931 1108,1931 1164,1931 1221,1931 1277,1931 1334,1929 1390,1929 1446,1928 1503,1926 1559,1925 1616,1922 1672,1919 1728,1914 1785,1909 1841,1903 1898,1896"/>
                <Word id="r2l18_w1" custom="readingOrder {index:0;}">
                    <Coords points="775,1891 775,1951 901,1951 901,1891"/>
                    <TextEquiv>
                        <Unicode>ander</Unicode>
                    </TextEquiv>
                </Word>
                <Word id="r2l18_w2" custom="readingOrder {index:1;}">
                    <Coords points="939,1891 939,1951 1244,1951 1244,1891"/>
                    <TextEquiv>
                        <Unicode>abgestanden,</Unicode>
                    </TextEquiv>
                </Word>
                <Word id="r2l18_w3" custom="readingOrder {index:2;}">
                    <Coords points="1269,1889 1269,1949 1421,1949 1421,1889"/>
                    <TextEquiv>
                        <Unicode>welches</Unicode>
                    </TextEquiv>
                </Word>
                <Word id="r2l18_w4" custom="readingOrder {index:3;}">
                    <Coords points="1460,1886 1460,1946 1523,1946 1523,1886"/>
                    <TextEquiv>
                        <Unicode>die</Unicode>
                    </TextEquiv>
                </Word>
                <Word id="r2l18_w5" custom="readingOrder {index:4;}">
                    <Coords points="1575,1879 1575,1939 1764,1939 1764,1879"/>
                    <TextEquiv>
                        <Unicode>Wägel.</Unicode>
                    </TextEquiv>
                </Word>
                <Word id="r2l18_w6" custom="readingOrder {index:5;}">
                    <Coords points="1789,1863 1789,1923 1878,1923 1878,1863"/>
                    <TextEquiv>
                        <Unicode>aber</Unicode>
                    </TextEquiv>
                </Word>
                <TextEquiv>
                    <Unicode>ander abgestanden, welches die Wägel. aber</Unicode>
                </TextEquiv>
            </TextLine>
            <TextLine id="r2l19" custom="readingOrder {index:18;}">
                <Coords points="780,2049 986,2013 1107,2077 1232,2030 1357,2084 1484,2025 1727,2013 1804,2053 1917,1998 1915,1931 1849,1915 1659,1989 1587,1932 1267,1998 1150,1943 960,1994 777,1947"/>
                <Baseline points="788,2018 844,2019 900,2021 956,2021 1012,2022 1068,2023 1124,2024 1180,2024 1236,2024 1292,2024 1348,2022 1404,2022 1460,2021 1516,2018 1572,2016 1628,2013 1684,2009 1740,2004 1796,1999 1852,1993 1908,1986"/>
                <Word id="r2l19_w1" custom="readingOrder {index:0;}">
                    <Coords points="780,1980 780,2040 1005,2040 1005,1980"/>
                    <TextEquiv>
                        <Unicode>laugnet.</Unicode>
                    </TextEquiv>
                </Word>
                <Word id="r2l19_w2" custom="readingOrder {index:1;}">
                    <Coords points="1035,1983 1035,2043 1176,2043 1176,1983"/>
                    <TextEquiv>
                        <Unicode>Doror</Unicode>
                    </TextEquiv>
                </Word>
                <Word id="r2l19_w3" custom="readingOrder {index:2;}">
                    <Coords points="1190,1984 1190,2044 1260,2044 1260,1984"/>
                    <TextEquiv>
                        <Unicode>Min</Unicode>
                    </TextEquiv>
                </Word>
                <Word id="r2l19_w4" custom="readingOrder {index:3;}">
                    <Coords points="1274,1982 1274,2042 1387,2042 1387,1982"/>
                    <TextEquiv>
                        <Unicode>gnädigen</Unicode>
                    </TextEquiv>
                </Word>
                <Word id="r2l19_w5" custom="readingOrder {index:4;}">
                    <Coords points="1401,1981 1401,2041 1501,2041 1501,1981"/>
                    <TextEquiv>
                        <Unicode>Herre</Unicode>
                    </TextEquiv>
                </Word>
                <Word id="r2l19_w6" custom="readingOrder {index:5;}">
                    <Coords points="1529,1977 1529,2037 1558,2037 1558,1977"/>
                    <TextEquiv>
                        <Unicode>n</Unicode>
                    </TextEquiv>
                </Word>
                <Word id="r2l19_w7" custom="readingOrder {index:6;}">
                    <Coords points="1572,1974 1572,2034 1642,2034 1642,1974"/>
                    <TextEquiv>
                        <Unicode>Min</Unicode>
                    </TextEquiv>
                </Word>
                <Word id="r2l19_w8" custom="readingOrder {index:7;}">
                    <Coords points="1656,1966 1656,2026 1770,2026 1770,1966"/>
                    <TextEquiv>
                        <Unicode>gnädigen</Unicode>
                    </TextEquiv>
                </Word>
                <Word id="r2l19_w9" custom="readingOrder {index:8;}">
                    <Coords points="1783,1953 1783,2013 1911,2013 1911,1953"/>
                    <TextEquiv>
                        <Unicode>Herrn</Unicode>
                    </TextEquiv>
                </Word>
                <TextEquiv>
                    <Unicode>laugnet. Doror Min gnädigen Herre n Min gnädigen Herrn</Unicode>
                </TextEquiv>
            </TextLine>
            <TextLine id="r2l20" custom="readingOrder {index:19;}">
                <Coords points="771,2137 1377,2105 1492,2141 1949,2062 1947,2021 1779,2059 1724,2016 1663,2051 1513,2011 1427,2076 1191,2033 1108,2079 985,2013 900,2093 770,2087"/>
                <Baseline points="780,2118 838,2117 896,2115 954,2114 1012,2114 1070,2114 1128,2112 1186,2112 1244,2112 1302,2112 1360,2111 1418,2111 1476,2109 1534,2106 1592,2104 1650,2100 1708,2096 1766,2090 1824,2084 1882,2076 1941,2067"/>
                <Word id="r2l20_w1" custom="readingOrder {index:0;}">
                    <Coords points="782,2074 782,2134 1052,2134 1052,2074"/>
                    <TextEquiv>
                        <Unicode>freundtlich</Unicode>
                    </TextEquiv>
                </Word>
                <Word id="r2l20_w2" custom="readingOrder {index:1;}">
                    <Coords points="1087,2072 1087,2132 1370,2132 1370,2072"/>
                    <TextEquiv>
                        <Unicode>auffgetragen</Unicode>
                    </TextEquiv>
                </Word>
                <Word id="r2l20_w3" custom="readingOrder {index:2;}">
                    <Coords points="1404,2069 1404,2129 1528,2129 1528,2069"/>
                    <TextEquiv>
                        <Unicode>haben</Unicode>
                    </TextEquiv>
                </Word>
                <Word id="r2l20_w4" custom="readingOrder {index:3;}">
                    <Coords points="1550,2059 1550,2119 1754,2119 1754,2059"/>
                    <TextEquiv>
                        <Unicode>wollindt</Unicode>
                    </TextEquiv>
                </Word>
                <Word id="r2l20_w5" custom="readingOrder {index:4;}">
                    <Coords points="1800,2040 1800,2100 1901,2100 1901,2040"/>
                    <TextEquiv>
                        <Unicode>war</Unicode>
                    </TextEquiv>
                </Word>
                <TextEquiv>
                    <Unicode>freundtlich auffgetragen haben wollindt war</Unicode>
                </TextEquiv>
            </TextLine>
            <TextLine id="r2l21" custom="readingOrder {index:20;}">
                <Coords points="769,2255 989,2197 1080,2264 1148,2202 1960,2178 1959,2125 1857,2096 1706,2148 1610,2110 1485,2153 1317,2125 1244,2175 1134,2112 1074,2155 767,2148"/>
                <Baseline points="776,2207 834,2204 893,2202 952,2200 1011,2199 1070,2198 1128,2198 1187,2198 1246,2198 1305,2198 1364,2196 1422,2196 1481,2196 1540,2195 1599,2193 1658,2190 1716,2188 1775,2184 1834,2180 1893,2175 1952,2168"/>
                <Word id="r2l21_w1" custom="readingOrder {index:0;}">
                    <Coords points="769,2164 769,2224 877,2224 877,2164"/>
                    <TextEquiv>
                        <Unicode>Ihnen</Unicode>
                    </TextEquiv>
                </Word>
                <Word id="r2l21_w2" custom="readingOrder {index:1;}">
                    <Coords points="925,2159 925,2219 998,2219 998,2159"/>
                    <TextEquiv>
                        <Unicode>diß</Unicode>
                    </TextEquiv>
                </Word>
                <Word id="r2l21_w3" custom="readingOrder {index:2;}">
                    <Coords points="1047,2158 1047,2218 1168,2218 1168,2158"/>
                    <TextEquiv>
                        <Unicode>Tolhs</Unicode>
                    </TextEquiv>
                </Word>
                <Word id="r2l21_w4" custom="readingOrder {index:3;}">
                    <Coords points="1192,2158 1192,2218 1228,2218 1228,2158"/>
                    <TextEquiv>
                        <Unicode>in</Unicode>
                    </TextEquiv>
                </Word>
                <Word id="r2l21_w5" custom="readingOrder {index:4;}">
                    <Coords points="1265,2156 1265,2216 1508,2216 1508,2156"/>
                    <TextEquiv>
                        <Unicode>lüßen,</Unicode>
                    </TextEquiv>
                </Word>
                <Word id="r2l21_w6" custom="readingOrder {index:5;}">
                    <Coords points="1532,2154 1532,2214 1604,2214 1604,2154"/>
                    <TextEquiv>
                        <Unicode>den</Unicode>
                    </TextEquiv>
                </Word>
                <Word id="r2l21_w7" custom="readingOrder {index:6;}">
                    <Coords points="1642,2143 1642,2203 1920,2203 1920,2143"/>
                    <TextEquiv>
                        <Unicode>umbständt</Unicode>
                    </TextEquiv>
                </Word>
                <TextEquiv>
                    <Unicode>Ihnen diß Tolhs in lüßen, den umbständt</Unicode>
                </TextEquiv>
            </TextLine>
            <TextLine id="r2l22" custom="readingOrder {index:21;}">
                <Coords points="766,2301 942,2300 1019,2350 1249,2293 1544,2347 1684,2276 1847,2338 1946,2277 1945,2225 1348,2189 1081,2264 964,2203 764,2253"/>
                <Baseline points="774,2295 832,2294 890,2292 948,2291 1006,2291 1064,2289 1122,2289 1181,2289 1239,2288 1297,2288 1355,2288 1413,2286 1471,2286 1529,2285 1588,2283 1646,2280 1704,2277 1762,2274 1820,2270 1878,2264 1937,2259"/>
                <Word id="r2l22_w1" custom="readingOrder {index:0;}">
                    <Coords points="767,2253 767,2313 909,2313 909,2253"/>
                    <TextEquiv>
                        <Unicode>lichen</Unicode>
                    </TextEquiv>
                </Word>
                <Word id="r2l22_w2" custom="readingOrder {index:1;}">
                    <Coords points="965,2249 965,2309 1134,2309 1134,2249"/>
                    <TextEquiv>
                        <Unicode>bericht</Unicode>
                    </TextEquiv>
                </Word>
                <Word id="r2l22_w3" custom="readingOrder {index:2;}">
                    <Coords points="1148,2246 1148,2306 1671,2306 1671,2246"/>
                    <TextEquiv>
                        <Unicode>auffdechstkünfftigen</Unicode>
                    </TextEquiv>
                </Word>
                <Word id="r2l22_w4" custom="readingOrder {index:3;}">
                    <Coords points="1715,2229 1715,2289 1926,2289 1926,2229"/>
                    <TextEquiv>
                        <Unicode>Montag</Unicode>
                    </TextEquiv>
                </Word>
                <TextEquiv>
                    <Unicode>lichen bericht auffdechstkünfftigen Montag</Unicode>
                </TextEquiv>
            </TextLine>
            <TextLine id="r2l23" custom="readingOrder {index:22;}">
                <Coords points="759,2449 926,2409 971,2454 1018,2436 1044,2460 1136,2397 1304,2448 1303,2353 1236,2352 1180,2309 1031,2357 937,2299 844,2317 797,2291 758,2312"/>
                <Baseline points="767,2399 793,2397 819,2396 846,2394 872,2393 899,2391 925,2390 951,2390 978,2388 1004,2388 1031,2387 1057,2387 1083,2387 1110,2387 1136,2387 1163,2388 1189,2389 1215,2391 1242,2393 1268,2394 1295,2397"/>
                <Word id="r2l23_w1" custom="readingOrder {index:0;}">
                    <Coords points="779,2353 779,2413 941,2413 941,2353"/>
                    <TextEquiv>
                        <Unicode>Mohls</Unicode>
                    </TextEquiv>
                </Word>
                <Word id="r2l23_w2" custom="readingOrder {index:1;}">
                    <Coords points="957,2347 957,2407 1314,2407 1314,2347"/>
                    <TextEquiv>
                        <Unicode>einzusenden.</Unicode>
                    </TextEquiv>
                </Word>
                <TextEquiv>
                    <Unicode>Mohls einzusenden.</Unicode>
                </TextEquiv>
            </TextLine>
            <TextEquiv>
                <Unicode></Unicode>
            </TextEquiv>
        </TextRegion>
        <TextRegion orientation="0.0" id="r3" custom="readingOrder {index:2;}">
            <Coords points="2049,260 2049,2584 3636,2584 3636,260"/>
            <TextLine id="r3l1" custom="readingOrder {index:0;}">
                <Coords points="3532,312 3563,312 3568,318 3582,314 3588,321 3598,315 3602,319 3639,319 3644,252 3636,251 3622,234 3606,233 3586,243 3578,239 3565,249 3538,239"/>
                <Baseline points="3542,300 3572,300 3602,304 3632,306"/>
                <Word id="r3l1_w1" custom="readingOrder {index:0;}">
                    <Coords points="3542,263 3542,323 3654,323 3654,263"/>
                    <TextEquiv>
                        <Unicode>6ite.</Unicode>
                    </TextEquiv>
                </Word>
                <TextEquiv>
                    <Unicode>6ite.</Unicode>
                </TextEquiv>
            </TextLine>
            <TextLine id="r3l2" custom="readingOrder {index:1;}">
                <Coords points="2356,429 2459,452 2566,370 2866,381 2956,440 3244,372 3379,429 3434,379 3622,403 3622,349 3304,285 3240,332 3159,288 2945,328 2354,275"/>
                <Baseline points="2363,392 2425,387 2488,384 2550,380 2613,377 2675,375 2738,374 2800,372 2863,371 2925,371 2988,369 3051,369 3113,369 3176,369 3238,371 3301,371 3363,372 3426,372 3488,374 3551,374 3614,375"/>
                <Word id="r3l2_w1" custom="readingOrder {index:0;}">
                    <Coords points="2374,345 2374,405 2531,405 2531,345"/>
                    <TextEquiv>
                        <Unicode>Pallj.</Unicode>
                    </TextEquiv>
                </Word>
                <Word id="r3l2_w2" custom="readingOrder {index:1;}">
                    <Coords points="2563,338 2563,398 2610,398 2610,338"/>
                    <TextEquiv>
                        <Unicode>Er</Unicode>
                    </TextEquiv>
                </Word>
                <Word id="r3l2_w3" custom="readingOrder {index:2;}">
                    <Coords points="2640,334 2640,394 2750,394 2750,334"/>
                    <TextEquiv>
                        <Unicode>Stod</Unicode>
                    </TextEquiv>
                </Word>
                <Word id="r3l2_w4" custom="readingOrder {index:3;}">
                    <Coords points="2829,331 2829,391 2893,391 2893,331"/>
                    <TextEquiv>
                        <Unicode>nen</Unicode>
                    </TextEquiv>
                </Word>
                <Word id="r3l2_w5" custom="readingOrder {index:4;}">
                    <Coords points="2908,330 2908,390 3003,390 3003,330"/>
                    <TextEquiv>
                        <Unicode>nien</Unicode>
                    </TextEquiv>
                </Word>
                <Word id="r3l2_w6" custom="readingOrder {index:5;}">
                    <Coords points="3018,329 3018,389 3113,389 3113,329"/>
                    <TextEquiv>
                        <Unicode>Hrer</Unicode>
                    </TextEquiv>
                </Word>
                <Word id="r3l2_w7" custom="readingOrder {index:6;}">
                    <Coords points="3128,329 3128,389 3269,389 3269,329"/>
                    <TextEquiv>
                        <Unicode>rfnet</Unicode>
                    </TextEquiv>
                </Word>
                <Word id="r3l2_w8" custom="readingOrder {index:7;}">
                    <Coords points="3284,331 3284,391 3348,391 3348,331"/>
                    <TextEquiv>
                        <Unicode>wie</Unicode>
                    </TextEquiv>
                </Word>
                <Word id="r3l2_w9" custom="readingOrder {index:8;}">
                    <Coords points="3363,332 3363,392 3427,392 3427,332"/>
                    <TextEquiv>
                        <Unicode>daß</Unicode>
                    </TextEquiv>
                </Word>
                <Word id="r3l2_w10" custom="readingOrder {index:9;}">
                    <Coords points="3473,334 3473,394 3632,394 3632,334"/>
                    <TextEquiv>
                        <Unicode>Made¬</Unicode>
                    </TextEquiv>
                </Word>
                <TextEquiv>
                    <Unicode>Pallj. Er Stod nen nien Hrer rfnet wie daß Made¬</Unicode>
                </TextEquiv>
            </TextLine>
            <TextLine id="r3l3" custom="readingOrder {index:2;}">
                <Coords points="2413,496 2572,502 2611,465 2707,532 2927,455 3483,483 3523,422 3279,390 2959,443 2866,382 2599,375 2412,457"/>
                <Baseline points="2421,474 2475,471 2530,468 2585,467 2639,465 2694,462 2749,462 2803,461 2858,459 2913,458 2968,458 3022,457 3077,456 3132,456 3186,455 3241,455 3296,453 3350,453 3405,452 3460,450 3515,449"/>
                <Word id="r3l3_w1" custom="readingOrder {index:0;}">
                    <Coords points="2414,431 2414,491 2528,491 2528,431"/>
                    <TextEquiv>
                        <Unicode>laine</Unicode>
                    </TextEquiv>
                </Word>
                <Word id="r3l3_w2" custom="readingOrder {index:1;}">
                    <Coords points="2553,427 2553,487 2592,487 2592,427"/>
                    <TextEquiv>
                        <Unicode>de</Unicode>
                    </TextEquiv>
                </Word>
                <Word id="r3l3_w3" custom="readingOrder {index:2;}">
                    <Coords points="2617,423 2617,483 2718,483 2718,423"/>
                    <TextEquiv>
                        <Unicode>Ville</Unicode>
                    </TextEquiv>
                </Word>
                <Word id="r3l3_w4" custom="readingOrder {index:3;}">
                    <Coords points="2757,421 2757,481 2808,481 2808,421"/>
                    <TextEquiv>
                        <Unicode>Ihr</Unicode>
                    </TextEquiv>
                </Word>
                <Word id="r3l3_w5" custom="readingOrder {index:4;}">
                    <Coords points="2858,418 2858,478 3075,478 3075,418"/>
                    <TextEquiv>
                        <Unicode>angehörige</Unicode>
                    </TextEquiv>
                </Word>
                <Word id="r3l3_w6" custom="readingOrder {index:5;}">
                    <Coords points="3113,413 3113,473 3507,473 3507,413"/>
                    <TextEquiv>
                        <Unicode>nidergnugsammer</Unicode>
                    </TextEquiv>
                </Word>
                <TextEquiv>
                    <Unicode>laine de Ville Ihr angehörige nidergnugsammer</Unicode>
                </TextEquiv>
            </TextLine>
            <TextLine id="r3l4" custom="readingOrder {index:3;}">
                <Coords points="2076,526 2140,514 2189,535 2279,506 2343,550 2396,566 2391,452 2367,455 2329,428 2270,415 2250,428 2209,419 2132,458 2071,428"/>
                <Baseline points="2084,518 2109,513 2134,510 2159,507 2184,505 2209,503 2234,501 2259,501 2284,501 2309,500 2334,501 2359,501 2384,503"/>
                <Word id="r3l4_w1" custom="readingOrder {index:0;}">
                    <Coords points="2082,474 2082,534 2118,534 2118,474"/>
                    <TextEquiv>
                        <Unicode>de</Unicode>
                    </TextEquiv>
                </Word>
                <Word id="r3l4_w2" custom="readingOrder {index:1;}">
                    <Coords points="2129,465 2129,525 2221,525 2221,465"/>
                    <TextEquiv>
                        <Unicode>Ville</Unicode>
                    </TextEquiv>
                </Word>
                <Word id="r3l4_w3" custom="readingOrder {index:2;}">
                    <Coords points="2244,460 2244,520 2393,520 2393,460"/>
                    <TextEquiv>
                        <Unicode>Madelaine</Unicode>
                    </TextEquiv>
                </Word>
                <TextEquiv>
                    <Unicode>de Ville Madelaine</Unicode>
                </TextEquiv>
            </TextLine>
            <TextLine id="r3l5" custom="readingOrder {index:4;}">
                <Coords points="2405,559 2828,548 2979,598 3096,543 3548,561 3547,492 3318,460 3114,495 2926,455 2840,517 2779,481 2721,525 2631,465 2502,513 2405,483"/>
                <Baseline points="2414,546 2470,546 2526,548 2582,548 2639,548 2695,548 2751,548 2807,548 2864,548 2920,548 2976,548 3032,546 3089,546 3145,545 3201,543 3257,542 3314,541 3370,540 3426,538 3482,537 3539,534"/>
                <Word id="r3l5_w1" custom="readingOrder {index:0;}">
                    <Coords points="2405,508 2405,568 2663,568 2663,508"/>
                    <TextEquiv>
                        <Unicode>ramination</Unicode>
                    </TextEquiv>
                </Word>
                <Word id="r3l5_w2" custom="readingOrder {index:1;}">
                    <Coords points="2728,508 2728,568 2792,568 2792,508"/>
                    <TextEquiv>
                        <Unicode>zum</Unicode>
                    </TextEquiv>
                </Word>
                <Word id="r3l5_w3" custom="readingOrder {index:2;}">
                    <Coords points="2846,508 2846,568 2986,568 2986,508"/>
                    <TextEquiv>
                        <Unicode>Vatter</Unicode>
                    </TextEquiv>
                </Word>
                <Word id="r3l5_w4" custom="readingOrder {index:3;}">
                    <Coords points="3007,506 3007,566 3073,566 3073,506"/>
                    <TextEquiv>
                        <Unicode>Ihre</Unicode>
                    </TextEquiv>
                </Word>
                <Word id="r3l5_w5" custom="readingOrder {index:4;}">
                    <Coords points="3105,505 3105,565 3169,565 3169,505"/>
                    <TextEquiv>
                        <Unicode>zur</Unicode>
                    </TextEquiv>
                </Word>
                <Word id="r3l5_w6" custom="readingOrder {index:5;}">
                    <Coords points="3190,500 3190,560 3492,560 3492,500"/>
                    <TextEquiv>
                        <Unicode>Weltgebohren</Unicode>
                    </TextEquiv>
                </Word>
                <TextEquiv>
                    <Unicode>ramination zum Vatter Ihre zur Weltgebohren</Unicode>
                </TextEquiv>
            </TextLine>
            <TextLine id="r3l6" custom="readingOrder {index:5;}">
                <Coords points="2408,637 2510,627 2655,690 2767,635 3511,631 3511,565 3397,547 3010,567 2974,603 2736,550 2615,609 2494,551 2408,561"/>
                <Baseline points="2417,624 2471,626 2525,627 2579,629 2634,629 2688,630 2742,630 2797,630 2851,630 2905,630 2960,630 3014,629 3068,629 3122,629 3177,627 3231,627 3285,626 3340,626 3394,626 3448,624 3503,624"/>
                <Word id="r3l6_w1" custom="readingOrder {index:0;}">
                    <Coords points="2408,585 2408,645 2507,645 2507,585"/>
                    <TextEquiv>
                        <Unicode>Kindts</Unicode>
                    </TextEquiv>
                </Word>
                <Word id="r3l6_w2" custom="readingOrder {index:1;}">
                    <Coords points="2528,589 2528,649 2837,649 2837,589"/>
                    <TextEquiv>
                        <Unicode>ernambsetenen</Unicode>
                    </TextEquiv>
                </Word>
                <Word id="r3l6_w3" custom="readingOrder {index:2;}">
                    <Coords points="2870,589 2870,649 3256,649 3256,589"/>
                    <TextEquiv>
                        <Unicode>Satvarnahmens</Unicode>
                    </TextEquiv>
                </Word>
                <Word id="r3l6_w4" custom="readingOrder {index:3;}">
                    <Coords points="3289,586 3289,646 3443,646 3443,586"/>
                    <TextEquiv>
                        <Unicode>Extienne</Unicode>
                    </TextEquiv>
                </Word>
                <TextEquiv>
                    <Unicode>Kindts ernambsetenen Satvarnahmens Extienne</Unicode>
                </TextEquiv>
            </TextLine>
            <TextLine id="r3l7" custom="readingOrder {index:6;}">
                <Coords points="2051,708 2124,670 2156,685 2181,669 2210,681 2233,668 2358,690 2399,682 2393,601 2366,619 2319,584 2102,600 2046,637"/>
                <Baseline points="2057,674 2082,669 2107,664 2133,660 2158,657 2183,654 2209,652 2234,650 2260,648 2285,648 2310,647 2336,647 2361,648 2387,648"/>
                <Word id="r3l7_w1" custom="readingOrder {index:0;}">
                    <Coords points="2054,618 2054,678 2245,678 2245,618"/>
                    <TextEquiv>
                        <Unicode>Monachon</Unicode>
                    </TextEquiv>
                </Word>
                <Word id="r3l7_w2" custom="readingOrder {index:1;}">
                    <Coords points="2264,607 2264,667 2409,667 2409,607"/>
                    <TextEquiv>
                        <Unicode>Estient.</Unicode>
                    </TextEquiv>
                </Word>
                <TextEquiv>
                    <Unicode>Monachon Estient.</Unicode>
                </TextEquiv>
            </TextLine>
            <TextLine id="r3l8" custom="readingOrder {index:7;}">
                <Coords points="2367,730 2759,710 3208,779 3304,721 3463,774 3635,715 3635,663 3243,634 3190,671 2715,639 2657,689 2584,643 2367,657"/>
                <Baseline points="2375,716 2437,714 2500,714 2562,714 2625,714 2687,714 2750,714 2812,715 2875,716 2937,716 3000,716 3063,716 3125,716 3188,716 3250,716 3313,714 3375,714 3438,713 3500,711 3563,710 3626,707"/>
                <Word id="r3l8_w1" custom="readingOrder {index:0;}">
                    <Coords points="2379,674 2379,734 2599,734 2599,674"/>
                    <TextEquiv>
                        <Unicode>Monachon</Unicode>
                    </TextEquiv>
                </Word>
                <Word id="r3l8_w2" custom="readingOrder {index:1;}">
                    <Coords points="2658,674 2658,734 2866,734 2866,674"/>
                    <TextEquiv>
                        <Unicode>wohnhafft</Unicode>
                    </TextEquiv>
                </Word>
                <Word id="r3l8_w3" custom="readingOrder {index:2;}">
                    <Coords points="2889,676 2889,736 2913,736 2913,676"/>
                    <TextEquiv>
                        <Unicode>zu</Unicode>
                    </TextEquiv>
                </Word>
                <Word id="r3l8_w4" custom="readingOrder {index:3;}">
                    <Coords points="2936,676 2936,736 3156,736 3156,676"/>
                    <TextEquiv>
                        <Unicode>Lausasmne,</Unicode>
                    </TextEquiv>
                </Word>
                <Word id="r3l8_w5" custom="readingOrder {index:4;}">
                    <Coords points="3179,676 3179,736 3319,736 3319,676"/>
                    <TextEquiv>
                        <Unicode>welcher</Unicode>
                    </TextEquiv>
                </Word>
                <Word id="r3l8_w6" custom="readingOrder {index:5;}">
                    <Coords points="3342,673 3342,733 3423,733 3423,673"/>
                    <TextEquiv>
                        <Unicode>aber</Unicode>
                    </TextEquiv>
                </Word>
                <Word id="r3l8_w7" custom="readingOrder {index:6;}">
                    <Coords points="3435,670 3435,730 3609,730 3609,670"/>
                    <TextEquiv>
                        <Unicode>ohngeacht</Unicode>
                    </TextEquiv>
                </Word>
                <TextEquiv>
                    <Unicode>Monachon wohnhafft zu Lausasmne, welcher aber ohngeacht</Unicode>
                </TextEquiv>
            </TextLine>
            <TextLine id="r3l9" custom="readingOrder {index:8;}">
                <Coords points="2376,859 2528,792 3175,800 3301,855 3391,800 3588,794 3322,726 3210,778 3034,731 2835,758 2752,711 2376,730"/>
                <Baseline points="2385,794 2444,795 2504,795 2564,797 2623,797 2683,797 2743,797 2802,797 2862,797 2922,797 2982,797 3041,797 3101,797 3161,797 3220,797 3280,797 3340,797 3399,797 3459,797 3519,797 3579,798"/>
                <Word id="r3l9_w1" custom="readingOrder {index:0;}">
                    <Coords points="2389,755 2389,815 2534,815 2534,755"/>
                    <TextEquiv>
                        <Unicode>gethener</Unicode>
                    </TextEquiv>
                </Word>
                <Word id="r3l9_w2" custom="readingOrder {index:1;}">
                    <Coords points="2557,757 2557,817 2763,817 2763,757"/>
                    <TextEquiv>
                        <Unicode>sitationen</Unicode>
                    </TextEquiv>
                </Word>
                <Word id="r3l9_w3" custom="readingOrder {index:2;}">
                    <Coords points="2800,757 2800,817 2871,817 2871,757"/>
                    <TextEquiv>
                        <Unicode>vor</Unicode>
                    </TextEquiv>
                </Word>
                <Word id="r3l9_w4" custom="readingOrder {index:3;}">
                    <Coords points="2897,757 2897,817 3114,817 3114,757"/>
                    <TextEquiv>
                        <Unicode>demselben</Unicode>
                    </TextEquiv>
                </Word>
                <Word id="r3l9_w5" custom="readingOrder {index:4;}">
                    <Coords points="3162,757 3162,817 3270,817 3270,757"/>
                    <TextEquiv>
                        <Unicode>nicht</Unicode>
                    </TextEquiv>
                </Word>
                <Word id="r3l9_w6" custom="readingOrder {index:5;}">
                    <Coords points="3295,757 3295,817 3525,817 3525,757"/>
                    <TextEquiv>
                        <Unicode>erschinnen</Unicode>
                    </TextEquiv>
                </Word>
                <TextEquiv>
                    <Unicode>gethener sitationen vor demselben nicht erschinnen</Unicode>
                </TextEquiv>
            </TextLine>
            <TextLine id="r3l10" custom="readingOrder {index:9;}">
                <Coords points="2381,887 3446,906 3541,884 3541,813 3469,845 3386,804 3303,859 3146,805 2889,836 2645,794 2381,859"/>
                <Baseline points="2390,884 2447,880 2504,878 2561,876 2618,875 2675,873 2732,873 2790,875 2847,875 2904,876 2961,876 3018,878 3075,879 3132,880 3190,881 3247,881 3304,881 3361,881 3418,880 3475,878 3533,876"/>
                <Word id="r3l10_w1" custom="readingOrder {index:0;}">
                    <Coords points="2390,842 2390,902 2447,902 2447,842"/>
                    <TextEquiv>
                        <Unicode>lie</Unicode>
                    </TextEquiv>
                </Word>
                <Word id="r3l10_w2" custom="readingOrder {index:1;}">
                    <Coords points="2466,838 2466,898 2505,898 2505,838"/>
                    <TextEquiv>
                        <Unicode>nd</Unicode>
                    </TextEquiv>
                </Word>
                <Word id="r3l10_w3" custom="readingOrder {index:2;}">
                    <Coords points="2525,836 2525,896 2583,896 2583,836"/>
                    <TextEquiv>
                        <Unicode>Mein</Unicode>
                    </TextEquiv>
                </Word>
                <Word id="r3l10_w4" custom="readingOrder {index:3;}">
                    <Coords points="2592,834 2592,894 2670,894 2670,834"/>
                    <TextEquiv>
                        <Unicode>gnädigen</Unicode>
                    </TextEquiv>
                </Word>
                <Word id="r3l10_w5" custom="readingOrder {index:4;}">
                    <Coords points="2680,833 2680,893 2757,893 2757,833"/>
                    <TextEquiv>
                        <Unicode>Herren</Unicode>
                    </TextEquiv>
                </Word>
                <Word id="r3l10_w6" custom="readingOrder {index:5;}">
                    <Coords points="2776,835 2776,895 3008,895 3008,835"/>
                    <TextEquiv>
                        <Unicode>bewüßendt,</Unicode>
                    </TextEquiv>
                </Word>
                <Word id="r3l10_w7" custom="readingOrder {index:6;}">
                    <Coords points="3028,838 3028,898 3056,898 3056,838"/>
                    <TextEquiv>
                        <Unicode>ob</Unicode>
                    </TextEquiv>
                </Word>
                <Word id="r3l10_w8" custom="readingOrder {index:7;}">
                    <Coords points="3095,839 3095,899 3163,899 3163,839"/>
                    <TextEquiv>
                        <Unicode>Ihne</Unicode>
                    </TextEquiv>
                </Word>
                <Word id="r3l10_w9" custom="readingOrder {index:8;}">
                    <Coords points="3192,841 3192,901 3405,901 3405,841"/>
                    <TextEquiv>
                        <Unicode>Monachon</Unicode>
                    </TextEquiv>
                </Word>
                <Word id="r3l10_w10" custom="readingOrder {index:9;}">
                    <Coords points="3453,837 3453,897 3521,897 3521,837"/>
                    <TextEquiv>
                        <Unicode>Ein</Unicode>
                    </TextEquiv>
                </Word>
                <TextEquiv>
                    <Unicode>lie nd Mein gnädigen Herren bewüßendt, ob Ihne Monachon Ein</Unicode>
                </TextEquiv>
            </TextLine>
            <TextLine id="r3l11" custom="readingOrder {index:10;}">
                <Coords points="2374,967 2474,1008 2605,945 2785,1010 2857,953 3577,996 3608,935 3521,883 2373,881"/>
                <Baseline points="2382,957 2442,957 2503,957 2564,956 2625,956 2686,954 2747,954 2808,953 2869,953 2930,951 2991,951 3051,951 3112,950 3173,950 3234,951 3295,951 3356,951 3417,953 3478,954 3539,954 3600,957"/>
                <Word id="r3l11_w1" custom="readingOrder {index:0;}">
                    <Coords points="2374,917 2374,977 2464,977 2464,917"/>
                    <TextEquiv>
                        <Unicode>bott</Unicode>
                    </TextEquiv>
                </Word>
                <Word id="r3l11_w2" custom="readingOrder {index:1;}">
                    <Coords points="2487,916 2487,976 2716,976 2716,916"/>
                    <TextEquiv>
                        <Unicode>zfersöhnlich</Unicode>
                    </TextEquiv>
                </Word>
                <Word id="r3l11_w3" custom="readingOrder {index:2;}">
                    <Coords points="2750,913 2750,973 2909,973 2909,913"/>
                    <TextEquiv>
                        <Unicode>bezogen,</Unicode>
                    </TextEquiv>
                </Word>
                <Word id="r3l11_w4" custom="readingOrder {index:3;}">
                    <Coords points="2932,911 2932,971 3001,971 3001,911"/>
                    <TextEquiv>
                        <Unicode>alß</Unicode>
                    </TextEquiv>
                </Word>
                <Word id="r3l11_w5" custom="readingOrder {index:4;}">
                    <Coords points="3047,910 3047,970 3150,970 3150,910"/>
                    <TextEquiv>
                        <Unicode>werde</Unicode>
                    </TextEquiv>
                </Word>
                <Word id="r3l11_w6" custom="readingOrder {index:5;}">
                    <Coords points="3184,911 3184,971 3285,971 3285,911"/>
                    <TextEquiv>
                        <Unicode>Ihnen</Unicode>
                    </TextEquiv>
                </Word>
                <Word id="r3l11_w7" custom="readingOrder {index:6;}">
                    <Coords points="3309,913 3309,973 3618,973 3618,913"/>
                    <TextEquiv>
                        <Unicode>auffgetragen,</Unicode>
                    </TextEquiv>
                </Word>
                <TextEquiv>
                    <Unicode>bott zfersöhnlich bezogen, alß werde Ihnen auffgetragen,</Unicode>
                </TextEquiv>
            </TextLine>
            <TextLine id="r3l12" custom="readingOrder {index:11;}">
                <Coords points="2375,1067 2591,1113 2838,1049 3020,1108 3190,1063 3261,1105 3587,1048 3522,975 3339,956 2792,1010 2607,947 2473,1009 2374,970"/>
                <Baseline points="2384,1053 2443,1049 2503,1046 2563,1043 2622,1041 2682,1039 2742,1038 2801,1037 2861,1036 2921,1035 2981,1035 3040,1035 3100,1035 3160,1035 3219,1035 3279,1035 3339,1035 3398,1035 3458,1035 3518,1035 3578,1034"/>
                <Word id="r3l12_w1" custom="readingOrder {index:0;}">
                    <Coords points="2393,1007 2393,1067 2571,1067 2571,1007"/>
                    <TextEquiv>
                        <Unicode>dieselben</Unicode>
                    </TextEquiv>
                </Word>
                <Word id="r3l12_w2" custom="readingOrder {index:1;}">
                    <Coords points="2586,1000 2586,1060 2659,1060 2659,1000"/>
                    <TextEquiv>
                        <Unicode>nach</Unicode>
                    </TextEquiv>
                </Word>
                <Word id="r3l12_w3" custom="readingOrder {index:2;}">
                    <Coords points="2675,998 2675,1058 2734,1058 2734,998"/>
                    <TextEquiv>
                        <Unicode>der</Unicode>
                    </TextEquiv>
                </Word>
                <Word id="r3l12_w4" custom="readingOrder {index:3;}">
                    <Coords points="2763,996 2763,1056 2868,1056 2868,996"/>
                    <TextEquiv>
                        <Unicode>fin</Unicode>
                    </TextEquiv>
                </Word>
                <Word id="r3l12_w5" custom="readingOrder {index:4;}">
                    <Coords points="2912,995 2912,1055 3061,1055 3061,995"/>
                    <TextEquiv>
                        <Unicode>deßen</Unicode>
                    </TextEquiv>
                </Word>
                <Word id="r3l12_w6" custom="readingOrder {index:5;}">
                    <Coords points="3090,995 3090,1055 3268,1055 3268,995"/>
                    <TextEquiv>
                        <Unicode>berichten</Unicode>
                    </TextEquiv>
                </Word>
                <Word id="r3l12_w7" custom="readingOrder {index:6;}">
                    <Coords points="3329,995 3329,1055 3597,1055 3597,995"/>
                    <TextEquiv>
                        <Unicode>zulaßen:</Unicode>
                    </TextEquiv>
                </Word>
                <TextEquiv>
                    <Unicode>dieselben nach der fin deßen berichten zulaßen:</Unicode>
                </TextEquiv>
            </TextLine>
            <TextLine id="r3l13" custom="readingOrder {index:12;}">
                <Coords points="2342,1213 3587,1185 2837,1049 2696,1127 2342,1152"/>
                <Baseline points="2351,1194 2412,1190 2473,1188 2535,1185 2596,1184 2657,1181 2719,1181 2780,1179 2841,1179 2903,1179 2964,1179 3025,1179 3087,1181 3148,1181 3209,1182 3271,1182 3332,1184 3393,1184 3455,1184 3516,1185 3578,1185"/>
                <Word id="r3l13_w1" custom="readingOrder {index:0;}">
                    <Coords points="2359,1146 2359,1206 2632,1206 2632,1146"/>
                    <TextEquiv>
                        <Unicode>Lausarne:</Unicode>
                    </TextEquiv>
                </Word>
                <Word id="r3l13_w2" custom="readingOrder {index:1;}">
                    <Coords points="2661,1140 2661,1200 2813,1200 2813,1140"/>
                    <TextEquiv>
                        <Unicode>Weilen</Unicode>
                    </TextEquiv>
                </Word>
                <Word id="r3l13_w3" custom="readingOrder {index:2;}">
                    <Coords points="2867,1139 2867,1199 3018,1199 3018,1139"/>
                    <TextEquiv>
                        <Unicode>Albert</Unicode>
                    </TextEquiv>
                </Word>
                <Word id="r3l13_w4" custom="readingOrder {index:3;}">
                    <Coords points="3046,1141 3046,1201 3183,1201 3183,1141"/>
                    <TextEquiv>
                        <Unicode>Lansun</Unicode>
                    </TextEquiv>
                </Word>
                <Word id="r3l13_w5" custom="readingOrder {index:4;}">
                    <Coords points="3238,1142 3238,1202 3294,1202 3294,1142"/>
                    <TextEquiv>
                        <Unicode>Ihr</Unicode>
                    </TextEquiv>
                </Word>
                <Word id="r3l13_w6" custom="readingOrder {index:5;}">
                    <Coords points="3307,1144 3307,1204 3554,1204 3554,1144"/>
                    <TextEquiv>
                        <Unicode>angehriger</Unicode>
                    </TextEquiv>
                </Word>
                <TextEquiv>
                    <Unicode>Lausarne: Weilen Albert Lansun Ihr angehriger</Unicode>
                </TextEquiv>
            </TextLine>
            <TextLine id="r3l14" custom="readingOrder {index:13;}">
                <Coords points="2387,1319 2565,1268 2948,1320 3064,1266 3397,1265 3459,1322 3537,1266 3644,1280 3621,1211 3404,1178 2387,1207"/>
                <Baseline points="2396,1269 2458,1266 2520,1265 2582,1265 2644,1263 2706,1263 2768,1262 2830,1262 2892,1262 2954,1262 3016,1263 3078,1263 3140,1263 3202,1263 3264,1265 3326,1265 3388,1265 3450,1265 3512,1265 3574,1265 3636,1265"/>
                <Word id="r3l14_w1" custom="readingOrder {index:0;}">
                    <Coords points="2389,1225 2389,1285 2572,1285 2572,1225"/>
                    <TextEquiv>
                        <Unicode>ehngracht</Unicode>
                    </TextEquiv>
                </Word>
                <Word id="r3l14_w2" custom="readingOrder {index:1;}">
                    <Coords points="2598,1223 2598,1283 2754,1283 2754,1223"/>
                    <TextEquiv>
                        <Unicode>deselbe</Unicode>
                    </TextEquiv>
                </Word>
                <Word id="r3l14_w3" custom="readingOrder {index:2;}">
                    <Coords points="2806,1222 2806,1282 2871,1282 2871,1222"/>
                    <TextEquiv>
                        <Unicode>o</Unicode>
                    </TextEquiv>
                </Word>
                <Word id="r3l14_w4" custom="readingOrder {index:3;}">
                    <Coords points="2937,1222 2937,1282 3079,1282 3079,1222"/>
                    <TextEquiv>
                        <Unicode>eHrr</Unicode>
                    </TextEquiv>
                </Word>
                <Word id="r3l14_w5" custom="readingOrder {index:4;}">
                    <Coords points="3092,1223 3092,1283 3171,1283 3171,1223"/>
                    <TextEquiv>
                        <Unicode>auff</Unicode>
                    </TextEquiv>
                </Word>
                <Word id="r3l14_w6" custom="readingOrder {index:5;}">
                    <Coords points="3197,1224 3197,1284 3302,1284 3302,1224"/>
                    <TextEquiv>
                        <Unicode>heüt</Unicode>
                    </TextEquiv>
                </Word>
                <Word id="r3l14_w7" custom="readingOrder {index:6;}">
                    <Coords points="3353,1225 3353,1285 3444,1285 3444,1225"/>
                    <TextEquiv>
                        <Unicode>dato</Unicode>
                    </TextEquiv>
                </Word>
                <Word id="r3l14_w8" custom="readingOrder {index:7;}">
                    <Coords points="3471,1225 3471,1285 3654,1285 3654,1225"/>
                    <TextEquiv>
                        <Unicode>angesetzen</Unicode>
                    </TextEquiv>
                </Word>
                <TextEquiv>
                    <Unicode>ehngracht deselbe o eHrr auff heüt dato angesetzen</Unicode>
                </TextEquiv>
            </TextLine>
            <TextLine id="r3l15" custom="readingOrder {index:14;}">
                <Coords points="2044,1352 2126,1326 2185,1329 2210,1345 2239,1345 2288,1318 2358,1331 2354,1274 2299,1253 2184,1295 2105,1248 2040,1279"/>
                <Baseline points="2051,1331 2078,1330 2105,1329 2132,1326 2159,1324 2186,1321 2213,1319 2240,1317 2267,1316 2294,1316 2321,1316 2348,1316"/>
                <Word id="r3l15_w1" custom="readingOrder {index:0;}">
                    <Coords points="2047,1287 2047,1347 2189,1347 2189,1287"/>
                    <TextEquiv>
                        <Unicode>Lansim</Unicode>
                    </TextEquiv>
                </Word>
                <Word id="r3l15_w2" custom="readingOrder {index:1;}">
                    <Coords points="2224,1276 2224,1336 2368,1336 2368,1276"/>
                    <TextEquiv>
                        <Unicode>Albert,</Unicode>
                    </TextEquiv>
                </Word>
                <TextEquiv>
                    <Unicode>Lansim Albert,</Unicode>
                </TextEquiv>
            </TextLine>
            <TextLine id="r3l16" custom="readingOrder {index:15;}">
                <Coords points="2381,1376 2533,1362 2584,1406 2648,1343 2747,1379 3033,1341 3091,1382 3565,1333 3536,1266 3469,1314 3396,1273 3254,1314 3117,1269 2819,1321 2566,1268 2380,1316"/>
                <Baseline points="2390,1355 2448,1353 2506,1351 2565,1349 2623,1347 2681,1345 2740,1344 2798,1343 2856,1341 2915,1340 2973,1338 3031,1338 3090,1337 3148,1337 3206,1335 3265,1335 3323,1335 3381,1335 3440,1335 3498,1337 3557,1337"/>
                <Word id="r3l16_w1" custom="readingOrder {index:0;}">
                    <Coords points="2380,1309 2380,1369 2717,1369 2717,1309"/>
                    <TextEquiv>
                        <Unicode>verEmptorischen</Unicode>
                    </TextEquiv>
                </Word>
                <Word id="r3l16_w2" custom="readingOrder {index:1;}">
                    <Coords points="2747,1303 2747,1363 2829,1363 2829,1303"/>
                    <TextEquiv>
                        <Unicode>tag,</Unicode>
                    </TextEquiv>
                </Word>
                <Word id="r3l16_w3" custom="readingOrder {index:2;}">
                    <Coords points="2839,1300 2839,1360 2930,1360 2930,1300"/>
                    <TextEquiv>
                        <Unicode>umb</Unicode>
                    </TextEquiv>
                </Word>
                <Word id="r3l16_w4" custom="readingOrder {index:3;}">
                    <Coords points="2961,1298 2961,1358 3022,1358 3022,1298"/>
                    <TextEquiv>
                        <Unicode>der</Unicode>
                    </TextEquiv>
                </Word>
                <Word id="r3l16_w5" custom="readingOrder {index:4;}">
                    <Coords points="3053,1297 3053,1357 3226,1357 3226,1297"/>
                    <TextEquiv>
                        <Unicode>Aympe</Unicode>
                    </TextEquiv>
                </Word>
                <Word id="r3l16_w6" custom="readingOrder {index:5;}">
                    <Coords points="3258,1295 3258,1355 3421,1355 3421,1295"/>
                    <TextEquiv>
                        <Unicode>Gruber</Unicode>
                    </TextEquiv>
                </Word>
                <Word id="r3l16_w7" custom="readingOrder {index:6;}">
                    <Coords points="3441,1296 3441,1356 3553,1356 3553,1296"/>
                    <TextEquiv>
                        <Unicode>über</Unicode>
                    </TextEquiv>
                </Word>
                <TextEquiv>
                    <Unicode>verEmptorischen tag, umb der Aympe Gruber über</Unicode>
                </TextEquiv>
            </TextLine>
            <TextLine id="r3l17" custom="readingOrder {index:16;}">
                <Coords points="2041,1430 2067,1409 2122,1422 2148,1400 2220,1456 2286,1430 2338,1452 2360,1444 2349,1327 2324,1316 2229,1357 2185,1331 2164,1342 2126,1326 2038,1387"/>
                <Baseline points="2049,1419 2076,1412 2103,1407 2130,1403 2157,1399 2184,1396 2211,1394 2238,1393 2265,1392 2292,1391 2319,1391 2346,1392"/>
                <Word id="r3l17_w1" custom="readingOrder {index:0;}">
                    <Coords points="2054,1363 2054,1423 2205,1423 2205,1363"/>
                    <TextEquiv>
                        <Unicode>Bruber</Unicode>
                    </TextEquiv>
                </Word>
                <Word id="r3l17_w2" custom="readingOrder {index:1;}">
                    <Coords points="2233,1351 2233,1411 2370,1411 2370,1351"/>
                    <TextEquiv>
                        <Unicode>Supe,</Unicode>
                    </TextEquiv>
                </Word>
                <TextEquiv>
                    <Unicode>Bruber Supe,</Unicode>
                </TextEquiv>
            </TextLine>
            <TextLine id="r3l18" custom="readingOrder {index:17;}">
                <Coords points="2376,1463 2767,1418 3003,1472 3089,1424 3174,1463 3235,1424 3531,1429 3530,1393 3329,1338 3209,1392 3029,1344 2838,1388 2652,1341 2586,1404 2535,1363 2375,1375"/>
                <Baseline points="2384,1437 2440,1433 2497,1431 2554,1427 2611,1425 2668,1422 2725,1421 2781,1419 2838,1418 2895,1418 2952,1416 3009,1416 3066,1416 3123,1416 3179,1416 3236,1416 3293,1417 3350,1418 3407,1418 3464,1418 3521,1418"/>
                <Word id="r3l18_w1" custom="readingOrder {index:0;}">
                    <Coords points="2376,1395 2376,1455 2431,1455 2431,1395"/>
                    <TextEquiv>
                        <Unicode>Ihr</Unicode>
                    </TextEquiv>
                </Word>
                <Word id="r3l18_w2" custom="readingOrder {index:1;}">
                    <Coords points="2464,1389 2464,1449 2565,1449 2565,1389"/>
                    <TextEquiv>
                        <Unicode>Klag</Unicode>
                    </TextEquiv>
                </Word>
                <Word id="r3l18_w3" custom="readingOrder {index:2;}">
                    <Coords points="2599,1383 2599,1443 2677,1443 2677,1383"/>
                    <TextEquiv>
                        <Unicode>Rek</Unicode>
                    </TextEquiv>
                </Word>
                <Word id="r3l18_w4" custom="readingOrder {index:3;}">
                    <Coords points="2700,1380 2700,1440 2789,1440 2789,1380"/>
                    <TextEquiv>
                        <Unicode>undt</Unicode>
                    </TextEquiv>
                </Word>
                <Word id="r3l18_w5" custom="readingOrder {index:4;}">
                    <Coords points="2801,1378 2801,1438 2968,1438 2968,1378"/>
                    <TextEquiv>
                        <Unicode>antwort</Unicode>
                    </TextEquiv>
                </Word>
                <Word id="r3l18_w6" custom="readingOrder {index:5;}">
                    <Coords points="2991,1376 2991,1436 3025,1436 3025,1376"/>
                    <TextEquiv>
                        <Unicode>zu</Unicode>
                    </TextEquiv>
                </Word>
                <Word id="r3l18_w7" custom="readingOrder {index:6;}">
                    <Coords points="3058,1376 3058,1436 3203,1436 3203,1376"/>
                    <TextEquiv>
                        <Unicode>geben,</Unicode>
                    </TextEquiv>
                </Word>
                <Word id="r3l18_w8" custom="readingOrder {index:7;}">
                    <Coords points="3227,1376 3227,1436 3293,1436 3293,1376"/>
                    <TextEquiv>
                        <Unicode>hat</Unicode>
                    </TextEquiv>
                </Word>
                <Word id="r3l18_w9" custom="readingOrder {index:8;}">
                    <Coords points="3315,1378 3315,1438 3506,1438 3506,1378"/>
                    <TextEquiv>
                        <Unicode>erscheinen</Unicode>
                    </TextEquiv>
                </Word>
                <TextEquiv>
                    <Unicode>Ihr Klag Rek undt antwort zu geben, hat erscheinen</Unicode>
                </TextEquiv>
            </TextLine>
            <TextLine id="r3l19" custom="readingOrder {index:18;}">
                <Coords points="2369,1540 2697,1506 2788,1563 2864,1505 3056,1533 3109,1483 3579,1520 3580,1444 3334,1419 3174,1463 3106,1423 3000,1475 2768,1419 2368,1466"/>
                <Baseline points="2378,1517 2437,1511 2497,1508 2557,1505 2616,1502 2676,1499 2736,1497 2795,1496 2855,1494 2915,1493 2975,1492 3034,1491 3094,1491 3154,1491 3213,1491 3273,1491 3333,1490 3392,1490 3452,1490 3512,1490 3572,1490"/>
                <Word id="r3l19_w1" custom="readingOrder {index:0;}">
                    <Coords points="2382,1470 2382,1530 2506,1530 2506,1470"/>
                    <TextEquiv>
                        <Unicode>sollen,</Unicode>
                    </TextEquiv>
                </Word>
                <Word id="r3l19_w2" custom="readingOrder {index:1;}">
                    <Coords points="2531,1462 2531,1522 2669,1522 2669,1462"/>
                    <TextEquiv>
                        <Unicode>denoch</Unicode>
                    </TextEquiv>
                </Word>
                <Word id="r3l19_w3" custom="readingOrder {index:2;}">
                    <Coords points="2681,1454 2681,1514 2992,1514 2992,1454"/>
                    <TextEquiv>
                        <Unicode>außgebliben,</Unicode>
                    </TextEquiv>
                </Word>
                <Word id="r3l19_w4" custom="readingOrder {index:3;}">
                    <Coords points="3017,1451 3017,1511 3092,1511 3092,1451"/>
                    <TextEquiv>
                        <Unicode>alß</Unicode>
                    </TextEquiv>
                </Word>
                <Word id="r3l19_w5" custom="readingOrder {index:4;}">
                    <Coords points="3129,1451 3129,1511 3341,1511 3341,1451"/>
                    <TextEquiv>
                        <Unicode>wollindt</Unicode>
                    </TextEquiv>
                </Word>
                <Word id="r3l19_w6" custom="readingOrder {index:5;}">
                    <Coords points="3365,1450 3365,1510 3552,1510 3552,1450"/>
                    <TextEquiv>
                        <Unicode>dieselben</Unicode>
                    </TextEquiv>
                </Word>
                <TextEquiv>
                    <Unicode>sollen, denoch außgebliben, alß wollindt dieselben</Unicode>
                </TextEquiv>
            </TextLine>
            <TextLine id="r3l20" custom="readingOrder {index:19;}">
                <Coords points="2361,1641 2450,1594 2514,1624 2776,1577 2927,1639 3087,1584 3385,1639 3481,1574 3614,1581 3613,1509 3384,1551 3230,1492 3059,1554 2869,1502 2742,1555 2562,1517 2360,1550"/>
                <Baseline points="2369,1598 2430,1592 2492,1587 2554,1583 2616,1580 2678,1577 2739,1575 2801,1574 2863,1574 2925,1574 2987,1574 3048,1574 3110,1575 3172,1575 3234,1577 3296,1577 3357,1577 3419,1577 3481,1577 3543,1577 3605,1575"/>
                <Word id="r3l20_w1" custom="readingOrder {index:0;}">
                    <Coords points="2374,1553 2374,1613 2449,1613 2449,1553"/>
                    <TextEquiv>
                        <Unicode>Ihmn</Unicode>
                    </TextEquiv>
                </Word>
                <Word id="r3l20_w2" custom="readingOrder {index:1;}">
                    <Coords points="2474,1541 2474,1601 2710,1601 2710,1541"/>
                    <TextEquiv>
                        <Unicode>widermahlen</Unicode>
                    </TextEquiv>
                </Word>
                <Word id="r3l20_w3" custom="readingOrder {index:2;}">
                    <Coords points="2736,1534 2736,1594 3048,1594 3048,1534"/>
                    <TextEquiv>
                        <Unicode>auffgetragen</Unicode>
                    </TextEquiv>
                </Word>
                <Word id="r3l20_w4" custom="readingOrder {index:3;}">
                    <Coords points="3111,1535 3111,1595 3235,1595 3235,1535"/>
                    <TextEquiv>
                        <Unicode>haben,</Unicode>
                    </TextEquiv>
                </Word>
                <Word id="r3l20_w5" custom="readingOrder {index:4;}">
                    <Coords points="3261,1537 3261,1597 3373,1597 3373,1537"/>
                    <TextEquiv>
                        <Unicode>Ihme</Unicode>
                    </TextEquiv>
                </Word>
                <Word id="r3l20_w6" custom="readingOrder {index:5;}">
                    <Coords points="3386,1537 3386,1597 3485,1597 3485,1537"/>
                    <TextEquiv>
                        <Unicode>auff</Unicode>
                    </TextEquiv>
                </Word>
                <Word id="r3l20_w7" custom="readingOrder {index:6;}">
                    <Coords points="3498,1537 3498,1597 3548,1597 3548,1537"/>
                    <TextEquiv>
                        <Unicode>den</Unicode>
                    </TextEquiv>
                </Word>
                <Word id="r3l20_w8" custom="readingOrder {index:7;}">
                    <Coords points="3561,1535 3561,1595 3624,1595 3624,1535"/>
                    <TextEquiv>
                        <Unicode>6.</Unicode>
                    </TextEquiv>
                </Word>
                <TextEquiv>
                    <Unicode>Ihmn widermahlen auffgetragen haben, Ihme auff den 6.</Unicode>
                </TextEquiv>
            </TextLine>
            <TextLine id="r3l21" custom="readingOrder {index:20;}">
                <Coords points="2322,1729 2484,1669 2598,1730 2698,1664 2805,1697 2840,1662 2990,1720 3066,1659 3320,1718 3575,1671 3574,1592 3387,1638 3119,1592 3046,1636 2982,1592 2929,1639 2671,1579 2480,1650 2433,1607 2321,1646"/>
                <Baseline points="2330,1688 2391,1682 2453,1676 2515,1671 2577,1669 2639,1665 2700,1664 2762,1662 2824,1662 2886,1662 2948,1662 3009,1664 3071,1664 3133,1665 3195,1665 3257,1665 3318,1667 3380,1667 3442,1665 3504,1665 3566,1664"/>
                <Word id="r3l21_w1" custom="readingOrder {index:0;}">
                    <Coords points="2350,1643 2350,1703 2402,1703 2402,1643"/>
                    <TextEquiv>
                        <Unicode>96</Unicode>
                    </TextEquiv>
                </Word>
                <Word id="r3l21_w2" custom="readingOrder {index:1;}">
                    <Coords points="2441,1628 2441,1688 2717,1688 2717,1628"/>
                    <TextEquiv>
                        <Unicode>nechtkünfftig</Unicode>
                    </TextEquiv>
                </Word>
                <Word id="r3l21_w3" custom="readingOrder {index:2;}">
                    <Coords points="2743,1622 2743,1682 2900,1682 2900,1622"/>
                    <TextEquiv>
                        <Unicode>allhier</Unicode>
                    </TextEquiv>
                </Word>
                <Word id="r3l21_w4" custom="readingOrder {index:3;}">
                    <Coords points="2926,1624 2926,1684 3190,1684 3190,1624"/>
                    <TextEquiv>
                        <Unicode>zuerscheinen</Unicode>
                    </TextEquiv>
                </Word>
                <Word id="r3l21_w5" custom="readingOrder {index:4;}">
                    <Coords points="3216,1626 3216,1686 3570,1686 3570,1626"/>
                    <TextEquiv>
                        <Unicode>percmptorischen</Unicode>
                    </TextEquiv>
                </Word>
                <TextEquiv>
                    <Unicode>96 nechtkünfftig allhier zuerscheinen percmptorischen</Unicode>
                </TextEquiv>
            </TextLine>
            <TextLine id="r3l22" custom="readingOrder {index:21;}">
                <Coords points="2336,1793 2469,1765 2575,1819 2671,1765 3251,1752 3392,1821 3481,1761 3617,1763 3616,1723 3469,1679 3311,1719 3198,1672 3021,1733 2699,1662 2600,1730 2523,1669 2335,1718"/>
                <Baseline points="2345,1773 2408,1769 2471,1766 2534,1762 2597,1760 2660,1757 2723,1756 2787,1755 2850,1754 2913,1754 2976,1754 3039,1752 3102,1752 3165,1752 3229,1752 3292,1752 3355,1752 3418,1752 3481,1751 3544,1750 3608,1749"/>
                <Word id="r3l22_w1" custom="readingOrder {index:0;}">
                    <Coords points="2352,1727 2352,1787 2518,1787 2518,1727"/>
                    <TextEquiv>
                        <Unicode>Citation</Unicode>
                    </TextEquiv>
                </Word>
                <Word id="r3l22_w2" custom="readingOrder {index:1;}">
                    <Coords points="2573,1716 2573,1776 2823,1776 2823,1716"/>
                    <TextEquiv>
                        <Unicode>anzulegen,</Unicode>
                    </TextEquiv>
                </Word>
                <Word id="r3l22_w3" custom="readingOrder {index:2;}">
                    <Coords points="2836,1714 2836,1774 2892,1774 2892,1714"/>
                    <TextEquiv>
                        <Unicode>da</Unicode>
                    </TextEquiv>
                </Word>
                <Word id="r3l22_w4" custom="readingOrder {index:3;}">
                    <Coords points="2919,1713 2919,1773 3057,1773 3057,1713"/>
                    <TextEquiv>
                        <Unicode>sonsten</Unicode>
                    </TextEquiv>
                </Word>
                <Word id="r3l22_w5" custom="readingOrder {index:4;}">
                    <Coords points="3086,1712 3086,1772 3196,1772 3196,1712"/>
                    <TextEquiv>
                        <Unicode>undt</Unicode>
                    </TextEquiv>
                </Word>
                <Word id="r3l22_w6" custom="readingOrder {index:5;}">
                    <Coords points="3210,1712 3210,1772 3251,1772 3251,1712"/>
                    <TextEquiv>
                        <Unicode>so</Unicode>
                    </TextEquiv>
                </Word>
                <Word id="r3l22_w7" custom="readingOrder {index:6;}">
                    <Coords points="3280,1712 3280,1772 3377,1772 3377,1712"/>
                    <TextEquiv>
                        <Unicode>nicht</Unicode>
                    </TextEquiv>
                </Word>
                <Word id="r3l22_w8" custom="readingOrder {index:7;}">
                    <Coords points="3404,1710 3404,1770 3611,1770 3611,1710"/>
                    <TextEquiv>
                        <Unicode>erscheinen</Unicode>
                    </TextEquiv>
                </Word>
                <TextEquiv>
                    <Unicode>Citation anzulegen, da sonsten undt so nicht erscheinen</Unicode>
                </TextEquiv>
            </TextLine>
            <TextLine id="r3l23" custom="readingOrder {index:22;}">
                <Coords points="2379,1879 2538,1869 2645,1919 2816,1864 3108,1923 3176,1880 3240,1919 3371,1846 3434,1897 3605,1877 3604,1789 3462,1768 3407,1816 3272,1755 3059,1811 2717,1765 2574,1819 2478,1770 2378,1810"/>
                <Baseline points="2387,1862 2447,1859 2507,1857 2568,1854 2628,1853 2689,1851 2749,1850 2810,1850 2870,1848 2931,1848 2991,1848 3051,1847 3112,1847 3172,1848 3233,1848 3293,1848 3354,1850 3414,1850 3475,1851 3535,1853 3596,1853"/>
                <Word id="r3l23_w1" custom="readingOrder {index:0;}">
                    <Coords points="2382,1818 2382,1878 2543,1878 2543,1818"/>
                    <TextEquiv>
                        <Unicode>Buder,</Unicode>
                    </TextEquiv>
                </Word>
                <Word id="r3l23_w2" custom="readingOrder {index:1;}">
                    <Coords points="2557,1813 2557,1873 2675,1873 2675,1813"/>
                    <TextEquiv>
                        <Unicode>selbn</Unicode>
                    </TextEquiv>
                </Word>
                <Word id="r3l23_w3" custom="readingOrder {index:2;}">
                    <Coords points="2689,1808 2689,1868 2998,1868 2998,1808"/>
                    <TextEquiv>
                        <Unicode>gfarsamblich</Unicode>
                    </TextEquiv>
                </Word>
                <Word id="r3l23_w4" custom="readingOrder {index:3;}">
                    <Coords points="3027,1807 3027,1867 3305,1867 3305,1807"/>
                    <TextEquiv>
                        <Unicode>allherfihen</Unicode>
                    </TextEquiv>
                </Word>
                <Word id="r3l23_w5" custom="readingOrder {index:4;}">
                    <Coords points="3320,1809 3320,1869 3365,1869 3365,1809"/>
                    <TextEquiv>
                        <Unicode>zu</Unicode>
                    </TextEquiv>
                </Word>
                <Word id="r3l23_w6" custom="readingOrder {index:5;}">
                    <Coords points="3394,1811 3394,1871 3615,1871 3615,1811"/>
                    <TextEquiv>
                        <Unicode>faßen.</Unicode>
                    </TextEquiv>
                </Word>
                <TextEquiv>
                    <Unicode>Buder, selbn gfarsamblich allherfihen zu faßen.</Unicode>
                </TextEquiv>
            </TextLine>
            <TextLine id="r3l24" custom="readingOrder {index:23;}">
                <Coords points="2219,2096 2544,2030 2656,2095 2889,2043 3448,2065 3513,2117 3617,2071 3618,2011 3451,1956 3329,2020 3228,1963 2220,1955"/>
                <Baseline points="2228,2076 2297,2063 2366,2052 2435,2044 2504,2039 2573,2036 2642,2034 2711,2034 2780,2036 2849,2037 2918,2040 2987,2044 3056,2048 3125,2052 3194,2055 3263,2057 3332,2059 3401,2060 3470,2058 3539,2056 3608,2051"/>
                <Word id="r3l24_w1" custom="readingOrder {index:0;}">
                    <Coords points="2250,2013 2250,2073 2461,2073 2461,2013"/>
                    <TextEquiv>
                        <Unicode>ENach</Unicode>
                    </TextEquiv>
                </Word>
                <Word id="r3l24_w2" custom="readingOrder {index:1;}">
                    <Coords points="2489,1998 2489,2058 2558,2058 2558,1998"/>
                    <TextEquiv>
                        <Unicode>en</Unicode>
                    </TextEquiv>
                </Word>
                <Word id="r3l24_w3" custom="readingOrder {index:2;}">
                    <Coords points="2574,1994 2574,2054 2686,2054 2686,1994"/>
                    <TextEquiv>
                        <Unicode>gnädigen</Unicode>
                    </TextEquiv>
                </Word>
                <Word id="r3l24_w4" custom="readingOrder {index:3;}">
                    <Coords points="2714,1995 2714,2055 2812,2055 2812,1995"/>
                    <TextEquiv>
                        <Unicode>Herre</Unicode>
                    </TextEquiv>
                </Word>
                <Word id="r3l24_w5" custom="readingOrder {index:4;}">
                    <Coords points="2840,1998 2840,2058 2925,2058 2925,1998"/>
                    <TextEquiv>
                        <Unicode>aunth</Unicode>
                    </TextEquiv>
                </Word>
                <Word id="r3l24_w6" custom="readingOrder {index:5;}">
                    <Coords points="2953,2006 2953,2066 3093,2066 3093,2006"/>
                    <TextEquiv>
                        <Unicode>mogd</Unicode>
                    </TextEquiv>
                </Word>
                <Word id="r3l24_w7" custom="readingOrder {index:6;}">
                    <Coords points="3107,2012 3107,2072 3148,2072 3148,2012"/>
                    <TextEquiv>
                        <Unicode>dr</Unicode>
                    </TextEquiv>
                </Word>
                <Word id="r3l24_w8" custom="readingOrder {index:7;}">
                    <Coords points="3205,2016 3205,2076 3304,2076 3304,2016"/>
                    <TextEquiv>
                        <Unicode>athen</Unicode>
                    </TextEquiv>
                </Word>
                <Word id="r3l24_w9" custom="readingOrder {index:8;}">
                    <Coords points="3332,2019 3332,2079 3486,2079 3486,2019"/>
                    <TextEquiv>
                        <Unicode>beselchs</Unicode>
                    </TextEquiv>
                </Word>
                <Word id="r3l24_w10" custom="readingOrder {index:9;}">
                    <Coords points="3515,2014 3515,2074 3598,2074 3598,2014"/>
                    <TextEquiv>
                        <Unicode>nach</Unicode>
                    </TextEquiv>
                </Word>
                <TextEquiv>
                    <Unicode>ENach en gnädigen Herre aunth mogd dr athen beselchs nach</Unicode>
                </TextEquiv>
            </TextLine>
            <TextLine id="r3l25" custom="readingOrder {index:24;}">
                <Coords points="2367,2144 2825,2118 2924,2197 3002,2152 3166,2183 3294,2137 3548,2148 3548,2111 3354,2058 2771,2043 2656,2095 2474,2032 2368,2063"/>
                <Baseline points="2376,2129 2434,2126 2492,2123 2550,2121 2608,2121 2667,2121 2725,2121 2783,2123 2841,2124 2899,2126 2958,2127 3016,2130 3074,2132 3132,2133 3190,2135 3249,2136 3307,2136 3365,2136 3423,2136 3481,2134 3540,2132"/>
                <Word id="r3l25_w1" custom="readingOrder {index:0;}">
                    <Coords points="2394,2085 2394,2145 2481,2145 2481,2085"/>
                    <TextEquiv>
                        <Unicode>dero</Unicode>
                    </TextEquiv>
                </Word>
                <Word id="r3l25_w2" custom="readingOrder {index:1;}">
                    <Coords points="2508,2081 2508,2141 2659,2141 2659,2081"/>
                    <TextEquiv>
                        <Unicode>willen</Unicode>
                    </TextEquiv>
                </Word>
                <Word id="r3l25_w3" custom="readingOrder {index:2;}">
                    <Coords points="2734,2082 2734,2142 2811,2142 2811,2082"/>
                    <TextEquiv>
                        <Unicode>das</Unicode>
                    </TextEquiv>
                </Word>
                <Word id="r3l25_w4" custom="readingOrder {index:3;}">
                    <Coords points="2836,2086 2836,2146 3012,2146 3012,2086"/>
                    <TextEquiv>
                        <Unicode>Steitige</Unicode>
                    </TextEquiv>
                </Word>
                <Word id="r3l25_w5" custom="readingOrder {index:4;}">
                    <Coords points="3051,2093 3051,2153 3253,2153 3253,2093"/>
                    <TextEquiv>
                        <Unicode>geschäfft</Unicode>
                    </TextEquiv>
                </Word>
                <Word id="r3l25_w6" custom="readingOrder {index:5;}">
                    <Coords points="3292,2096 3292,2156 3468,2156 3468,2096"/>
                    <TextEquiv>
                        <Unicode>klüschen</Unicode>
                    </TextEquiv>
                </Word>
                <TextEquiv>
                    <Unicode>dero willen das Steitige geschäfft klüschen</Unicode>
                </TextEquiv>
            </TextLine>
            <TextLine id="r3l26" custom="readingOrder {index:25;}">
                <Coords points="2048,2233 2155,2216 2186,2241 2202,2229 2219,2239 2229,2228 2247,2236 2277,2213 2328,2234 2325,2122 2294,2126 2243,2165 2170,2161 2146,2147 2112,2167 2046,2173"/>
                <Baseline points="2057,2219 2083,2216 2109,2214 2135,2213 2161,2213 2187,2211 2213,2211 2239,2211 2265,2211 2291,2210 2318,2210"/>
                <Word id="r3l26_w1" custom="readingOrder {index:0;}">
                    <Coords points="2054,2173 2054,2233 2177,2233 2177,2173"/>
                    <TextEquiv>
                        <Unicode>zerlauer</Unicode>
                    </TextEquiv>
                </Word>
                <Word id="r3l26_w2" custom="readingOrder {index:1;}">
                    <Coords points="2186,2171 2186,2231 2243,2231 2243,2171"/>
                    <TextEquiv>
                        <Unicode>h.</Unicode>
                    </TextEquiv>
                </Word>
                <Word id="r3l26_w3" custom="readingOrder {index:2;}">
                    <Coords points="2252,2170 2252,2230 2327,2230 2327,2170"/>
                    <TextEquiv>
                        <Unicode>Jacob</Unicode>
                    </TextEquiv>
                </Word>
                <TextEquiv>
                    <Unicode>zerlauer h. Jacob</Unicode>
                </TextEquiv>
            </TextLine>
            <TextLine id="r3l27" custom="readingOrder {index:26;}">
                <Coords points="2365,2268 2578,2206 3034,2253 3203,2217 3514,2238 3514,2176 3411,2132 3266,2142 3188,2202 3035,2153 2920,2193 2817,2140 2604,2131 2520,2173 2367,2142"/>
                <Baseline points="2375,2216 2431,2213 2488,2211 2544,2210 2601,2208 2657,2208 2714,2210 2770,2211 2827,2212 2883,2213 2940,2215 2997,2217 3053,2219 3110,2220 3166,2222 3223,2222 3279,2222 3336,2222 3392,2220 3449,2219 3506,2216"/>
                <Word id="r3l27_w1" custom="readingOrder {index:0;}">
                    <Coords points="2366,2174 2366,2234 2424,2234 2424,2174"/>
                    <TextEquiv>
                        <Unicode>H.</Unicode>
                    </TextEquiv>
                </Word>
                <Word id="r3l27_w2" custom="readingOrder {index:1;}">
                    <Coords points="2447,2170 2447,2230 2623,2230 2623,2170"/>
                    <TextEquiv>
                        <Unicode>Gerläder</Unicode>
                    </TextEquiv>
                </Word>
                <Word id="r3l27_w3" custom="readingOrder {index:2;}">
                    <Coords points="2646,2169 2646,2229 2739,2229 2739,2169"/>
                    <TextEquiv>
                        <Unicode>undt</Unicode>
                    </TextEquiv>
                </Word>
                <Word id="r3l27_w4" custom="readingOrder {index:3;}">
                    <Coords points="2751,2171 2751,2231 2879,2231 2879,2171"/>
                    <TextEquiv>
                        <Unicode>seiner</Unicode>
                    </TextEquiv>
                </Word>
                <Word id="r3l27_w5" custom="readingOrder {index:4;}">
                    <Coords points="2904,2178 2904,2238 3195,2238 3195,2178"/>
                    <TextEquiv>
                        <Unicode>abgeschidenen</Unicode>
                    </TextEquiv>
                </Word>
                <Word id="r3l27_w6" custom="readingOrder {index:5;}">
                    <Coords points="3231,2180 3231,2240 3511,2240 3511,2180"/>
                    <TextEquiv>
                        <Unicode>Ehefrauwen</Unicode>
                    </TextEquiv>
                </Word>
                <TextEquiv>
                    <Unicode>H. Gerläder undt seiner abgeschidenen Ehefrauwen</Unicode>
                </TextEquiv>
            </TextLine>
            <TextLine id="r3l28" custom="readingOrder {index:27;}">
                <Coords points="2046,2323 2084,2316 2126,2344 2150,2337 2195,2350 2288,2322 2347,2333 2345,2247 2328,2249 2281,2215 2247,2239 2229,2227 2187,2241 2153,2214 2098,2236 2045,2239"/>
                <Baseline points="2054,2288 2079,2287 2105,2286 2131,2286 2156,2286 2182,2285 2208,2285 2234,2285 2259,2285 2285,2283 2311,2283 2337,2280"/>
                <Word id="r3l28_w1" custom="readingOrder {index:0;}">
                    <Coords points="2048,2246 2048,2306 2121,2306 2121,2246"/>
                    <TextEquiv>
                        <Unicode>Vid</Unicode>
                    </TextEquiv>
                </Word>
                <Word id="r3l28_w2" custom="readingOrder {index:1;}">
                    <Coords points="2165,2245 2165,2305 2224,2305 2224,2245"/>
                    <TextEquiv>
                        <Unicode>hf.</Unicode>
                    </TextEquiv>
                </Word>
                <Word id="r3l28_w3" custom="readingOrder {index:2;}">
                    <Coords points="2238,2243 2238,2303 2357,2303 2357,2243"/>
                    <TextEquiv>
                        <Unicode>Mager</Unicode>
                    </TextEquiv>
                </Word>
                <TextEquiv>
                    <Unicode>Vid hf. Mager</Unicode>
                </TextEquiv>
            </TextLine>
            <TextLine id="r3l29" custom="readingOrder {index:28;}">
                <Coords points="2361,2327 2717,2294 2932,2309 3030,2367 3162,2310 3478,2330 3496,2246 3223,2289 3151,2226 3085,2261 2961,2220 2726,2253 2580,2206 2362,2263"/>
                <Baseline points="2370,2309 2425,2304 2481,2301 2537,2298 2593,2297 2649,2295 2704,2295 2760,2296 2816,2297 2872,2298 2928,2300 2983,2301 3039,2303 3095,2306 3151,2307 3207,2309 3262,2310 3318,2312 3374,2312 3430,2312 3486,2312"/>
                <Word id="r3l29_w1" custom="readingOrder {index:0;}">
                    <Coords points="2394,2263 2394,2323 2469,2323 2469,2263"/>
                    <TextEquiv>
                        <Unicode>Vor</Unicode>
                    </TextEquiv>
                </Word>
                <Word id="r3l29_w2" custom="readingOrder {index:1;}">
                    <Coords points="2491,2259 2491,2319 2536,2319 2536,2259"/>
                    <TextEquiv>
                        <Unicode>die</Unicode>
                    </TextEquiv>
                </Word>
                <Word id="r3l29_w3" custom="readingOrder {index:2;}">
                    <Coords points="2568,2255 2568,2315 2818,2315 2818,2255"/>
                    <TextEquiv>
                        <Unicode>Landtnemmen</Unicode>
                    </TextEquiv>
                </Word>
                <Word id="r3l29_w4" custom="readingOrder {index:3;}">
                    <Coords points="2840,2259 2840,2319 3015,2319 3015,2259"/>
                    <TextEquiv>
                        <Unicode>wollen,</Unicode>
                    </TextEquiv>
                </Word>
                <Word id="r3l29_w5" custom="readingOrder {index:4;}">
                    <Coords points="3037,2264 3037,2324 3102,2324 3102,2264"/>
                    <TextEquiv>
                        <Unicode>ist</Unicode>
                    </TextEquiv>
                </Word>
                <Word id="r3l29_w6" custom="readingOrder {index:5;}">
                    <Coords points="3134,2267 3134,2327 3211,2327 3211,2267"/>
                    <TextEquiv>
                        <Unicode>von</Unicode>
                    </TextEquiv>
                </Word>
                <Word id="r3l29_w7" custom="readingOrder {index:6;}">
                    <Coords points="3233,2271 3233,2331 3353,2331 3353,2271"/>
                    <TextEquiv>
                        <Unicode>seithen</Unicode>
                    </TextEquiv>
                </Word>
                <Word id="r3l29_w8" custom="readingOrder {index:7;}">
                    <Coords points="3385,2272 3385,2332 3450,2332 3450,2272"/>
                    <TextEquiv>
                        <Unicode>H.</Unicode>
                    </TextEquiv>
                </Word>
                <TextEquiv>
                    <Unicode>Vor die Landtnemmen wollen, ist von seithen H.</Unicode>
                </TextEquiv>
            </TextLine>
            <TextLine id="r3l30" custom="readingOrder {index:29;}">
                <Coords points="2342,2436 2414,2390 2715,2382 2794,2429 2927,2380 3186,2426 3269,2391 3441,2454 3538,2396 3538,2341 3286,2312 3008,2363 2922,2312 2551,2289 2342,2357"/>
                <Baseline points="2351,2399 2413,2392 2475,2388 2537,2384 2599,2382 2661,2381 2723,2379 2785,2381 2847,2381 2909,2382 2971,2384 3033,2385 3095,2387 3157,2388 3219,2390 3281,2390 3343,2391 3405,2391 3467,2390 3530,2388"/>
                <Word id="r3l30_w1" custom="readingOrder {index:0;}">
                    <Coords points="2357,2348 2357,2408 2579,2408 2579,2348"/>
                    <TextEquiv>
                        <Unicode>Gerläders</Unicode>
                    </TextEquiv>
                </Word>
                <Word id="r3l30_w2" custom="readingOrder {index:1;}">
                    <Coords points="2592,2339 2592,2399 2828,2399 2828,2339"/>
                    <TextEquiv>
                        <Unicode>angebracht</Unicode>
                    </TextEquiv>
                </Word>
                <Word id="r3l30_w3" custom="readingOrder {index:2;}">
                    <Coords points="2841,2342 2841,2402 3024,2402 3024,2342"/>
                    <TextEquiv>
                        <Unicode>werden,</Unicode>
                    </TextEquiv>
                </Word>
                <Word id="r3l30_w4" custom="readingOrder {index:3;}">
                    <Coords points="3050,2346 3050,2406 3115,2406 3115,2346"/>
                    <TextEquiv>
                        <Unicode>wie</Unicode>
                    </TextEquiv>
                </Word>
                <Word id="r3l30_w5" custom="readingOrder {index:4;}">
                    <Coords points="3128,2348 3128,2408 3194,2408 3194,2348"/>
                    <TextEquiv>
                        <Unicode>das</Unicode>
                    </TextEquiv>
                </Word>
                <Word id="r3l30_w6" custom="readingOrder {index:5;}">
                    <Coords points="3246,2350 3246,2410 3311,2410 3311,2350"/>
                    <TextEquiv>
                        <Unicode>eie</Unicode>
                    </TextEquiv>
                </Word>
                <Word id="r3l30_w7" custom="readingOrder {index:6;}">
                    <Coords points="3324,2351 3324,2411 3429,2411 3429,2351"/>
                    <TextEquiv>
                        <Unicode>gnädiger</Unicode>
                    </TextEquiv>
                </Word>
                <Word id="r3l30_w8" custom="readingOrder {index:7;}">
                    <Coords points="3441,2349 3441,2409 3548,2409 3548,2349"/>
                    <TextEquiv>
                        <Unicode>Heren</Unicode>
                    </TextEquiv>
                </Word>
                <TextEquiv>
                    <Unicode>Gerläders angebracht werden, wie das eie gnädiger Heren</Unicode>
                </TextEquiv>
            </TextLine>
            <TextLine id="r3l31" custom="readingOrder {index:30;}">
                <Coords points="2352,2483 2985,2462 3134,2511 3360,2468 3441,2510 3565,2472 3566,2380 3365,2444 3269,2392 2998,2440 2713,2382 2416,2388 2352,2436"/>
                <Baseline points="2360,2472 2419,2467 2479,2463 2539,2460 2599,2459 2659,2457 2719,2457 2778,2457 2838,2459 2898,2460 2958,2462 3018,2463 3078,2465 3138,2467 3197,2469 3257,2469 3317,2471 3377,2471 3437,2469 3497,2468 3557,2465"/>
                <Word id="r3l31_w1" custom="readingOrder {index:0;}">
                    <Coords points="2362,2423 2362,2483 2594,2483 2594,2423"/>
                    <TextEquiv>
                        <Unicode>gekentnuß</Unicode>
                    </TextEquiv>
                </Word>
                <Word id="r3l31_w2" custom="readingOrder {index:1;}">
                    <Coords points="2647,2417 2647,2477 2753,2477 2753,2417"/>
                    <TextEquiv>
                        <Unicode>Wan</Unicode>
                    </TextEquiv>
                </Word>
                <Word id="r3l31_w3" custom="readingOrder {index:2;}">
                    <Coords points="2795,2418 2795,2478 2836,2478 2836,2418"/>
                    <TextEquiv>
                        <Unicode>12</Unicode>
                    </TextEquiv>
                </Word>
                <Word id="r3l31_w4" custom="readingOrder {index:3;}">
                    <Coords points="2868,2422 2868,2482 3142,2482 3142,2422"/>
                    <TextEquiv>
                        <Unicode>dißmorats</Unicode>
                    </TextEquiv>
                </Word>
                <Word id="r3l31_w5" custom="readingOrder {index:4;}">
                    <Coords points="3175,2429 3175,2489 3258,2489 3258,2429"/>
                    <TextEquiv>
                        <Unicode>Vor</Unicode>
                    </TextEquiv>
                </Word>
                <Word id="r3l31_w6" custom="readingOrder {index:5;}">
                    <Coords points="3290,2431 3290,2491 3354,2491 3354,2431"/>
                    <TextEquiv>
                        <Unicode>den</Unicode>
                    </TextEquiv>
                </Word>
                <Word id="r3l31_w7" custom="readingOrder {index:6;}">
                    <Coords points="3385,2428 3385,2488 3553,2488 3553,2428"/>
                    <TextEquiv>
                        <Unicode>höchsten</Unicode>
                    </TextEquiv>
                </Word>
                <TextEquiv>
                    <Unicode>gekentnuß Wan 12 dißmorats Vor den höchsten</Unicode>
                </TextEquiv>
            </TextLine>
            <TextLine id="r3l32" custom="readingOrder {index:31;}">
                <Coords points="2319,2598 2399,2557 2535,2607 2808,2572 3122,2628 3191,2574 3566,2574 3566,2531 3360,2468 3135,2516 3094,2476 2698,2498 2573,2455 2320,2519"/>
                <Baseline points="2328,2564 2389,2558 2451,2552 2512,2548 2574,2546 2635,2544 2697,2543 2758,2544 2820,2544 2881,2546 2943,2547 3004,2550 3066,2552 3127,2555 3189,2556 3250,2558 3312,2559 3373,2561 3435,2561 3496,2559 3558,2558"/>
                <Word id="r3l32_w1" custom="readingOrder {index:0;}">
                    <Coords points="2349,2512 2349,2572 2553,2572 2553,2512"/>
                    <TextEquiv>
                        <Unicode>Brewalt</Unicode>
                    </TextEquiv>
                </Word>
                <Word id="r3l32_w2" custom="readingOrder {index:1;}">
                    <Coords points="2580,2505 2580,2565 2620,2565 2620,2505"/>
                    <TextEquiv>
                        <Unicode>zu</Unicode>
                    </TextEquiv>
                </Word>
                <Word id="r3l32_w3" custom="readingOrder {index:2;}">
                    <Coords points="2662,2504 2662,2564 2880,2564 2880,2504"/>
                    <TextEquiv>
                        <Unicode>appelliten</Unicode>
                    </TextEquiv>
                </Word>
                <Word id="r3l32_w4" custom="readingOrder {index:3;}">
                    <Coords points="2893,2508 2893,2568 3070,2568 3070,2508"/>
                    <TextEquiv>
                        <Unicode>gesinnet,</Unicode>
                    </TextEquiv>
                </Word>
                <Word id="r3l32_w5" custom="readingOrder {index:4;}">
                    <Coords points="3097,2515 3097,2575 3193,2575 3193,2515"/>
                    <TextEquiv>
                        <Unicode>auch</Unicode>
                    </TextEquiv>
                </Word>
                <Word id="r3l32_w6" custom="readingOrder {index:5;}">
                    <Coords points="3220,2517 3220,2577 3276,2577 3276,2517"/>
                    <TextEquiv>
                        <Unicode>den</Unicode>
                    </TextEquiv>
                </Word>
                <Word id="r3l32_w7" custom="readingOrder {index:6;}">
                    <Coords points="3289,2520 3289,2580 3453,2580 3453,2520"/>
                    <TextEquiv>
                        <Unicode>Appell</Unicode>
                    </TextEquiv>
                </Word>
                <Word id="r3l32_w8" custom="readingOrder {index:7;}">
                    <Coords points="3479,2518 3479,2578 3520,2578 3520,2518"/>
                    <TextEquiv>
                        <Unicode>im</Unicode>
                    </TextEquiv>
                </Word>
                <TextEquiv>
                    <Unicode>Brewalt zu appelliten gesinnet, auch den Appell im</Unicode>
                </TextEquiv>
            </TextLine>
            <TextEquiv>
                <Unicode></Unicode>
            </TextEquiv>
        </TextRegion>
    </Page>
</PcGts>
