4032 3024
439 139 577 199 Af.

388 1890 542 1950 Gfeller
564 1882 705 1942 Estbeth

386 1967 650 2027 Contean.

378 2294 533 2354 Schmidt
554 2284 656 2344 Brmna

392 2367 570 2427 hüntzigber
581 2365 737 2425 hmnauul.

815 215 863 275 der
888 215 1037 275 Cantzley
1073 215 1346 275 eingeben,
1358 217 1457 277 auch
1481 219 1616 279 berits
1641 222 1703 282 den
1739 227 1887 287 Acess
1901 234 1961 294 von

771 313 1011 373 Mnger
1038 310 1171 370 embts
1185 308 1466 368 Schultheiße
1493 309 1626 369 Stäger
1653 310 1760 370 auff
1773 313 1987 373 mondige

772 403 798 463 Ra
850 402 875 462 v
967 400 1149 460 ngHre
1175 399 1241 459 den
1292 398 1463 458 Räthen
1502 397 1763 457 zuerscheinn
1776 400 1970 460 erhalten

798 494 837 554 Er
863 494 943 554 also
969 493 1154 553 protestir
1180 493 1232 553 d
1260 491 1312 551 mn
1325 491 1431 551 gnädigen
1444 491 1550 551 Herre
1577 493 1629 553 für
1655 494 1906 554 dißmahlen

790 577 923 637 muche
956 576 1200 636 erkantnuß
1244 580 1543 640 außfellindt.
1576 583 1642 643 Bey
1675 586 1798 646 solches
1831 586 1909 646 der

774 662 890 722 sache
915 662 1200 722 gestaltsamme
1238 668 1316 728 nun
1341 673 1509 733 solein
1522 677 1625 737 gnädigen
1639 680 1780 740 Herren
1793 682 1870 742 auß

778 755 969 815 pfellung
1011 754 1170 814 Einicher
1191 755 1445 815 erkentnuß
1488 758 1551 818 nit
1594 760 1795 820 Vorfilen
1859 758 1975 818 undt

778 852 925 912 beyden
974 845 1232 905 Pfarthegen
1282 845 1331 905 die
1369 845 1613 905 verliesung
1663 847 1774 907 dahin
1798 850 1958 910 erthelt

783 941 889 1001 haben
901 941 984 1001 Mein
996 941 1090 1001 gnädigen
1103 941 1184 1001 Herre
1209 941 1232 1001 in
1267 941 1539 1001 gebührenden
1622 937 1835 997 Respect
1870 930 1990 990 vor¬

747 1035 1021 1095 zustellen,
1058 1028 1134 1088 daß
1171 1027 1359 1087 selbigen
1408 1028 1633 1088 gnädigst
1659 1030 1820 1090 belieben
1833 1034 1983 1094 möchte

779 1123 962 1183 überden
1038 1118 1134 1178 Von
1178 1118 1242 1178 der
1275 1119 1426 1179 Freute
1459 1121 1653 1181 Herläder
1729 1123 1989 1183 intericirten

748 1208 959 1268 Recours,
972 1208 1262 1268 obnemblichen
1284 1207 1352 1267 Sie
1396 1207 1441 1267 zu
1497 1204 1721 1264 bewisung
1766 1199 1933 1259 Einicher

775 1289 899 1349 winder
914 1290 992 1350 Ihn
1023 1292 1179 1352 Ehell.
1210 1298 1414 1358 geführte
1445 1301 1662 1361 Kleyden,
1695 1297 1756 1357 die
1788 1293 1913 1353 seiner

767 1383 885 1443 seits
923 1382 1132 1442 verneunt
1158 1386 1380 1446 verdindt,
1405 1391 1523 1451 Ihme
1536 1391 1587 1451 an
1627 1391 1691 1451 die
1732 1388 1862 1448 handt

753 1473 907 1533 gezogen
919 1471 1048 1531 werden
1085 1471 1215 1531 könne
1250 1472 1334 1532 odor
1357 1474 1476 1534 nit:
1512 1474 1643 1534 Umb
1678 1471 1713 1531 so
1737 1469 1784 1529 da
1821 1463 1926 1523 mehr

771 1561 883 1621 weile
938 1554 1006 1614 bey
1028 1553 1264 1613 erachtung
1297 1557 1409 1617 einer
1442 1561 1611 1621 neuleg
1644 1560 1835 1620 Proredud
1868 1553 1982 1613 obiger

763 1656 920 1716 zunckz
949 1651 1137 1711 allezeit
1151 1652 1195 1712 in
1237 1654 1496 1714 quaestione
1540 1653 1684 1713 fallen
1712 1645 1856 1705 werde.

754 1821 989 1881 Brachten
1030 1816 1085 1876 die
1114 1817 1404 1877 wehrmütter
1418 1820 1529 1880 an,
1556 1820 1611 1880 die
1640 1816 1805 1876 Elßbeth
1834 1800 1985 1860 Gfeler

760 1906 846 1966 Von
868 1899 987 1959 Weil
1019 1897 1105 1957 seye
1137 1899 1256 1959 gester
1300 1903 1451 1963 kindts
1473 1903 1657 1963 genesen,
1667 1896 1765 1956 undt
1786 1885 1884 1945 auff

743 1995 817 2055 dem
875 1991 978 2051 Long
1009 1991 1083 2051 alß
1126 1991 1303 2051 Vatter
1332 1993 1540 2053 beharret,
1555 1986 1672 2046 Cogl.
1687 1977 1806 2037 solle
1835 1959 1938 2019 noch

749 2088 824 2148 der
850 2083 1112 2143 Kindtbetten
1136 2087 1425 2147 erscheinen.

751 2258 978 2318 Erschinne
1022 2257 1179 2317 Brinna
1207 2257 1378 2317 Schmidt
1392 2257 1492 2317 undt
1506 2255 1579 2315 Herr
1607 2250 1792 2310 fmnanuel
1834 2236 1993 2296 Huntz¬

787 2357 839 2417 ber
871 2350 946 2410 von
1010 2344 1191 2404 Praute,
1212 2344 1361 2404 welchen
1403 2345 1456 2405 die
1489 2344 1616 2404 foster
1659 2341 1691 2401 so
1712 2337 1819 2397 wohl
1850 2322 1967 2382 Vor¬

742 2440 837 2500 Inn
864 2435 948 2495 alßo
975 2434 1056 2494 nach
1099 2434 1153 2494 der
1167 2432 1332 2492 geüßet
1345 2431 1413 2491 Ihr
1442 2428 1524 2488 zur
1551 2423 1661 2483 welt
1688 2408 1907 2468 gebohrnet

724 2533 856 2593 Kindter
871 2527 1180 2587 zugefignet,
1194 2524 1297 2584 undt
1311 2521 1458 2581 annoch
1472 2516 1561 2576 auf
1575 2510 1664 2570 Ihne
1693 2492 1927 2552 verharret

3447 252 3496 312 63

2378 343 2523 403 welches
2551 341 2578 401 Er
2604 341 2670 401 aber
2697 342 2884 402 beständig
2912 346 3138 406 alßgeluße
3165 352 3312 412 schriffte
3352 356 3538 416 geschiben

2382 430 2546 490 zuhaben
2578 430 2787 490 vermeinet:
2819 430 2916 490 Ward
2950 433 3081 493 erkeit
3125 436 3234 496 wegen
3277 439 3342 499 der
3365 442 3626 502 Verdächtigen

2392 508 2658 568 umbständen
2699 508 2782 568 solle
2813 508 2843 568 er
2874 508 2937 568 deß
2977 508 3079 568 Eydes
3101 510 3337 570 albgewisen,
3357 513 3461 573 undt
3491 516 3593 576 Ihme

2390 592 2449 652 des
2486 590 2654 650 Klegeit
2691 589 2799 649 kindt
2822 589 2895 649 alß
2930 587 3158 647 oheehrlich
3195 586 3231 646 zu
3266 586 3387 646 bebeit
3411 586 3592 646 sein:

2379 680 2436 740 Er
2450 676 2611 736 bejehrt
2625 674 2668 734 zu
2699 674 2931 734 recuren,
2959 674 3236 734 bewilliget.
3250 670 3293 730 V.
3308 668 3367 728 sub
3381 663 3468 723 pag.
3483 658 3542 718 97.

2370 867 2570 927 MnRH.
2597 862 2757 922 Schulthe
2797 859 2931 919 Knecht
2971 853 3158 913 verharret
3171 850 3251 910 auf
3264 847 3371 907 seiner
3398 843 3640 903 außaag¬

2376 953 2469 1013 undt
2492 949 2725 1009 Protentirt,
2736 946 2806 1006 daß
2852 946 2910 1006 der
2945 944 3142 1004 dunaulgo
3189 943 3259 1003 zum
3293 941 3397 1001 Eydt
3420 934 3619 994 admittirt

2061 971 2186 1031 Knecht
2208 965 2259 1025 H.
2270 959 2365 1019 Cons.

2059 1062 2128 1122 dun
2140 1050 2244 1110 auter
2256 1033 2499 1093 danilwenden
2556 1021 2672 1081 welen
2695 1020 2730 1080 fo
2764 1018 2868 1078 Eines
2891 1018 3007 1078 theils
3019 1019 3089 1079 fur
3123 1019 3181 1079 sein
3216 1021 3401 1081 ankleger
3424 1021 3645 1081 anzusehen,

2381 1114 2493 1174 anders
2507 1107 2620 1167 theils
2634 1103 2803 1163 Ersener
2830 1105 3057 1165 bekantnuß
3084 1108 3170 1168 nach
3198 1111 3309 1171 solche
3339 1111 3464 1171 sachen

2370 1193 2571 1253 begangen
2606 1183 2736 1243 undt
2760 1181 2915 1241 begehen
2961 1184 3128 1244 wollen,
3151 1186 3234 1246 daß
3281 1183 3318 1243 Eo
3353 1180 3424 1240 das
3459 1171 3578 1231 landt

2402 1270 2622 1330 verbückt
2647 1265 2738 1325 undt
2751 1264 3087 1324 außgeschmetzt
3100 1264 3229 1324 werden
3255 1262 3371 1322 sollte
3411 1258 3488 1318 nach
3515 1254 3579 1314 den

2374 1360 2524 1420 Gesatz.
2535 1358 2651 1418 Cogl.
2674 1355 2835 1415 Weilen
2892 1351 2962 1411 der
2984 1348 3215 1408 dunauler
3238 1345 3272 1405 in
3318 1344 3433 1404 diesem

2348 1455 2543 1515 geschäfft
2557 1445 2780 1505 gehandlet
2823 1440 2907 1500 noch
2921 1437 3144 1497 rürblichen
3157 1434 3269 1494 nicht
3296 1431 3367 1491 alß
3410 1428 3478 1488 Ein

2350 1545 2745 1605 Kupalererkent,
2758 1535 2835 1595 alß
2873 1534 2963 1594 solle
3001 1534 3052 1594 Er
3077 1534 3167 1594 zum
3217 1531 3549 1591 fydtadmittirt

2353 1639 2433 1699 sen
2459 1632 2631 1692 Mathl.
2657 1628 2750 1688 Cons.
2776 1628 2935 1688 begehrt
2961 1629 3001 1689 zu
3053 1630 3305 1690 recurrin,
3331 1628 3529 1688 accordirt

2357 1717 2470 1777 Oide
2488 1711 2551 1771 sub
2585 1711 2666 1771 Tg.
2681 1715 2747 1775 4.
2763 1723 2859 1783 Fol.
2877 1733 2943 1793 8.

2350 1822 2513 1882 langte
2548 1822 2629 1882 von
2664 1821 2734 1881 H.
2745 1819 2954 1879 Pfredicant
3001 1817 3035 1877 zu
3083 1814 3291 1874 Bollingen
3327 1811 3443 1871 wegen
3477 1808 3547 1868 deß

2052 1828 2236 1888 veiger
2248 1825 2329 1885 H.

2359 1906 2395 1966 am
2443 1905 2539 1965 heil.
2563 1903 2731 1963 Bättag
2755 1899 2947 1959 alldortte
2972 1897 3019 1957 in
3055 1894 3128 1954 der
3164 1892 3308 1952 Abendt
3320 1888 3464 1948 pfedig

2069 1903 2302 1963 Fruenrich

2346 1993 2603 2053 vorgangenn
2631 1990 2773 2050 großen
2789 1987 2989 2047 Scandal,
3017 1985 3247 2045 folgender
3261 1985 3389 2045 bericht
3433 1987 3517 2047 Ein

2326 2143 2483 2203 Tit.

2342 2266 2440 2326 Wir
2456 2268 2522 2328 ist
2538 2270 2914 2330 ohnaußpfrechlich
2930 2269 3028 2329 beidt
3044 2269 3110 2329 daß
3142 2267 3208 2327 der
3224 2266 3290 2326 hel
3340 2263 3520 2323 böttag,

2336 2356 2533 2416 heüwigen
2559 2356 2664 2416 Jahrs
2690 2356 2729 2416 zu
2783 2357 3018 2417 bollingen,
3044 2359 3072 2419 so
3111 2361 3320 2421 Jämmerlich
3333 2365 3387 2425 ist
3413 2367 3635 2427 Enthiliget

2344 2443 2548 2503 worden,
2577 2446 2694 2506 hätte
2709 2448 2768 2508 Ich
2797 2449 2855 2509 die
2869 2452 3147 2512 erforderliche
3178 2453 3410 2513 gesundtheit
3425 2450 3571 2510 gehabt
