4032 3024
368 136 518 196 69l.

387 572 643 632 Bollinge.

373 665 559 725 Bättag

366 779 487 839 Steiger
501 778 568 838 H.
582 780 731 840 Aidenich.

753 238 1058 298 Verhofentlich
1084 240 1191 300 wäre
1217 242 1311 302 diese
1337 246 1536 306 grütliche
1562 255 1736 315 Ergenuß
1776 267 1869 327 nicht
1896 280 2003 340 wider¬

758 335 926 395 fahren,
950 335 1071 395 allein
1106 336 1215 396 aiene
1251 340 1371 400 rechte
1407 343 1539 403 handt
1564 347 1636 407 ist
1660 349 1744 409 mir
1768 350 1960 410 Montags

756 425 840 485 Vor
861 421 926 481 dem
979 421 1160 481 Bättag,
1181 423 1235 483 da
1277 425 1330 485 Ich
1353 427 1426 487 mich
1458 431 1533 491 aus
1555 436 1735 496 Ludiden
1788 440 1971 500 begeb¬

741 508 846 568 gegen
869 506 952 566 noch
964 507 1082 567 nicht
1129 512 1388 572 Wollendete
1423 518 1552 578 baden
1587 521 1670 581 sud,
1694 521 1752 581 die
1775 521 1823 581 Ich
1847 519 1928 579 umb

752 600 812 660 der
836 595 1077 655 damaligen
1113 594 1184 654 hil
1245 598 1485 658 Communiono
1509 601 1594 661 set
1618 604 1907 664 hindensetzten

744 686 972 746 dergestalt
1011 680 1303 740 verschukten
1380 682 1482 742 undt
1507 685 1672 745 zugleich
1697 694 1965 754 aufgebrohen

748 780 807 840 daß
856 778 903 838 Ich
927 776 1106 836 größeres
1130 774 1263 834 eiheil
1310 773 1358 833 zu
1382 772 1669 832 vermeiden,
1693 773 1801 833 weile
1848 773 1920 833 Ichm

744 868 957 928 lncklich
991 867 1080 927 beim
1137 864 1284 924 finged
1329 862 1362 922 zu
1396 859 1464 919 dem
1509 856 1644 916 andern
1667 852 1801 912 bringen
1825 851 1936 911 kente

724 947 833 1007 umt
869 952 1039 1012 hefftige
1077 952 1283 1012 schmertzen
1320 947 1442 1007 hatte
1502 943 1588 1003 mich
1624 937 1709 997 wider
1734 933 1807 993 iit
1831 928 1929 988 bade

730 1044 820 1104 bega
858 1048 910 1108 und
922 1050 973 1110 in
985 1052 1090 1112 gnädigen
1102 1050 1205 1110 Herrn
1217 1046 1385 1106 Professor
1410 1039 1577 1099 Scheür
1602 1027 1935 1087 schleünigstumb

739 1130 846 1190 Einen
895 1135 1099 1195 Pfrdiger
1124 1133 1292 1193 ersuchen
1340 1128 1472 1188 ließ;
1496 1124 1557 1184 Ich
1593 1119 1701 1179 hätte
1737 1113 1881 1173 mögen

735 1217 1011 1277 erwünschen,
1036 1216 1107 1276 daß
1155 1216 1191 1276 an
1240 1214 1361 1274 Einen
1432 1210 1564 1270 solcher
1600 1205 1733 1265 Ponter
1756 1198 1960 1258 Jehmandt

741 1298 881 1358 anders
906 1300 964 1360 alß
999 1301 1069 1361 H.
1094 1302 1245 1362 Povisor
1270 1302 1458 1362 Zimmerl.
1482 1300 1563 1360 wär
1610 1293 1798 1353 geornet
1823 1283 1963 1343 worden

736 1392 801 1452 der
827 1388 882 1448 deß
921 1387 1147 1447 Pfredigers
1186 1388 1332 1448 größen
1399 1388 1652 1448 erfahrung
1678 1381 1824 1441 gehabt
1837 1370 1944 1430 hätte

713 1481 786 1541 Hr
811 1477 1022 1537 Badtwirth
1061 1477 1172 1537 hande
1222 1477 1272 1537 kon
1309 1478 1358 1538 Ich
1382 1478 1482 1538 mit
1520 1476 1644 1536 gutten
1669 1470 1856 1530 gewüßen

726 1565 811 1625 dar
839 1564 1013 1624 ehrliche
1041 1564 1256 1624 Zeugnuß
1300 1561 1543 1621 abstatten,
1574 1557 1645 1617 daß
1687 1553 1746 1613 Ich
1774 1546 1932 1606 währendt

729 1658 882 1718 menen
964 1658 1130 1718 hiesigen
1153 1657 1425 1717 Ministerio
1448 1653 1483 1713 an
1518 1649 1625 1709 seiner
1648 1642 1790 1702 gantzen
1801 1628 1968 1688 Hauß¬

749 1745 931 1805 discipin
999 1742 1136 1802 nichts
1160 1741 1239 1801 auß
1286 1738 1423 1798 1ten
1445 1735 1661 1795 gefunden
1697 1730 1764 1790 hab
1810 1726 1867 1786 An

738 1835 813 1895 dem
862 1834 1037 1894 battag
1062 1832 1126 1892 ist
1175 1829 1250 1889 bey
1288 1827 1350 1887 dem
1412 1822 1626 1882 badthauß
1676 1813 1762 1873 Ban
1787 1803 1937 1863 morgen

726 1927 784 1987 biß
819 1925 865 1985 an
901 1922 971 1982 den
1028 1918 1191 1978 Abendt
1214 1916 1295 1976 gar
1342 1913 1411 1973 bei
1446 1908 1598 1968 Excess
1621 1903 1714 1963 oder
1736 1896 1888 1956 Einiche

726 2005 1101 2065 Ohngebührlichkeit
1135 1999 1250 2059 nicht
1295 1994 1477 2054 verübet
1512 1987 1751 2047 worden.
1784 1977 1944 2037 brruffen

720 2098 799 2158 mich
822 2094 923 2154 aber
946 2088 1184 2148 deßthalb
1219 2082 1297 2142 auf
1343 2077 1388 2137 die
1411 2073 1558 2133 heugnd
1581 2067 1648 2127 Mein
1661 2062 1752 2122 gnädigen
1763 2054 1864 2114 Herrn

711 2192 919 2252 Bauwl.
944 2182 1128 2242 Mutacht
1166 2172 1411 2232 Tochtermand
1436 2166 1510 2226 alß
1559 2161 1694 2221 Mehh
1768 2154 1915 2214 haubt

713 2274 852 2334 mann
886 2264 1094 2324 Stückers
1117 2258 1221 2318 undt
1243 2255 1336 2315 füre
1359 2253 1416 2313 ein
1427 2251 1520 2311 gnädigen
1531 2248 1624 2308 Herren
1635 2240 1889 2300 Eherweibelr

805 2351 1092 2411 Heübesten,
1120 2342 1191 2402 also
1221 2339 1491 2399 dißmaligen
1521 2326 1808 2386 badtgesten¬

696 2486 819 2546 Aber
845 2479 881 2539 zu
943 2472 1191 2532 bollingen
1227 2470 1289 2530 ist
1326 2467 1364 2527 Es
1400 2463 1537 2523 leyder
1585 2453 1684 2513 wohl
1722 2436 1845 2496 desto

725 2565 934 2625 Ergerliches
960 2554 1263 2614 hergegangen,
1289 2546 1433 2606 worvon
1459 2539 1511 2599 Ich
1537 2532 1656 2592 theils
1682 2521 1734 2581 der
1747 2504 1931 2564 Ueheber

2121 1236 2195 1296 o.
2211 1215 2323 1275 S.

3530 256 3589 316 65

2360 335 2488 395 theilt
2526 331 2578 391 die
2591 329 2733 389 daüber
2745 326 2950 386 gehegeten
2976 325 3001 385 zu
3028 325 3118 385 shau
3143 325 3206 385 wer
3220 325 3323 385 nach
3348 327 3553 387 disöärtiger

2371 403 2667 463 auffgenommenes
2687 404 2891 464 genauwer
2912 408 3156 468 Information
3228 410 3382 470 obschon
3412 410 3616 470 blagender

2369 488 2516 548 dennoch
2528 490 2626 550 gantz
2638 492 2958 552 buchfartheyischer
2982 491 3057 551 weiß
3105 487 3326 547 vermelden
3340 480 3451 540 will.

2357 578 2419 638 H.
2444 581 2758 641 Jasulverwolter
2784 580 2922 640 Ernsten
2959 577 3060 637 Sohn
3123 571 3374 631 Lieutenant
3387 568 3425 628 in
3450 565 3627 625 Piemon¬

2352 667 2364 727 1
2399 662 2528 722 tesische
2563 656 2705 716 diensten
2763 653 2881 713 Ware
2904 652 2999 712 Eine
3045 652 3222 712 geraume
3257 649 3328 709 heit
3363 646 3434 706 vor
3469 642 3539 702 biß

2385 744 2475 804 nach
2495 740 2546 800 dem
2605 734 2746 794 bättag
2786 733 2855 793 hier
2875 733 2916 793 in
2956 733 3077 793 boden
3106 731 3176 791 sas
3216 729 3386 789 begriffen
3457 720 3566 780 wurde

2377 827 2413 887 zu
2449 821 2570 881 Zeiten
2594 816 2752 876 besucht
2776 812 2861 872 von
2898 811 2958 871 H.
2982 805 3382 865 Schul-Rathschreibte
3408 794 3540 854 Müller

2385 898 2474 958 undt
2496 896 2565 956 von
2609 895 2632 955 H
2722 892 2902 952 Allbrecht
2936 888 3127 948 Zechender
3162 885 3229 945 auß
3262 883 3319 943 dem
3364 879 3611 939 Kaufhauß;

2357 977 2424 1037 Alß
2457 974 2537 1034 diese
2570 972 2728 1032 sweyff
2763 969 2841 1029 mich
2864 967 2954 1027 auch
2999 966 3067 1026 bey
3090 965 3146 1025 dem
3203 961 3281 1021 badt
3303 959 3405 1019 sachen

2363 1063 2520 1123 bekann
2544 1058 2594 1118 sie
2618 1051 2823 1111 kustrlich
2861 1048 2945 1108 they
2995 1046 3238 1106 zupredigen
3298 1041 3359 1101 wie
3383 1039 3443 1099 Sie
3469 1034 3565 1094 dann

2356 1147 2451 1207 auch
2473 1141 2600 1201 deßt
2611 1137 2717 1197 wegen
2739 1132 2973 1192 Sambstags
3006 1124 3186 1184 abendts
3218 1116 3388 1176 Worden
3421 1108 3516 1168 lest

2367 1230 2437 1290 hih
2479 1224 2621 1284 Sontag
2661 1218 2753 1278 beym
2805 1212 2998 1272 Badthauß
3039 1201 3365 1261 übernachteten
3416 1191 3518 1251 undt

2351 1311 2512 1371 Sontags
2556 1306 2718 1366 darauff
2750 1303 2805 1363 die
2848 1299 3021 1359 Morgen-
3032 1293 3183 1353 Pfredig
3216 1289 3303 1349 mit
3324 1286 3411 1346 alle
3432 1282 3594 1342 andaht

2366 1381 2457 1441 undt
2469 1379 2756 1439 Eherbietung
2792 1376 3056 1436 anhörten.
3080 1372 3171 1432 Von
3205 1370 3309 1430 dieser
3320 1366 3506 1426 Pfedig¬

2359 1459 2480 1519 nachn
2511 1456 2571 1516 Sie
2602 1455 2653 1515 die
2694 1453 2826 1513 anlaß
2856 1451 2957 1511 undt
2998 1451 3049 1511 de
3079 1448 3293 1508 Entschluß
3353 1444 3435 1504 auch
3475 1441 3536 1501 den

2354 1536 2503 1596 bättag
2525 1528 2856 1588 beyzuwohnen,
2878 1528 2953 1588 wan
2996 1528 3049 1588 Ich
3093 1528 3306 1588 derselben,
3328 1525 3392 1585 wie
3413 1522 3478 1582 Ich

2331 1633 2556 1693 Vorhaben
2601 1621 2647 1681 zu
2677 1617 2752 1677 sein
2767 1615 2858 1675 mich
2873 1613 3069 1673 erklärte
3113 1614 3248 1674 selber
3279 1616 3505 1676 verichten

2361 1717 2460 1777 wund
2483 1713 2517 1773 in
2550 1710 2673 1770 welcher
2706 1704 2918 1764 Intention
2997 1699 3074 1759 von
3109 1698 3243 1758 meiner
3265 1699 3533 1759 Pflötzlichen

2336 1797 2609 1857 Indisposition
2659 1786 2780 1846 nichts
2811 1783 3002 1843 wüßende
3072 1781 3143 1841 Sie
3174 1781 3285 1841 dana
3315 1779 3386 1839 auch
3416 1775 3558 1835 mitt¬

2336 1881 2457 1941 1wohn
2487 1869 2628 1929 abendts
2657 1864 2859 1924 ankomen
2899 1861 3000 1921 undt
3019 1861 3049 1921 in
3110 1861 3170 1921 der
3190 1859 3301 1919 stille
3352 1855 3443 1915 da¬

2367 1946 2712 2006 übernachteten,
2746 1938 2816 1998 bey
2839 1936 2908 1996 der
2955 1932 3161 1992 Bodthauß
3207 1929 3277 1989 war
3322 1926 3392 1986 nach
3415 1921 3531 1981 sich¬

2365 2033 2551 2093 anfangs
2577 2024 2738 2084 Sommers
2777 2021 2844 2081 H.
2883 2020 3163 2080 Kostenhoffer
3191 2018 3271 2078 Von
3297 2013 3538 2073 Rarenwo¬

2352 2122 2432 2182 alß
2478 2119 2547 2179 H.
2571 2114 2708 2174 Handers
2731 2109 3018 2169 Tochtermann

2356 2226 2641 2286 Deßmorgers
2663 2219 2697 2279 an
2744 2216 2800 2276 dem
2845 2212 3005 2272 Bättag
3052 2209 3119 2269 von
3153 2206 3301 2266 guhren
3337 2203 3496 2263 vegglag
3530 2202 3564 2262 Ich

2355 2311 2429 2371 mit
2468 2308 2592 2368 großer
2618 2304 2818 2364 schwochheit
2843 2300 3030 2360 behofftet
3069 2296 3156 2356 auff
3182 2294 3244 2354 dem
3294 2290 3432 2350 bettl.
3457 2288 3582 2348 mitter

2326 2402 2424 2462 weil
2467 2399 2533 2459 gab
2554 2396 2610 2456 herr
2653 2393 2785 2453 Lander
2806 2390 2883 2450 sein
2937 2384 3243 2444 badt-Satient
3308 2376 3395 2436 das
3417 2368 3615 2428 mittag¬

2338 2497 2477 2557 Eßen
2518 2481 2713 2541 (welches
2742 2475 2811 2535 bey
2852 2472 2964 2532 baden
2977 2471 3061 2531 Einen
3089 2470 3187 2530 umb
3214 2469 3354 2529 guter
3367 2467 3562 2527 ursachen
