4032 3024
378 117 528 177 66.

380 1340 448 1400 Ob
482 1319 617 1379 1.

574 1063 643 1123 1.

760 194 897 254 willen
939 197 1062 257 selbs
1089 199 1131 259 an
1185 202 1432 262 faßtagen
1459 207 1569 267 wohl
1611 220 1883 280 dispendirlich
1912 242 1995 302 sein

737 278 802 338 ma
843 282 869 342 1M
921 287 1172 347 edHrrn
1198 291 1475 351 Haubtmann
1514 301 1792 361 Stückrundt
1818 312 1831 372 H

731 368 971 428 Gätersten
1023 367 1176 427 kamen
1201 367 1278 427 vom
1340 370 1582 430 Siechenhauß
1620 375 1697 435 auß
1736 380 1786 440 der
1812 387 1991 447 Pfedig¬

731 453 1061 513 denenfolgeten
1111 458 1357 518 ohngeladen
1381 460 1480 520 nach
1504 461 1577 521 H.
1603 463 1726 523 Steiger
1750 465 1849 525 von

727 545 1118 605 Ostermundigen
1179 544 1240 604 H.
1265 544 1350 604 brat
1388 542 1582 602 Eellenbeg
1632 541 1717 601 von
1742 536 1951 596 Fraut¬

748 629 924 689 brunnen
947 631 1054 691 undt
1077 634 1137 694 der
1172 635 1325 695 Jungen
1349 637 1420 697 H.
1443 637 1703 697 Malacida
1750 633 1832 693 von
1856 629 1915 689 der

726 721 926 781 2fapeie
953 727 1153 787 Mühle,
1180 728 1274 788 Alle
1314 727 1435 787 diesen
1461 727 1528 787 H.
1554 725 1688 785 Caßen
1715 724 1836 784 nicht

738 815 899 875 länger
937 818 1049 878 beym
1098 820 1224 880 tisch,
1248 820 1323 880 alß
1360 820 1447 880 von
1484 821 1534 881 12
1559 821 1646 881 Uhr
1671 822 1746 882 biß
1783 824 1933 884 halber

737 910 860 970 findt,
908 911 971 971 da
1019 913 1069 973 sie
1106 916 1204 976 von
1255 917 1341 977 tisch
1378 920 1686 980 weggwaren,
1722 919 1833 979 hörte
1859 918 1920 978 Ich

728 996 772 1056 in
794 995 948 1055 meinem
1015 998 1170 1058 Kimmer
1203 1002 1280 1062 den
1324 1004 1391 1064 H.
1413 1006 1535 1066 Steger
1556 1004 1700 1064 fragen,
1723 996 1910 1056 wermit

720 1081 793 1141 Ihm
842 1081 942 1141 nach
967 1083 1191 1143 vollingen
1203 1087 1240 1147 in
1289 1087 1352 1147 die
1388 1090 1513 1150 Kirch
1537 1087 1649 1147 gehen
1674 1082 1772 1142 wolle
1810 1072 1872 1132 der

729 1166 950 1226 Zimmelin
988 1171 1111 1231 vendt
1136 1175 1383 1235 zfedigen,
1419 1175 1592 1235 darüber
1618 1171 1741 1231 sundt
1778 1165 1828 1225 Ich
1852 1158 1926 1218 Man

724 1243 823 1303 bett
848 1249 984 1309 auff,
1008 1254 1132 1314 bathe
1195 1258 1258 1318 den
1294 1259 1382 1319 Herr
1406 1258 1530 1318 Steiger
1567 1254 1654 1314 mit
1679 1243 1904 1303 freundtl.

717 1322 876 1382 werten
957 1327 1082 1387 gantz
1116 1332 1414 1392 trungenlich,
1438 1332 1483 1392 Er
1505 1330 1620 1390 sollte
1644 1324 1711 1384 doch
1747 1317 1814 1377 das
1850 1306 1917 1366 mit

714 1410 832 1470 thun,
847 1413 905 1473 ich
936 1417 1083 1477 wüste
1112 1420 1275 1480 wohl,
1305 1419 1379 1479 daß
1423 1416 1481 1476 Es
1512 1411 1615 1471 nicht
1644 1398 1895 1458 umberkaud

704 1506 868 1566 Hungt
884 1508 997 1568 willz
1030 1508 1293 1568 geschechen,
1309 1504 1441 1564 sonder
1473 1498 1554 1558 und
1571 1492 1638 1552 sein
1654 1482 1850 1542 gesthobt
1866 1469 1931 1529 vnd

728 1598 891 1658 haben,
916 1601 1103 1661 woraus
1142 1599 1216 1659 die
1255 1594 1491 1654 Gemeindt
1530 1586 1654 1646 viele
1693 1576 1905 1636 Ergenuß

700 1685 904 1745 Ichgroßen
931 1679 1135 1739 Verdauß,
1162 1676 1271 1736 undt
1312 1673 1352 1733 Er
1381 1669 1462 1729 eine
1475 1665 1639 1725 schwäre
1666 1656 1883 1716 verant¬

709 1771 941 1831 wortung
980 1765 1187 1825 bekommen
1212 1757 1355 1817 wurde

726 1909 807 1969 H.
835 1909 972 1969 Steiger
1012 1904 1150 1964 Sagte
1204 1896 1410 1956 darauff,
1437 1887 1533 1947 Erst
1561 1879 1642 1939 Intz
1655 1873 1751 1933 will
1780 1867 1820 1927 Ich
1847 1861 1943 1921 gehen

727 1987 823 2047 undt
846 1990 910 2050 dem
965 1989 1159 2049 folgeten
1202 1984 1289 2044 alle
1321 1970 1689 2030 obvernambsete
1744 1952 1819 2012 H.
1841 1944 1983 2004 nach¬

693 2087 774 2147 H.r
789 2080 1075 2140 Haubtmann
1117 2071 1281 2131 Stücker
1308 2066 1404 2126 H.
1417 2059 1569 2119 hander
1596 2048 1692 2108 undt
1718 2036 1787 2096 H.
1814 2017 1953 2077 Seule¬

700 2172 817 2232 stein
841 2159 1171 2219 außgenommen:

704 2311 761 2371 In
804 2303 877 2363 der
905 2287 1252 2347 Kicherahleten
1267 2276 1352 2336 H.
1381 2270 1511 2330 Stiger
1541 2261 1641 2321 nicht
1655 2253 1756 2313 auff
1771 2243 1886 2303 Einen

693 2389 934 2449 Schulbauk
972 2378 1100 2438 nieder
1137 2372 1200 2432 wie
1240 2366 1303 2426 Ihm
1366 2356 1544 2416 dorauff
1557 2342 1672 2402 Einer
1710 2327 1800 2387 Von
1825 2314 1888 2374 den

705 2465 1002 2525 eingemachten
1039 2456 1163 2516 herrn
1188 2450 1349 2510 Stühlen
1410 2437 1547 2497 gelisen
1571 2424 1708 2484 wurde,
1732 2404 1869 2464 befohl

689 2565 746 2625 Er
761 2558 893 2618 gleich
922 2546 1140 2606 aufangs
1169 2540 1228 2600 dier
1257 2533 1461 2593 Pfedist
1492 2522 1563 2582 dem
1608 2508 1767 2568 Sigenist
1784 2487 1943 2547 überlath

2215 491 2290 551 4.

2217 782 2272 842 5.

3528 248 3583 308 67

2356 313 2402 373 Er
2413 313 2495 373 solle
2518 314 2576 374 die
2599 316 2693 376 Thür
2716 323 3007 383 beschließen.
3043 331 3263 391 Darüberhin
3286 335 3380 395 hube
3403 335 3439 395 er
3462 336 3543 396 eine

2359 395 2503 455 unfug
2525 392 2613 452 nach
2635 394 2690 454 der
2713 397 2845 457 andern
2856 400 2900 460 an
2989 409 3132 469 wormit
3143 412 3188 472 eEr
3221 415 3286 475 den
3320 417 3518 477 Pfediger

2865 443 2917 503 han

2368 479 2446 539 wie
2468 477 2537 537 mit
2570 476 2672 536 dieses
2695 476 2785 536 nach
2808 477 2864 537 der
2886 479 2966 539 mit
2999 482 3123 542 großes
3157 487 3406 547 befürbtnuß
3450 491 3563 551 klagte

2366 557 2543 617 gewaltig
2568 557 2707 617 sonfus
2744 560 2896 620 machten
2933 567 3122 627 Schmieße
3149 573 3249 633 seinen
3261 576 3388 636 stuhl
3425 578 3527 638 mit

2353 655 2425 715 der
2439 649 2610 709 gedesen
2638 649 2836 709 ungestüm
2864 656 3206 716 veweltigauff
3220 659 3320 719 undt
3333 657 3463 717 iider¬

2357 755 2511 815 Sekten
2553 752 2614 812 das
2646 750 2832 810 Montags
2853 749 3029 809 bletthen
3049 749 3079 809 in
3122 746 3225 806 huth
3266 742 3379 802 wolte
3421 733 3565 793 daraus

2352 829 2429 889 mit
2449 829 2642 889 MeHe
2671 830 2866 890 Schultheß
2914 830 3157 890 Willbdung
3197 828 3294 888 undt
3313 824 3410 884 mit
3438 820 3459 880 H

2353 920 2509 980 Müller
2542 916 2688 976 Sieles
2732 914 2833 974 Von
2855 913 2967 973 fund
3000 910 3112 970 darim
3169 904 3448 964 Vermeldeten

2249 961 2304 1021 6.

2343 999 2427 1059 katz
2449 994 2744 1054 lautschlätzen,
2786 990 2861 1050 von
2902 988 2977 1048 H.
2998 988 3156 1048 Zimert
3198 986 3324 1046 einen
3357 985 3567 1045 biblischen

2366 1095 2500 1155 Ppauch
2529 1089 2695 1149 lvieten
2739 1081 2933 1141 schaulote
2963 1076 3053 1136 Herr.
3068 1072 3246 1132 Stigerin
3277 1072 3336 1132 den
3351 1072 3455 1132 Sabi
3485 1075 3636 1135 Colendo,

2350 1172 2501 1232 möchte
2552 1171 2734 1231 darauff
2764 1166 3017 1226 sföttischen
3068 1162 3300 1222 Grimares
3331 1162 3452 1222 gegen
3482 1162 3543 1222 dem

2342 1267 2579 1327 Pfrediges
2618 1260 2870 1320 undtsagte
2896 1255 2935 1315 zu
2976 1255 3067 1315 Hr.
3095 1252 3253 1312 Mutte
3279 1250 3358 1310 mit
3399 1247 3611 1307 Aruemb¬

2235 1279 2318 1339 7.

2361 1359 2461 1419 licher
2489 1353 2588 1413 stinm
2616 1351 2660 1411 Es
2674 1347 2759 1407 seye
2787 1345 2959 1405 faltsch
3000 1340 3355 1400 baldtscharete
3384 1339 3426 1399 Er
3440 1339 3540 1399 mit

2351 1459 2426 1519 des
2441 1453 2576 1513 sante,
2591 1448 2683 1508 weir
2697 1445 2817 1505 nricht
2848 1441 2938 1501 und
2967 1438 3044 1498 für
3073 1432 3239 1492 figured
3254 1427 3375 1487 auff
3390 1422 3464 1482 den

2099 1449 2285 1509 16ll.

2348 1544 2529 1604 beden,
2556 1538 2666 1598 dann
2693 1534 2818 1594 macht
2846 1532 2887 1592 Er
2914 1531 3025 1591 wider
3067 1528 3275 1588 feirsolch
3316 1523 3550 1583 vrächtlich

2364 1625 2444 1685 und
2472 1625 2701 1685 närisches
2729 1627 2865 1687 gesaht
2905 1628 3027 1688 baldt
3053 1628 3149 1688 gegen
3175 1630 3230 1690 der
3270 1630 3419 1690 Cantzel
3473 1628 3581 1688 bald

2203 1652 2264 1712 sö

2335 1711 2465 1771 gegen
2481 1711 2547 1771 die
2579 1711 2629 1771 so
2661 1712 2759 1772 umb
2791 1714 2873 1774 Ihm
2907 1716 3069 1776 sosten,
3103 1717 3185 1777 daß
3217 1718 3265 1778 Er
3283 1717 3347 1777 ein
3363 1714 3543 1774 schandte

2343 1817 2543 1877 zusagen
2557 1812 2667 1872 ist.

2350 1943 2483 2003 daher
2523 1935 2654 1995 kam,
2669 1931 2748 1991 daß
2787 1928 2881 1988 alle
2894 1927 3119 1987 antesende
3171 1927 3291 1987 kaum
3344 1930 3383 1990 3.
3396 1934 3584 1994 außge¬

2356 2026 2501 2086 nommen
2522 2022 2625 2082 herrn
2646 2018 2730 2078 undt
2760 2014 2947 2074 Frauben
3020 2009 3093 2069 wie
3124 2009 3186 2069 die
3206 2009 3383 2069 Bautworn
3426 2013 3529 2073 ohne

2321 2109 2578 2169 underscheidt
2595 2105 2746 2165 theild
2761 2102 2808 2162 im
2852 2100 3005 2160 gesicht
3020 2097 3141 2157 solche
3173 2095 3309 2155 Narm
3338 2096 3491 2156 Pfößten

2327 2209 2469 2269 theils
2504 2203 2591 2263 aber
2613 2200 2691 2260 auß
2724 2196 2955 2256 gnugsamer
2977 2191 3220 2251 erbauwung
3264 2187 3340 2247 von
3373 2184 3462 2244 dem

2338 2293 2508 2353 darüber
2532 2290 2567 2350 zr
2616 2288 2810 2348 gemachte
2871 2287 2991 2347 undt
3015 2285 3123 2345 offt
3149 2281 3486 2341 angestellten

2320 2383 2515 2443 Pferdiger
2551 2377 2637 2437 ans
2673 2374 2783 2434 laut
2807 2372 2917 2432 lahn
2929 2371 3064 2431 kommen
3125 2371 3198 2431 wo
3222 2372 3332 2432 Einen
3356 2375 3552 2435 lumpen

2197 2480 2283 2540 9.
2316 2474 2452 2534 hatte
2486 2464 2674 2524 schoppte
2691 2458 2760 2518 Ihr
2777 2456 2829 2516 in
2846 2455 3015 2515 munde,
3051 2455 3154 2515 undt
3170 2456 3323 2516 wollte
3340 2462 3392 2522 sei
3409 2467 3545 2527 lachen
