4032 3024
364 170 498 230 689.

385 1300 405 1360 1

595 869 641 929 10

736 263 976 323 verbeißen,
1004 259 1161 319 dahohne
1189 254 1331 314 sucess
1359 251 1430 311 alß
1458 251 1516 311 wie
1543 251 1587 311 Es
1615 253 1686 313 H.
1714 256 1799 316 Erst
1813 263 1912 323 undt

742 356 987 416 AnderenH.
1000 353 1163 413 ergangen
1191 351 1272 411 ist,
1300 350 1599 410 dienochmahls
1612 353 1694 413 H.
1721 363 1968 423 Steigers¬

722 449 959 509 Scandalum
1004 445 1174 505 qaltig
1208 439 1445 499 accusirten
1491 439 1592 499 undt
1616 449 1875 509 Setentirten

707 541 868 601 Andere
904 543 1053 603 hielten
1114 540 1176 600 den
1212 535 1337 595 Kopf
1373 530 1584 590 voowider
1621 534 1782 594 Etliche
1806 549 1943 609 beheteng

724 631 797 691 den
841 630 990 690 Mugken
1036 627 1153 687 undt
1169 622 1272 682 lase
1287 618 1511 678 uffalmer
1569 616 1703 676 kadten
1732 620 1808 680 sich
1822 624 1866 684 in

712 720 924 780 lüschen
956 716 1022 776 deß
1070 715 1234 775 lochens
1266 713 1430 773 dochmit
1446 712 1642 772 erlehen

706 860 794 920 H.
820 858 973 918 Zimmerl
1023 853 1100 913 hat
1113 850 1291 910 endtlich
1329 846 1367 906 la
1405 845 1596 905 abmipto
1623 847 1864 907 gefndiget,
1877 853 1940 913 und

718 944 944 1004 nachdeme
985 941 1038 1001 Er
1078 941 1145 1001 das
1185 941 1345 1001 gesang
1386 941 1547 1001 dictirt
1573 941 1654 1001 niff
1680 941 1746 1001 H.
1773 940 1907 1000 Striger

723 1033 803 1093 noch
829 1033 1040 1093 überlaut
1093 1034 1173 1094 zum
1252 1036 1622 1096 Posaumsten,
1648 1033 1754 1093 bloß
1794 1029 1913 1089 numme

726 1125 854 1185 auff,
882 1123 955 1183 der
983 1121 1240 1181 Pfedicant
1270 1121 1340 1181 ber
1427 1118 1513 1178 doch
1527 1116 1641 1176 müt,
1655 1113 1756 1173 fue
1770 1106 1898 1166 solche

719 1214 923 1274 klägliche
948 1210 1242 1270 Information
1305 1208 1381 1268 hab
1420 1208 1471 1268 Ich
1496 1207 1649 1267 meiner
1674 1203 1916 1263 pflichtnoh

720 1303 918 1363 Vonder
952 1298 1035 1358 hab
1069 1293 1257 1353 feirung,
1268 1289 1349 1349 oder
1372 1286 1594 1346 vielmehr
1629 1279 1897 1339 profanation

710 1390 927 1450 deßlesten
973 1381 1259 1441 geheiligten,
1282 1377 1373 1437 aber
1418 1375 1454 1435 zu
1499 1369 1727 1429 bollingen
1751 1357 1934 1417 gottlosen

726 1481 810 1541 leß
854 1475 1164 1535 zugebrachten
1220 1469 1474 1529 Bußtags
1488 1462 1713 1522 auffnemn
1741 1451 1896 1511 müeßen

704 1579 786 1639 wie
821 1578 887 1638 Ich
906 1576 1006 1636 aber
1039 1573 1307 1633 weißnicht,
1325 1569 1375 1629 ob
1408 1567 1442 1627 zu
1492 1562 1644 1622 menem
1693 1553 1811 1613 frest
1827 1545 1912 1605 oder

698 1677 878 1737 großen
938 1668 1202 1728 Hettzenleit
1238 1663 1370 1723 nichts
1396 1655 1635 1715 gegenbertig
1684 1646 1755 1706 vor
1803 1633 1961 1693 alß¬

704 1773 835 1833 bitte
870 1764 1098 1824 dehemtige
1134 1758 1361 1818 nHn
1372 1751 1648 1811 Schultheßen
1695 1730 1921 1790 Willeding

718 1865 907 1925 darüber
937 1864 980 1924 zu
1025 1861 1256 1921 verhören,
1287 1856 1358 1916 der
1388 1853 1490 1913 alleß
1533 1848 1636 1908 mit
1664 1841 1810 1901 augen

710 1966 976 2026 angesechen,
991 1961 1080 2021 und
1110 1959 1199 2019 mit
1228 1956 1245 2016 1
1274 1955 1333 2015 hen
1347 1950 1555 2010 angehört
1570 1942 1674 2002 hat.

726 2080 869 2140 Was
896 2073 974 2133 für
1001 2071 1078 2131 eine
1106 2071 1275 2131 schwäre
1302 2072 1432 2132 straff
1445 2074 1524 2134 nun
1550 2075 1629 2135 eine
1654 2073 1759 2133 solche
1785 2067 1943 2127 grüt¬

689 2175 833 2235 nliches
845 2166 1157 2226 Entheildigung
1181 2164 1240 2224 deß
1290 2161 1481 2221 angesezten
1493 2155 1708 2215 bußtags
1732 2145 1852 2205 vundt

703 2265 947 2325 vorsetzliche
961 2260 1180 2320 schändung
1220 2257 1287 2317 deß
1343 2254 1479 2314 Causes
1506 2249 1656 2309 Gotter
1669 2236 1886 2296 dienstlichen

707 2359 853 2419 Hauses
885 2357 1096 2417 Verdiente
1144 2359 1258 2419 vnde
1307 2359 1355 2419 Hen
1405 2357 1469 2417 ie
1485 2354 1598 2414 He
1630 2345 1680 2405 in
1696 2333 1826 2393 besten

715 2447 990 2507 erkennen,
1014 2446 1189 2506 werbee
1214 2447 1263 2507 Ich
1301 2447 1362 2507 Sie
1388 2447 1476 2507 auch
1500 2445 1525 2505 in
1562 2438 1675 2498 aller
1700 2423 1836 2483 gebuhr

707 2539 902 2599 Anwuffe,
915 2536 994 2596 mit
1019 2536 1306 2596 dehrmütigster
1344 2535 1449 2595 Altt
1500 2531 1579 2591 das
1605 2522 1814 2582 poenale

2096 1338 2256 1398 obt.

3484 259 3595 319 69.

2340 308 2497 368 Unserem
2554 314 2742 374 Chorpicht
2756 325 3029 385 abzunemmen,
3043 336 3130 396 wil
3158 341 3201 401 Es
3231 345 3301 405 voß
3330 348 3360 408 so
3374 350 3473 410 wohl
3503 352 3546 412 an

2347 403 2578 463 gnugsame
2605 410 2836 470 Anthoritet
2850 415 2919 475 alß
2959 418 3000 478 an
3027 423 3218 483 behöriges
3246 435 3422 495 Competer
3464 450 3615 510 gebeht.

2477 550 2564 610 .

2724 578 2832 638 hig.
2850 580 2939 640 Jeh.
2975 583 3084 643 Jacob
3118 587 3263 647 Jeiner
3281 593 3424 653 Pfed.
3441 596 3495 656 zu

2812 674 3059 734 bolling.
3089 682 3136 742 den
3151 687 3197 747 17.
3212 691 3289 751 16.
3306 697 3506 757 Ab.1732.

2329 887 2596 947 herauzumn
2615 881 2768 941 habendt
2787 880 2959 940 MeHr
2999 878 3226 938 beschende
3245 877 3361 937 hern
3380 874 3438 934 un

2312 993 2375 1053 Ihr
2414 976 2596 1036 außaage
2634 964 2855 1024 veranm.

2334 1102 2378 1162 da
2409 1094 2514 1154 dann
2528 1089 2604 1149 Hn
2633 1085 2842 1145 anditatas
2872 1085 3007 1145 Meyer
3037 1087 3185 1147 Lelhes
3202 1085 3246 1145 am
3307 1080 3487 1140 Bettag.

2326 1166 2488 1226 morgens
2518 1161 2590 1221 bey
2620 1159 2682 1219 dem
2722 1157 2936 1217 Siehenbuß
2976 1157 3210 1217 geprediget,
3231 1156 3495 1216 außgesagt

2332 1269 2381 1329 Er
2413 1260 2512 1320 habe
2545 1253 2628 1313 sein
2660 1247 2808 1307 gesicht
2824 1243 2940 1303 nicht
2972 1243 3072 1303 gegen
3088 1243 3155 1303 das
3187 1244 3286 1304 fhor
3303 1246 3467 1306 gebehrt

2323 1357 2421 1417 auch
2448 1351 2587 1411 nichts
2628 1342 2977 1402 ohngebührliches
3005 1339 3213 1399 gesehen,
3241 1339 3338 1399 wohl
3366 1339 3463 1399 habe

2338 1443 2475 1503 Ernach
2501 1438 2555 1498 der
2582 1436 2733 1496 Pfedig
2760 1436 2977 1496 vernowen
3033 1438 3127 1498 H.
3155 1435 3292 1495 Stiger
3332 1429 3428 1489 habe
3455 1421 3535 1481 das

2302 1534 2496 1594 Sambstag
2539 1528 2719 1588 blettl.
2746 1523 3080 1583 hervorgesogen
3121 1520 3205 1580 und
3233 1517 3288 1577 im
3331 1513 3554 1573 gesang¬

2304 1624 2598 1684 geseßen.

2324 1744 2404 1804 H.
2430 1721 2680 1781 Malacnda
2720 1713 2811 1773 sagt
2865 1712 2970 1772 Bor.
2996 1712 3076 1772 H.
3102 1711 3248 1771 Sriger
3287 1707 3326 1767 Er
3379 1698 3511 1758 haben

2337 1831 2421 1891 daß
2465 1816 2662 1876 morgent
2690 1807 2846 1867 nichts
2875 1807 3115 1867 Ergerliches
3156 1807 3242 1867 Von
3270 1807 3369 1867 Ihme
3397 1802 3597 1862 gesehen,

2312 1926 2465 1986 weites
2503 1916 2554 1976 zu
2592 1909 2886 1969 bollingen,
2912 1907 2988 1967 sye
3015 1907 3116 1967 wehr
3154 1907 3219 1967 daß
3269 1906 3461 1966 Jebomann

2329 2007 2362 2067 in
2429 2005 2507 2065 der
2529 2003 2684 2063 kirchen
2739 2002 2927 2062 gelachet
3016 1998 3139 2058 wegen
3171 1994 3249 2054 Her
3282 1984 3526 2044 Predicanten

2320 2094 2526 2154 schlechten
2550 2086 2806 2146 zfredigens
2842 2082 2952 2142 auch
2976 2080 3060 2140 seye
3096 2078 3194 2138 Hn
3206 2076 3352 2136 Striger
3388 2069 3582 2129 währender

2300 2185 2446 2245 Aation
2491 2175 2697 2235 etwelche
2726 2168 2843 2228 mahl
2872 2164 3254 2224 auffgestanden
3283 2161 3385 2221 undt
3414 2161 3488 2221 den

2307 2269 2451 2329 stuhl
2466 2263 2610 2323 follen
2641 2258 2833 2318 laßen.

2316 2375 2386 2435 H.
2414 2370 2528 2430 Brath
2557 2363 2912 2423 EellenbergeH.
2940 2356 3040 2416 Schul
3069 2350 3352 2410 Rathscheber
3380 2342 3551 2402 Müller

2323 2455 2426 2515 undt
2455 2459 2544 2519 herr
2573 2458 2839 2518 DWittfans
2942 2450 3000 2510 die
3030 2446 3297 2506 dreylestern
3311 2447 3473 2507 Zeugen

2312 2539 2431 2599 undt
2442 2540 2496 2600 H.
2517 2538 2723 2598 Gehender.
