4032 3024
446 220 464 280 1

470 2305 617 2365 A.

796 275 874 335 daß
904 269 982 329 H.
997 261 1215 321 Pfedicant
1246 252 1401 312 Jenner
1432 248 1494 308 dem
1510 248 1588 308 He.
1603 249 1791 309 Stigerin
1836 253 1914 313 die

761 369 908 429 Kirchen
948 355 1134 415 zugehen
1215 343 1254 403 zu
1282 338 1482 398 etwelhen
1495 334 1655 394 mahler
1682 332 1936 392 abgemahnt

768 473 848 533 H.
874 460 1022 520 Mäller
1035 451 1130 511 sagt
1169 445 1224 505 Er
1251 443 1344 503 habe
1385 438 1626 498 geschletzt
1652 434 1747 494 aber
1773 433 1894 493 Ihnen

777 556 887 616 nicht
914 551 1160 611 verstanden
1242 544 1309 604 den
1352 539 1542 599 halende
1569 533 1665 593 auch
1720 529 1953 589 hervor¬

763 657 947 717 gehogen
1025 646 1065 706 an
1117 642 1195 702 dem
1249 638 1353 698 bode
1393 634 1484 694 mit
1497 629 1629 689 seiner
1668 620 1879 680 Canne¬

772 754 1003 814 gescharet,
1017 746 1104 806 auch
1134 742 1249 802 habe
1277 738 1336 798 Er
1364 733 1524 793 Etwas
1567 728 1597 788 zu
1639 724 1726 784 dem
1785 714 1945 774 Pfo¬

751 852 1011 912 rsaumsten
1056 841 1211 901 Gradt¬

744 986 949 1046 Nachdemen
974 983 1039 1043 min
1052 980 1154 1040 gnädigen
1168 977 1271 1037 Herren
1284 973 1463 1033 ihnrHrren
1476 969 1605 1029 Stäiger
1631 966 1656 1026 so
1681 965 1771 1025 wohl
1798 963 1888 1023 über

756 1085 849 1145 chen
875 1079 1034 1139 Inhalt
1062 1074 1127 1134 deß
1168 1069 1368 1129 schribens
1407 1063 1500 1123 Bei
1526 1057 1767 1117 vollingen
1832 1054 1900 1114 alß

773 1169 889 1229 obige
924 1165 1253 1225 deporitibenn,
1276 1156 1323 1216 zu
1370 1153 1452 1213 Red
1486 1146 1687 1206 gestellt,
1721 1140 1804 1200 hat
1838 1138 1886 1198 Er

761 1261 994 1321 Endtlicher
1030 1255 1124 1315 nach
1170 1250 1334 1310 Stieben
1380 1239 1686 1299 Tergiversisen
1720 1228 1814 1288 undt
1825 1223 1919 1283 auff

759 1357 963 1417 gethanes
988 1347 1219 1407 Gußfrhm
1282 1340 1345 1400 hin
1384 1336 1511 1396 alleß
1576 1326 1742 1386 völlig
1779 1313 1958 1373 bekannet

762 1459 930 1519 Jehdoch
980 1439 1224 1499 verdeütet,
1250 1432 1327 1492 doß
1379 1429 1456 1489 das
1482 1426 1649 1486 schriben
1713 1415 1854 1475 VerH

753 1534 1053 1594 Pfedcanter
1079 1526 1175 1586 nur
1216 1525 1256 1585 in
1285 1523 1557 1583 particulas
1571 1517 1665 1577 seye
1707 1501 1911 1561 verfaßet

763 1626 908 1686 worde.
934 1619 1001 1679 doh
1041 1616 1106 1676 Meine
1121 1615 1226 1675 gnädigen
1239 1613 1345 1673 Herren
1358 1611 1491 1671 Cobent:
1531 1603 1664 1663 dieser
1690 1585 1877 1645 alleß¬

763 1718 910 1778 gehört
950 1705 1190 1765 Adinitum
1231 1702 1458 1762 paquae.
1471 1708 1592 1768 49.

749 1846 856 1906 Nun
886 1837 1068 1897 langte
1100 1840 1375 1900 Lidermahle
1420 1844 1664 1904 folgender
1711 1827 1863 1887 bericht

750 1940 849 2000 Von
876 1934 1104 1994 böllingen
1118 1933 1260 1993 Ein:

767 2077 888 2137 Tit.

1255 2125 1391 2185 Stiper

747 2202 792 2262 Er
839 2198 900 2258 ist
932 2197 1040 2257 wahr
1085 2198 1130 2258 vir
1163 2200 1238 2260 H.
1270 2203 1501 2263 Storgibet,
1516 2200 1578 2260 Ich
1624 2197 1686 2257 hab
1716 2188 1824 2248 mein

748 2287 972 2347 Voracht
999 2287 1125 2347 tagen
1181 2288 1252 2348 fich
1279 2290 1350 2350 Mine
1364 2291 1475 2351 gnädigen
1489 2289 1601 2349 Herren
1615 2276 1952 2336 übersendter¬

755 2372 869 2432 undt
900 2375 986 2435 hier
1014 2383 1420 2443 liderbechligender
1448 2380 1607 2440 Bericht
1622 2370 1809 2430 schreben
1838 2353 1909 2413 uud

749 2453 787 2513 in
824 2461 1102 2521 particulas
1127 2467 1241 2527 undt
1254 2467 1380 2527 nicht
1418 2463 1519 2523 von
1594 2452 1708 2512 Einer
1746 2432 1897 2492 gantzen

3521 264 3582 324 21

2368 323 2562 383 Erbarkeit
2573 322 2835 382 auffgenommen,
2858 323 2961 383 sonder
2972 326 3087 386 theils
3109 327 3179 387 von
3235 332 3417 392 Manwhe
3440 339 3543 399 Schult

2379 416 2451 476 heiß
2500 409 2729 469 Willeding,
2741 407 2849 467 theils
2873 407 2944 467 Ben
2956 407 3065 467 denen
3088 407 3234 467 darinn
3258 409 3558 469 Vernambseten

2363 495 2452 555 undt
2474 497 2507 557 in
2530 499 2684 559 gleicher
2708 498 2762 558 sach
2796 495 3063 555 Interlssirten
3106 491 3206 551 herrn
3262 490 3362 550 undt
3384 490 3507 550 dann

2344 574 2431 634 Oen
2463 575 2670 635 Eelchen
2714 575 3084 635 Kirchengenoßen.
3117 572 3237 632 bitte
3258 571 3302 631 abe
3312 571 3367 631 Mein
3388 569 3476 629 gnädigen
3487 568 3575 628 Herren

2352 649 2465 709 gantz
2492 652 2759 712 deruütigst
2787 649 2830 709 zu
2871 648 2998 708 meiner
3025 646 3363 706 Entschuldigung
3390 649 3645 709 anzu¬

2349 724 2544 784 neum,

2384 857 2441 917 daß
2498 842 2613 902 keiner
2647 833 2714 893 von
2750 827 2864 887 denen
2898 824 2932 884 in
2954 823 3012 883 der
3035 821 3126 881 Kirch
3138 820 3217 880 nach
3228 818 3366 878 mittag
3400 814 3571 874 gewesenen

2249 877 2308 937 N.
2331 874 2379 934 .

2386 938 2445 998 joc
2477 917 2656 977 Richtern
2702 906 2778 966 mir
2807 904 2912 964 nicht
2942 904 3003 964 hat
3018 905 3243 965 angezeigt
3274 906 3334 966 wie
3348 905 3394 965 Er
3424 898 3576 958 doch¬

2338 1031 2445 1091 Ihrer
2462 1014 2632 1074 pflicht
2663 1003 2787 1063 genes
2802 1002 2972 1062 were,

2354 1170 2416 1230 daß
2466 1157 2516 1217 Ich
2553 1147 2628 1207 von
2653 1135 2902 1195 Mittwohen
2927 1126 3088 1186 abendts
3127 1120 3188 1180 biß
3227 1111 3425 1171 donsags
3450 1098 3525 1158 nit

2226 1191 2303 1251 2.

2344 1238 2598 1298 Peitgenung
2625 1222 2800 1282 gehabt,
2826 1217 2894 1277 die
2921 1215 2960 1275 in
2987 1213 3055 1273 der
3094 1208 3243 1268 Hantzen
3270 1200 3484 1260 gemeindt

2315 1343 2482 1403 herstern
2512 1328 2620 1388 dein
2650 1319 2771 1379 Chor-
2787 1312 2940 1372 Richter
2969 1304 3137 1364 zusann
3151 1289 3427 1349 zubringen.

2097 1405 2223 1465 166

2244 1506 2311 1566 3.)
2338 1488 2421 1548 daß
2462 1473 2531 1533 dem
2598 1461 2694 1521 Mir
2721 1454 2913 1514 damahls
2940 1451 3268 1511 mitgetheilten
3295 1447 3460 1507 bericht
3473 1443 3568 1503 nach

2359 1550 2425 1610 uno
2447 1547 2501 1607 ein
2545 1541 2841 1601 Chor-Richter
2864 1537 2896 1597 in
2951 1535 3016 1595 dem
3071 1532 3170 1592 Eher
3202 1529 3401 1589 gesteßen
3422 1526 3521 1586 seye

2337 1625 2437 1685 vndt
2461 1623 2561 1683 micht
2587 1621 2636 1681 die
2661 1619 2898 1679 Erfahrung
2937 1616 3111 1676 gelehret
3148 1614 3248 1674 hat,
3272 1612 3348 1672 daß
3398 1608 3522 1668 Eines

2343 1711 2528 1771 fintzigen
2554 1709 2674 1769 Ehrde
2713 1706 2898 1766 Rübters
2911 1704 3083 1764 außaag
3122 1702 3268 1762 stretig
3294 1699 3492 1759 gemacht

2346 1801 2482 1861 int.

2344 1925 2572 1985 kendtlichen
2610 1915 2712 1975 dann
2738 1912 2877 1972 dachte
2916 1910 2966 1970 Ich
3031 1909 3259 1969 MrHHr.
3284 1909 3591 1969 Willedings¬

2220 1941 2299 2001 4.

2341 2016 2420 2076 Alß
2466 2006 2592 2066 eines
2626 1999 2728 2059 hoher
2751 1994 3207 2054 StandtsGlidts
3231 1990 3447 2050 frügsammen

2336 2100 2475 2160 welches
2499 2091 2563 2151 dan
2600 2084 2701 2144 Eben
2765 2078 2841 2138 der
2866 2075 3006 2135 nechste
3043 2074 3119 2134 bey
3157 2072 3220 2132 Herr
3245 2072 3371 2132 Stiger
3384 2071 3548 2131 geseßen

2317 2187 2383 2247 ist
2416 2180 2515 2240 wäre
2559 2166 2846 2226 ohnabsetzlich
2879 2158 2977 2218 undt
2988 2156 3033 2216 in
3087 2153 3209 2213 dieser
3231 2151 3307 2211 sach
3341 2150 3507 2210 vor¬

2329 2268 2465 2328 allein
2511 2261 2591 2321 Auß
2659 2254 2705 2314 zu
2740 2246 3003 2306 vemennen.

2311 2379 2431 2439 Gott
2446 2371 2553 2431 aber
2583 2365 2613 2425 zu
2660 2362 2750 2422 folg
2780 2360 2857 2420 fure
2872 2359 2948 2419 min
2963 2359 3085 2419 gnädigen
3100 2360 3205 2420 Herre
3237 2361 3387 2421 efolchen
3404 2362 3479 2422 hab
3509 2362 3555 2422 Ich

2319 2464 2405 2524 alle
2436 2459 2479 2519 an
2536 2455 2609 2515 dem
2667 2447 2871 2507 Bättag
2914 2441 3016 2501 noch
3044 2438 3218 2498 mittag
3247 2438 3275 2498 in
3306 2440 3363 2500 der
3392 2444 3537 2504 Kichen
