4032 3024
379 117 450 177 16

388 1205 582 1265 ob.

701 213 910 273 gewosene
939 206 1029 266 Hhr
1058 206 1238 266 Richter
1269 209 1373 269 auff
1403 215 1536 275 meine
1553 226 1687 286 samme
1716 236 1762 296 zu
1791 243 1866 303 dem

718 308 935 368 badthauß
989 301 1261 361 versamblen
1302 303 1478 363 laßen
1559 313 1682 373 undt
1709 321 1818 381 wiln
1831 328 1885 388 dem

721 389 799 449 nur
822 389 901 449 dey
935 389 1048 449 waren
1117 391 1343 451 namblich
1377 395 1557 455 Niclaus
1603 403 1784 463 Stettler
1806 409 1852 469 ab
1874 414 1930 474 den

721 482 985 542 Fährenberg,
1008 482 1158 542 Marti
1192 484 1388 544 Stempfl.
1410 485 1469 545 der
1503 487 1595 547 alte
1630 492 1872 552 Kilchmeyer

690 577 792 637 von
839 573 1077 633 habstetten
1134 572 1260 632 undt
1282 572 1385 632 duoß
1430 573 1556 633 Rohro
1590 575 1693 635 von
1727 575 1932 635 Ittingen

684 677 799 737 habe
837 670 902 730 Ich
940 663 1120 723 zugleich
1145 659 1247 719 noch
1260 659 1426 719 andern
1453 659 1606 719 funff
1644 661 1761 721 bider
1786 664 1939 724 Männen

708 771 862 831 bieten
911 762 1138 822 laßen,
1175 759 1233 819 die
1269 758 1306 818 in
1353 758 1437 818 der
1472 758 1581 818 Kirch
1616 755 1736 815 gleich
1771 751 1927 811 vorden

692 854 999 914 Ehor-suchlen
1069 853 1167 913 Ihren
1181 851 1350 911 Pflatz
1377 847 1560 907 gehabt,
1587 845 1699 905 alleß
1740 842 1950 902 angesehen

705 945 802 1005 und
840 946 1085 1006 angehört
1123 947 1355 1007 hatten,
1367 947 1589 1007 nehmlich
1626 947 1761 1007 Marti
1797 944 1971 1004 Goseli¬

679 1042 1025 1102 wectigeeist,
1056 1040 1267 1100 Christian
1328 1042 1509 1102 Maurs
1553 1040 1614 1100 des
1644 1036 1945 1096 Schulmeser

691 1155 873 1215 Marti
920 1147 1119 1207 Gosel,
1149 1144 1286 1204 Jacob
1333 1142 1515 1202 Gosel.
1547 1141 1699 1201 beydt
1714 1134 1944 1194 Eosaunen

689 1248 839 1308 bloser
889 1242 990 1302 alle
1041 1238 1166 1298 Wiro
1216 1234 1316 1294 Von
1380 1228 1618 1288 Gollingen
1668 1218 1793 1278 undt
1818 1209 1943 1269 Pheter

687 1345 841 1405 Rohrer
884 1340 953 1400 der
997 1334 1334 1394 Fischmacher
1363 1330 1476 1390 von
1517 1324 1757 1384 habstetten
1813 1316 1925 1376 alles

701 1431 892 1491 Eheliche
919 1430 1029 1490 undt
1070 1432 1274 1492 probate
1316 1432 1563 1492 Männer;

681 1552 764 1612 Ich
791 1544 874 1604 hab
914 1540 1037 1600 Ihnen
1133 1537 1312 1597 darauff
1339 1537 1435 1597 fuüen
1462 1537 1531 1597 Min
1545 1537 1654 1597 gnädigen
1668 1534 1777 1594 Herren
1791 1527 1900 1587 befehl

690 1634 1005 1694 vorgelesen,
1033 1628 1147 1688 undt
1163 1630 1220 1690 sie
1248 1630 1305 1690 zu
1335 1630 1420 1690 folg
1462 1626 1707 1686 demselben
1749 1608 1921 1668 ernstlich

715 1726 952 1786 vermahnt
998 1723 1054 1783 die
1100 1723 1202 1783 liebe
1248 1722 1417 1782 warheit
1441 1719 1531 1779 mit
1554 1713 1655 1773 allen
1678 1702 1780 1762 Ihren

699 1815 1018 1875 umbständen
1114 1809 1200 1869 bey
1242 1804 1338 1864 ihren
1392 1797 1541 1857 trüren
1594 1789 1733 1849 Eyden
1828 1778 1914 1838 ohne

684 1910 958 1970 Verschone,
973 1905 1080 1965 wenn
1095 1903 1142 1963 Es
1187 1900 1369 1960 torffe,
1401 1885 1859 1945 heraußzusagen.

656 2049 736 2109 Ich
768 2044 834 2104 hab
881 2039 1059 2099 hernach
1092 2032 1238 2092 Einem
1317 2020 1528 2080 Idreden
1560 2009 1674 2069 nach
1706 2000 1785 2060 den
1819 1987 1965 2047 andern

695 2138 894 2198 Allemahl
940 2130 1057 2190 umb
1116 2125 1244 2185 Eürn
1326 2116 1537 2176 Jeglichen
1596 2100 1701 2160 von
1736 2085 1806 2145 den

673 2233 1003 2293 gezeichgeten
1052 2217 1431 2277 Klagtfunten
1478 2198 1540 2258 ins
1589 2178 1810 2238 besonders
1826 2150 1935 2210 an¬

687 2330 910 2390 gefragt,
923 2322 1048 2382 undt
1089 2314 1160 2374 die
1187 2305 1396 2365 antwort
1437 2286 1619 2346 darauff
1646 2265 1841 2325 adnotam

686 2414 924 2474 genommen.

680 2533 762 2593 H.
794 2514 958 2574 Striger
990 2499 1120 2559 hätte
1154 2493 1218 2553 sich
1252 2484 1382 2544 dieser
1398 2471 1676 2531 nohmaligen
1692 2449 1774 2509 und
1806 2430 1888 2490 Hwer

706 2603 764 2663 bey
806 2594 864 2654 dem
906 2586 1006 2646 fridt
1036 2576 1351 2636 angetrungenn
1379 2555 1666 2615 Information
1682 2532 1766 2592 wohl
1810 2506 1939 2566 begegen

704 2668 930 2728 gnöyen:

2125 1234 2307 1294 162.

2218 2318 2295 2378 1.

3518 276 3579 336 73

2332 327 2448 387 Dann
2474 325 2526 385 die
2539 325 2733 385 Reyfosten
2759 327 2966 387 Pfunken,
2991 329 3042 389 sie
3070 331 3121 391 Sre
3133 332 3160 392 in
3199 336 3419 396 beyligeder
3431 338 3560 398 schrifft

2330 421 2401 481 sub
2432 421 2494 481 Ho
2525 419 2659 479 Rundt
2679 419 2721 479 2.
2742 419 2845 479 ligen
2916 419 3010 479 sindt
3030 419 3061 479 vo
3123 419 3247 479 ninge
3267 421 3338 481 Hrre
3360 425 3586 485 aubtmann

2332 499 2481 559 Stückes
2505 503 2566 563 von
2591 505 2666 565 H.
2690 503 2765 563 Badt
2778 498 3026 558 wirckherder
3050 492 3136 552 undt
3161 490 3236 550 Wun
3260 487 3335 547 H.
3347 487 3557 547 Feüwrstein

2354 577 2442 637 auff
2453 584 2777 644 meinernstliches
2811 584 2990 644 befragen
3056 579 3157 639 dahin
3190 573 3403 633 bestätiget
3425 567 3559 627 worden

2336 662 2396 722 Sie
2408 667 2505 727 haben
2528 671 2674 731 selbige
2722 671 2854 731 theils
2892 669 2951 729 auß
2987 667 3084 727 hHerrn
3096 662 3277 722 Steigers,
3301 655 3434 715 theils
3446 650 3530 710 auß

2348 745 2501 805 menem
2556 746 2719 806 mundt
2742 749 2828 809 mit
2851 751 2982 811 gleichen
3004 749 3147 809 werten
3212 740 3420 800 angehört

2339 852 2395 912 H.
2406 846 2543 906 Steiger
2554 844 2634 904 solle
2679 842 2736 902 sich
2758 842 2816 902 vo
2838 842 2896 902 fc
2907 842 2963 902 min
2974 842 3065 902 gnädigen
3089 841 3180 901 Herren
3191 838 3373 898 beschwärt
3406 828 3508 888 haben

2342 938 2416 998 diese
2448 933 2705 993 vermehnung
2736 932 2811 992 solle
2832 932 2928 992 nicht
2960 932 3067 992 allein
3109 931 3227 991 ihm,
3248 925 3430 985 sondern
3451 916 3535 976 auch

2345 1015 2410 1075 die
2424 1011 2555 1071 übrigt
2607 1007 2634 1067 H
2699 1004 2975 1064 angegangen
3013 1006 3184 1066 haben.

2339 1125 2395 1185 Ich
2409 1115 2537 1175 fürge
2580 1107 2736 1167 hirüber
2764 1105 2849 1165 zud
2877 1106 3134 1166 Erbätrung
3162 1108 3245 1168 bey,
3275 1106 3345 1166 daß
3389 1103 3444 1163 Ich
3472 1099 3558 1159 Wen

2351 1211 2442 1271 allen
2468 1198 2734 1258 Inverlharten
2786 1191 2853 1251 H.
2879 1188 3117 1248 niemandem
3182 1184 3249 1244 alß
3289 1183 3354 1243 H.
3369 1180 3513 1240 Stiger

2328 1295 2418 1355 habe
2441 1286 2646 1346 zumuthen
2681 1279 2920 1339 können.
2954 1276 3010 1336 Ich
3046 1273 3181 1333 wüste
3204 1269 3329 1329 wohl,
3352 1263 3433 1323 daß
3478 1258 3523 1318 Er

2345 1375 2458 1435 nicht
2485 1366 2866 1426 umberbeutungs
2891 1360 3019 1420 tillen
3109 1358 3172 1418 ger
3210 1358 3440 1418 bollingen

2321 1458 2434 1518 gehn
2447 1454 2572 1514 wollen,
2597 1452 2722 1512 sonder
2735 1451 2798 1511 sein
2823 1450 3012 1510 geßfätt
3049 1447 3238 1507 zuhaben
3338 1443 3476 1503 allein

2335 1552 2387 1612 Er
2413 1547 2546 1607 hätten
2585 1544 2651 1604 sich
2679 1543 2744 1603 die
2770 1543 2929 1603 Übrigen
2982 1541 3062 1601 H.
3088 1538 3234 1598 soumb
3273 1532 3352 1592 Hrr
3367 1523 3511 1583 Steiger

2339 1635 2696 1695 herstunden,
2736 1628 2833 1688 diese
2874 1628 2971 1688 trüw
3012 1630 3204 1690 gemeinte
3245 1629 3534 1689 Vermohnung

2319 1742 2463 1802 billich
2487 1731 2570 1791 auch
2594 1725 2726 1785 sollen
2787 1720 2931 1780 laßen
3003 1720 3145 1780 gesagt
3158 1718 3303 1778 sin.

2342 1853 2465 1913 Was
2514 1844 2564 1904 die
2588 1840 2747 1900 übrigen
2772 1840 2870 1900 acht
2907 1841 3104 1901 Pfunten
3177 1843 3338 1903 betrifft
3362 1837 3521 1897 sosindt

2323 1933 2463 1993 selbige
2514 1923 2604 1983 von
2654 1920 2782 1980 denen
2885 1921 2987 1981 Acht
3012 1921 3128 1981 hirzu
3178 1920 3421 1980 brauffeten

2338 2016 2444 2076 undt
2470 2006 2667 2066 Eydtlich
2706 2002 2878 2062 hierüber
2944 2002 3180 2062 beflagten
3219 1999 3470 2059 Männern

2334 2105 2374 2165 in
2403 2098 2500 2158 allen
2514 2089 2887 2149 iheyumbständen
2955 2087 3164 2147 Einhälig
3204 2089 3495 2149 bekrefftiget

2326 2186 2508 2246 worden,
2536 2179 2732 2239 folgende
2759 2170 3069 2230 außgenomn:

2335 2313 2441 2373 Sagt
2488 2308 2546 2368 der
2571 2305 2889 2365 Echor-Richter
2924 2308 3113 2368 Stettler
3148 2309 3255 2369 leiben
3278 2307 3491 2367 Erunder

2326 2405 2408 2465 dem
2469 2399 2635 2459 lättner
2647 2398 2778 2458 saß,
2790 2396 2885 2456 habe
2920 2396 2969 2456 Er
2993 2396 3100 2456 keine
3147 2395 3231 2455 von
3266 2391 3325 2451 dem
3374 2387 3444 2447 Hr

2303 2487 2467 2547 Striger
2504 2482 2631 2542 lauth
2656 2480 2936 2540 gesprochenen
2999 2480 3113 2540 wort
3138 2482 3367 2542 vernemen
3379 2483 3556 2543 können
