4032 3024
366 264 472 324 4.

399 1333 562 1393 obt.

589 548 640 608 2.

597 1880 610 1940 5

666 318 722 378 Sie
736 316 778 376 sie
794 314 851 374 die
865 306 1066 366 Ubhrigen,
1080 297 1108 357 so
1136 292 1164 352 in
1194 287 1251 347 der
1265 281 1365 341 nache
1393 275 1494 335 worn
1522 271 1751 331 Verstanden

686 397 827 457 haben.

677 521 741 581 en
767 514 819 574 5.
844 503 1011 563 Punten
1076 492 1101 552 so
1126 487 1203 547 von
1243 481 1293 541 dem
1345 474 1538 534 Moitags
1577 470 1757 530 blättlin

681 595 803 655 meldet
836 590 938 650 haben
994 583 1072 643 Sie
1094 577 1173 637 alle
1218 567 1330 627 gantz
1352 561 1420 621 nit
1442 552 1655 612 beobachtet
1688 547 1778 607 undt

664 679 730 739 das
748 677 833 737 mag
861 673 946 733 wohl
974 665 1124 725 müglich
1172 656 1228 716 sein
1312 647 1397 707 vel
1444 641 1500 701 H.
1509 637 1623 697 Stiger
1660 635 1829 695 daßelben

661 772 817 832 zufolg
845 764 1044 824 MrHr.n
1072 749 1329 809 Willadings
1357 737 1429 797 und
1457 730 1527 790 H.
1555 720 1742 780 Müllor¬

680 859 839 919 Ereichts
851 855 887 915 in
925 853 985 913 den
1022 850 1229 910 hütligen
1291 830 1462 890 hatte.

618 998 672 1058 3.
686 996 755 1056 Den
782 994 836 1054 6.
851 989 1041 1049 Jhunten
1082 980 1314 1040 belangende
1343 972 1410 1032 soll
1437 970 1466 1030 Er
1493 967 1560 1027 H.
1589 960 1819 1020 Willadings

668 1076 957 1136 Pffalmenbuch
970 1067 1067 1127 undt
1094 1064 1149 1124 bey
1191 1062 1286 1122 Sabe
1315 1057 1480 1117 habender
1507 1051 1658 1111 gewesen
1686 1043 1755 1103 sein

691 1215 741 1275 den
754 1210 831 1270 10.e
858 1201 1036 1261 Pfunten
1088 1195 1306 1255 betreffendt
1345 1193 1435 1253 habe
1485 1190 1523 1250 6.
1550 1186 1742 1246 Männer

590 1228 670 1288 4.

689 1297 745 1357 die
768 1290 871 1350 worth
895 1283 1076 1343 eigentlich
1099 1280 1168 1340 mit
1191 1276 1454 1336 underscheiden
1488 1265 1636 1325 können,
1660 1252 1739 1312 aber

679 1375 755 1435 alle
776 1369 863 1429 sage
895 1364 971 1424 ins
1014 1363 1166 1423 gemein
1253 1361 1296 1421 Hr
1350 1357 1459 1417 Steiger
1491 1348 1588 1408 habe
1610 1330 1783 1390 überlaut

681 1459 858 1519 geuiffen
914 1451 968 1511 wie
995 1450 1173 1510 anfangs
1214 1448 1281 1508 der
1310 1445 1474 1505 Pfedig,
1501 1435 1610 1495 undt
1637 1420 1720 1480 der

678 1548 922 1608 CchorRichter
958 1540 1094 1600 Rohrer
1131 1540 1265 1600 heuget
1291 1537 1352 1597 mit
1400 1529 1610 1589 besonders,
1622 1516 1634 1576 H

657 1639 784 1699 Stige
811 1635 899 1695 habe
937 1634 1078 1694 gesagt
1130 1631 1475 1691 bloßaumen
1526 1618 1629 1678 auff
1667 1605 1757 1665 der

679 1729 916 1789 Predicant
941 1727 1040 1787 kan
1077 1726 1190 1786 nicht
1227 1722 1401 1782 lesen,
1440 1716 1539 1776 Mir
1576 1706 1852 1766 Weysingen¬

711 1865 796 1925 Jat
810 1861 993 1921 gesambt
1020 1860 1217 1920 beschwaren
1231 1861 1274 1921 sie
1302 1861 1357 1921 sich
1387 1859 1471 1919 über
1499 1855 1554 1915 die
1570 1851 1639 1911 Wer
1668 1841 1767 1901 Hl.

674 1945 796 2005 Steiger
849 1945 1013 2005 gegebene
1040 1943 1256 2003 Ergenuß,
1285 1940 1351 2000 H.
1378 1936 1568 1996 Zimmelin
1595 1928 1690 1988 habe
1703 1921 1798 1981 Ihnen

676 2033 748 2093 fur
773 2026 1018 2086 erbautung
1044 2026 1263 2086 gepäldiget
1289 2026 1398 2086 undt
1424 2023 1496 2083 von
1521 2017 1643 2077 fener
1669 2005 1754 2065 mit

694 2119 788 2179 solche
801 2117 896 2177 sachen
922 2114 1069 2174 vreubt
1098 2111 1218 2171 hätte
1271 2109 1352 2169 von
1420 2103 1541 2163 alleß
1581 2091 1811 2151 still¬

695 2208 932 2268 gebliben.
952 2205 1034 2265 H.
1056 2200 1281 2260 Ernetundt
1301 2192 1425 2252 ander
1467 2183 1702 2243 anhesande
1745 2175 1826 2235 H.

696 2288 778 2348 haben
789 2287 976 2347 gewältig
1001 2284 1165 2344 gelahet
1234 2280 1293 2340 die
1316 2273 1493 2333 Lumpen
1505 2268 1551 2328 im
1587 2259 1726 2319 Manl

683 2372 916 2432 verbißen,
927 2375 1079 2435 glaubn
1101 2374 1194 2434 wohl,
1217 2371 1287 2431 H.
1310 2367 1450 2427 Steiger
1508 2356 1601 2416 habe
1624 2348 1671 2408 sie
1694 2337 1811 2397 das¬

694 2458 899 2518 zugericht,
913 2455 996 2515 wan
1023 2453 1066 2513 sie
1093 2452 1147 2512 sich
1161 2450 1230 2510 mit
1244 2448 1422 2508 größerr
1451 2439 1740 2499 mordnungen

1947 511 2179 571 abtesacheits

1941 1142 2027 1202 Non
2058 1134 2144 1194 Gono

1963 1268 1975 1328 e

3371 230 3472 290 75.

2207 298 2405 358 befarchtet
2433 295 2588 355 hätten,
2602 295 2787 355 wudensie
2801 299 2857 359 Hl.
2884 302 2984 362 Stiger
2998 307 3183 367 geheißen
3197 314 3338 374 haben,
3366 317 3436 377 zur

2203 395 2290 455 Nuch
2319 389 2625 449 hinaußgehen,
2639 388 2771 448 welches
2786 389 2829 449 sie
2843 393 3092 453 insonderheit
3106 396 3165 456 deß
3194 400 3414 460 Ammans¬

2209 484 2307 544 nicht
2342 484 2440 544 haben
2500 478 2634 538 dörfen
2658 473 2818 533 thun.

2224 617 2276 677 die
2304 610 2448 670 Übrige
2476 605 2740 665 zfunten,
2766 605 2845 665 alß
2871 607 2912 667 d.
2937 607 2976 667 3.
2991 607 3043 667 4.
3056 607 3096 667 7.
3122 607 3163 667 8.
3176 606 3255 666 undt
3281 604 3335 664 9.

2212 711 2409 771 bestätig
2425 702 2476 762 sie
2492 698 2591 758 alle
2607 694 2772 754 enhelig
2788 694 2887 754 mit
2904 694 3052 754 goßen
3084 692 3399 752 mißfallen.

2207 846 2334 906 Neben
2359 841 2410 901 den
2448 835 2537 895 H.
2562 830 2752 890 gelanget
2765 827 2892 887 meine
2917 827 3170 887 demütigste
3196 831 3284 891 bitt
3310 834 3385 894 und

2205 937 2297 997 Eine
2321 931 2438 991 Copey
2473 927 2578 987 durch
2601 924 2683 984 dero
2706 921 2787 981 hohe
2823 918 3032 978 Authorite
3079 914 3185 974 undt
3208 913 3382 973 gnädige

2185 1021 2488 1081 villsehrigkeit
2515 1015 2590 1075 zur
2616 1009 2869 1069 beschützung
2907 1003 2958 1063 der
2983 1000 3085 1060 auff
3110 996 3174 1056 den
3211 991 3390 1051 landt¬

2206 1113 2465 1173 Guvedieter
2489 1105 2576 1165 weiß
2612 1100 2933 1160 angefiendeten
2946 1091 3229 1151 Pfredicanten
3267 1075 3353 1135 von

2193 1208 2262 1268 der
2298 1198 2415 1258 Klag
2449 1193 2484 1253 zu
2507 1190 2660 1250 kommen
2683 1188 2835 1248 laßen,
2858 1186 2917 1246 die
2952 1182 3128 1242 Muthl.
3151 1167 3339 1227 Mayor¬

2185 1293 2397 1353 Schmaltz
2409 1282 2473 1342 alß
2522 1274 2785 1334 dißmaliges
2811 1268 2873 1328 H.
2898 1264 3087 1324 ACestor
3124 1256 3249 1316 Eiler
3286 1247 3362 1307 Mo
3374 1238 3438 1298 .

2191 1372 2411 1432 Tibunals
2445 1364 2515 1424 weß
2549 1361 2619 1421 mit
2631 1359 2839 1419 figentlich,
2852 1356 2897 1416 ob
2932 1351 3176 1411 schrifftlich
3198 1339 3291 1399 oder

2207 1453 2421 1513 mundtlich
2471 1450 2560 1510 von
2622 1448 2698 1508 den
2737 1442 3103 1502 vergeltrtageten
3115 1427 3379 1487 Lieutenart

2188 1542 2313 1602 Wohl
2338 1535 2564 1595 empfangen
2576 1531 2664 1591 hat,
2689 1528 2814 1588 welche
2853 1522 3091 1582 vielmehr
3116 1516 3241 1576 mein

2192 1633 2562 1693 Ministerium,
2585 1623 2650 1683 alß
2682 1619 2781 1679 aber
2813 1615 2869 1675 die
2912 1607 3228 1667 Entheiligung
3271 1585 3415 1645 deß¬

2204 1724 2416 1784 batttagt
2465 1710 2652 1770 berührt,
2676 1703 2788 1763 umb
2827 1699 2902 1759 mich
2951 1693 3126 1753 darüber
3150 1683 3399 1743 gebührender

2206 1807 2366 1867 maßen
2415 1801 2476 1861 suu
2500 1791 2796 1851 versprchen,
2820 1781 2932 1841 undt
2956 1776 3043 1836 alle
3092 1772 3141 1832 im
3179 1771 3475 1831 zukünfftigen

2195 1910 2452 1970 verlichtliche
2481 1894 2648 1954 arglehn
2692 1876 2981 1936 zubenommen.

2825 2104 2923 2164 sig.

2682 2228 2798 2288 Joh.
2817 2220 2949 2280 Jacob
3000 2210 3167 2270 Jenner
3183 2206 3400 2266 Pedicante

2631 2329 2693 2389 zu
2738 2314 3016 2374 Wollingen.
3046 2308 3091 2368 den
3108 2308 3168 2368 24.
3183 2308 3307 2368 Sept.
3322 2313 3447 2373 1772.
