4032 3024
439 294 514 354 1os

426 1156 624 1216 R.

694 372 840 432 Folegt
856 357 922 417 H.
938 339 1164 399 Haubtmann,
1182 325 1230 385 Job
1263 316 1393 376 Anthai
1425 307 1589 367 Stuckos
1605 303 1669 363 auß
1703 302 1767 362 den

736 455 891 515 Endhuß
925 430 1133 490 engesoder
1150 417 1375 477 schiftlichs
1409 401 1530 461 Rricht

714 605 813 665 Tit.

717 722 820 782 Auff
833 711 884 771 den
910 704 962 764 von
988 696 1078 756 Mis
1104 685 1298 745 verlangten
1336 675 1478 735 bericht
1505 670 1581 730 Min
1594 666 1698 726 gnädigen
1710 661 1826 721 Herren

733 806 776 866 ob
797 789 1005 849 vergangenen
1059 773 1211 833 Bättag
1254 766 1309 826 bey
1342 760 1559 820 gehaltener
1581 754 1766 814 Morgen

716 895 853 955 Pfedig
879 881 1000 941 beydem
1056 869 1164 929 Siehe
1192 863 1273 923 hauß
1327 856 1396 916 von
1422 849 1532 909 sither
1545 845 1612 905 H.
1639 840 1789 900 Seigeor

730 983 862 1043 Einicher
889 970 1047 1030 Scandal
1074 960 1152 1020 oder
1193 950 1364 1010 Ergenuß
1403 943 1470 1003 seye
1509 938 1760 998 vorgegangen

728 1071 762 1131 Es
785 1061 971 1121 bezeugen,
983 1051 1042 1111 daß
1088 1043 1157 1103 mich
1180 1037 1262 1097 mit
1274 1033 1332 1093 H.
1355 1028 1483 1088 Steiger
1495 1024 1531 1084 in
1565 1022 1611 1082 die
1623 1021 1774 1081 Kirchen

726 1145 918 1205 Verfurgt
931 1135 972 1195 in
985 1126 1206 1186 gehaltener
1232 1114 1370 1174 Ration
1397 1107 1466 1167 hat
1493 1098 1837 1158 obgedachteehl.

737 1228 794 1288 ein
823 1220 949 1280 teütsch
969 1210 1152 1270 getrubter
1181 1203 1287 1263 hedel
1336 1187 1703 1247 hievorgezogen,
1723 1170 1800 1230 weiß

743 1308 808 1368 nit
829 1303 863 1363 ob
885 1299 928 1359 Es
951 1295 1037 1355 eine
1071 1289 1234 1349 zeitung
1266 1285 1343 1345 oder
1387 1279 1605 1339 montags
1628 1264 1802 1324 Klättlin

741 1393 934 1453 gewesen,
968 1385 1037 1445 hat
1060 1380 1196 1440 etwas
1242 1370 1401 1430 begehrt
1425 1363 1504 1423 mit
1526 1358 1596 1418 mir
1629 1351 1789 1411 zureden

739 1482 842 1542 welche
878 1476 923 1536 ich
934 1473 1039 1533 nicht
1073 1464 1313 1524 verstanden
1383 1452 1452 1512 hab
1486 1445 1567 1505 mich
1613 1433 1796 1493 darauff

732 1563 1031 1623 zurukgekandt
1055 1556 1130 1616 viel
1155 1554 1205 1614 Ich
1217 1551 1416 1611 gedachste,
1441 1545 1491 1605 Es
1516 1538 1591 1598 seye
1615 1529 1715 1589 nicht
1751 1511 1838 1571 suth

745 1648 827 1708 undt
864 1644 960 1704 Goth
983 1642 1126 1702 etwas
1149 1639 1411 1699 zuschletzen,
1436 1627 1709 1687 obgedachten

738 1735 855 1795 Gedal
887 1729 962 1789 hat
983 1726 1207 1786 niemandt
1261 1724 1347 1784 von
1421 1720 1475 1780 den
1496 1708 1764 1768 antersondern

714 1817 899 1877 zuhörren
923 1809 1045 1869 könn
1058 1807 1206 1867 sechen,
1230 1804 1391 1864 indamm
1415 1799 1489 1859 herre
1514 1792 1624 1852 Striger
1662 1780 1736 1840 sich

758 1892 920 1952 gehukt,
935 1891 1039 1951 undt
1054 1891 1129 1951 Ein
1175 1891 1293 1951 haher
1337 1885 1650 1945 Weiberstuhl,
1679 1857 1812 1917 solches

738 1976 1013 2036 verhinderet,
1026 1979 1104 2039 Ist
1117 1980 1209 2040 also
1234 1982 1300 2042 von
1326 1982 1405 2042 H.
1430 1979 1560 2039 Steiger
1588 1972 1613 2032 in
1639 1955 1835 2015 gehalten

723 2059 800 2119 puor
833 2054 964 2114 Action
1030 2054 1086 2114 ben
1118 2056 1294 2116 handal
1327 2056 1404 2116 oder
1436 2049 1634 2109 Ergeruß
1678 2024 1844 2084 vorgangen

736 2141 851 2201 lile,
866 2142 1012 2202 Jhaber
1041 2144 1115 2204 He.
1143 2144 1261 2204 Seiger
1289 2143 1347 2203 den
1376 2139 1508 2199 Ruben
1536 2126 1727 2186 gelohrt
1742 2109 1814 2169 hat

715 2243 804 2303 Herre
818 2231 1024 2291 Cchorleibel
1049 2225 1307 2285 Fheüterstein
1372 2219 1488 2279 alleß
1526 2210 1655 2270 beßer
1694 2188 1835 2248 können

752 2323 836 2383 sehe
849 2316 919 2376 alß
960 2311 1016 2371 Ich

1081 2396 1159 2456 S.

1295 2445 1431 2505 Sig.

758 2496 798 2556 den
811 2492 878 2552 24.
890 2489 957 2549 7t.
970 2489 1077 2549 1732.

1335 2539 1493 2599 Anthor
1547 2533 1679 2593 Stüebes

2000 1051 2198 1111 Ib.

2212 344 2449 404 MHHH.
2477 330 2727 390 Schultheßen
2784 328 2992 388 Willeding
3049 328 3146 388 Min
3160 326 3272 386 gnädigen
3286 321 3384 381 Herr

2237 435 2448 495 abgebetter
2474 424 2751 484 mündtliches
2777 418 2950 478 bericht.

2208 590 2303 650 Seht
2330 576 2453 636 herren
2480 565 2657 625 seyendtin
2683 559 2738 619 die
2752 557 2887 617 Abendt
2902 554 3037 614 Ppredig
3064 551 3092 611 zu
3132 545 3335 605 Wollingen

2230 674 2370 734 kommen,
2391 661 2457 721 Herr
2478 652 2575 712 Seiger
2597 644 2673 704 habe
2705 640 2759 700 sich
2770 637 2857 697 auff
2878 634 2965 694 einen
3008 626 3300 686 baubenspuhl

2222 742 2482 802 erstnachlerts
2517 725 2542 785 zu
2589 715 2933 775 Shuffgeseßen,
2957 710 3052 770 habe
3087 706 3171 766 mit
3206 697 3301 757 Ihme

2237 834 2323 894 über
2348 824 2410 884 H.
2434 812 2644 872 Zimmelins
2669 802 2855 862 schlechtes
2879 792 3163 852 Pfredigneden
3201 783 3336 843 wollen,
3348 776 3447 836 Ihme

2235 917 2307 977 aber
2330 906 2451 966 nichts
2474 891 2725 951 gentwoetet,
2737 881 2990 941 Etwaszeits
3001 876 3049 936 in
3085 874 3134 934 der
3157 869 3301 929 Pfedig
3325 863 3408 923 seye

2226 1012 2275 1072 hr
2287 990 2609 1050 aufgestanden
2708 972 2770 1032 dem
2807 968 2944 1028 stuehl
2993 962 3105 1022 hart
3117 955 3376 1015 auffgethan

2233 1097 2351 1157 baldt
2374 1080 2494 1140 wieder
2506 1063 2768 1123 nidergeseßen
2827 1052 2921 1112 mit
2946 1049 3005 1109 dem
3064 1045 3183 1105 stuhl
3230 1040 3301 1100 auch
3326 1038 3409 1098 hart

2224 1176 2442 1236 geklepft,
2455 1157 2578 1217 solches
2592 1143 2769 1203 nachwerts
2796 1130 3094 1190 nocheinmahle
3123 1123 3257 1183 gleich
3271 1119 3421 1179 gethan

2238 1262 2350 1322 undt
2375 1250 2448 1310 alßo
2474 1245 2511 1305 Er
2560 1238 2635 1298 das
2648 1231 2772 1291 lester
2796 1225 2908 1285 mahl
2933 1216 3318 1276 auffgestanden,
3355 1205 3454 1265 habe

2225 1347 2264 1407 Er
2292 1342 2344 1402 Ein
2370 1332 2611 1392 Tertament
2639 1323 2717 1383 oder
2732 1314 3038 1374 Pffalinenbuch
3064 1302 3291 1362 gefordert
3331 1289 3426 1349 H.

2222 1436 2382 1496 Müller
2416 1425 2496 1485 habe
2519 1419 2575 1479 den
2611 1414 2759 1474 Übrigen
2804 1407 2874 1467 Hr
2896 1403 3056 1463 gesagt,
3078 1398 3135 1458 Sie
3148 1396 3260 1456 sollen
3272 1391 3375 1451 Ihme

2244 1519 2362 1579 nichts
2376 1510 2548 1570 geben,
2588 1503 2640 1563 Er
2666 1498 2760 1558 habe
2799 1494 2932 1554 Etwas
2971 1489 3184 1549 getuktes
3210 1485 3250 1545 im
3276 1482 3382 1542 hurt

2262 1610 2434 1670 gehabt
2460 1597 2565 1657 wüße
2591 1591 2685 1651 nicht
2711 1586 2830 1646 was,
2856 1582 3042 1642 hernacher
3068 1576 3147 1636 seye
3173 1573 3212 1633 Er
3253 1566 3371 1626 wider

2241 1690 2549 1750 widergeseßen,
2574 1678 2677 1738 undt
2689 1674 2855 1734 glaube
2882 1672 2920 1732 so
2945 1669 3048 1729 haben
3075 1667 3125 1727 Ihm
3176 1664 3253 1724 sein
3265 1656 3498 1716 uffalmen,

2253 1780 2532 1840 buchgenammen
2601 1769 2769 1829 dorauff
2783 1766 2867 1826 Herr
2895 1763 3021 1823 zimmel
3048 1755 3300 1815 auffgehört

2233 1875 2428 1935 Ppredige
2484 1862 2564 1922 undt
2588 1860 2645 1920 alß
2679 1856 2724 1916 Er
2760 1853 2805 1913 die
2839 1849 3126 1909 Preygsatzim
3171 1844 3470 1904 Vfsolmen¬

2252 1969 2353 2029 buch
2378 1961 2579 2021 abgelesen
2642 1946 2868 2006 Schwyechl.
2893 1937 3045 1997 Steiger
3069 1933 3283 1993 überlaut,
3308 1933 3484 1993 Pfosaunw

2243 2060 2371 2120 nach
2394 2059 2499 2119 auff,
2524 2055 2581 2115 der
2617 2045 2874 2105 Phedigkant
2910 2030 3039 2090 känne
3075 2023 3180 2083 nicht
3203 2014 3390 2074 einmahl

2219 2160 2345 2220 lesen
2419 2150 2520 2210 auch
2544 2144 2608 2204 seye
2645 2138 2771 2198 wahr,
2795 2131 2871 2191 daß
2908 2125 2945 2185 Er
2972 2117 3159 2177 überlaut
3172 2105 3348 2165 anfangs
3373 2095 3422 2155 der

2226 2255 2370 2315 pfedig
2395 2247 2447 2307 dem
2500 2236 2643 2296 Signist
2682 2222 2865 2282 befohlen
2929 2210 2982 2270 die
3021 2201 3164 2261 thüre
3215 2192 3256 2252 zu
3281 2184 3463 2244 schließen

2235 2354 2328 2414 auch
2341 2340 2513 2400 selbigen
2552 2327 2672 2387 sagen
2685 2318 2870 2378 wollen,
2896 2310 2935 2370 Er
2963 2305 3055 2365 solle
3107 2299 3120 2359 H
3227 2285 3413 2345 Hunerl.

2236 2449 2506 2509 verdeüten,
2535 2436 2592 2496 daß
2634 2431 2677 2491 Er
2691 2421 2876 2481 aufhär

3389 208 3479 268 77.
