4032 3024
416 337 535 397 1h.

422 697 610 757 G.

423 1265 570 1325 hadel.

417 1653 545 1713 Pater
562 1645 660 1705 anig.

711 393 789 453 Alß
814 377 879 437 nun
904 366 969 426 übe
982 357 1084 417 obige
1111 347 1239 407 gantze
1291 337 1549 397 Verloffenheit
1574 334 1626 394 der
1651 332 1664 392 H

687 473 912 533 Seygesiner
929 454 1035 514 fise
1069 443 1226 503 bekant
1243 434 1366 494 halen
1417 426 1434 486 M
1488 418 1591 478 He
1628 404 1731 464 bete

681 583 742 643 Dr
767 572 818 632 Hl.
842 561 918 621 Sige
930 551 1018 611 solle
1042 540 1142 600 allhie
1179 531 1254 591 für
1279 523 1540 583 remonstranu
1565 524 1816 584 empfangen

708 667 817 727 dauße
841 653 915 713 ibe
963 643 1012 703 in
1024 636 1122 696 gnädigen
1134 631 1243 691 Heren
1255 625 1303 685 F.
1315 623 1510 683 Morloths
1534 622 1632 682 undt
1669 620 1729 680 der

719 744 917 804 Ehrberbeit
947 727 1003 787 bey
1032 711 1302 771 Verschloßenes
1332 697 1417 757 Thut
1433 694 1475 754 an
1503 692 1617 752 einen
1645 695 1774 755 Sontag

707 830 786 890 für
809 822 934 882 abbitt
957 811 1047 871 thun
1082 801 1162 861 und
1195 795 1252 855 so
1286 785 1434 845 funsten
1458 780 1513 840 der
1537 776 1696 836 komen

701 926 753 986 zu
779 918 964 978 bellingn
990 908 1044 968 30
1057 905 1084 965 r
1110 897 1281 957 berlegen:
1295 885 1440 945 wolcher
1466 877 1612 937 sentenz
1653 870 1692 930 Er

703 1008 761 1068 sich
772 997 966 1057 beschwärt,
988 990 1069 1050 undt
1093 986 1184 1046 selbe
1218 983 1287 1043 vor
1322 978 1469 1038 GgHH.
1493 971 1538 1031 die
1573 961 1687 1021 Räth

689 1098 732 1158 zu
754 1093 885 1153 Peuchen
896 1085 1049 1145 begehrt,
1061 1081 1094 1141 so
1116 1076 1225 1136 Ihmen
1269 1068 1357 1128 auch
1389 1059 1619 1119 bewilliget
1652 1051 1783 1111 worden

731 1162 844 1222 beyen
855 1157 888 1217 der
899 1152 1025 1212 abbitt
1047 1146 1080 1206 zu
1114 1141 1239 1201 bollingn
1250 1138 1272 1198 h.
1295 1135 1341 1195 .
1352 1132 1408 1192 Sig.
1419 1130 1453 1190 g.
1476 1127 1544 1187 Fol.
1566 1122 1635 1182 91.

704 1250 790 1310 H.
814 1243 913 1303 hander
951 1238 999 1298 der
1025 1226 1383 1286 BadthaußWirth
1409 1213 1507 1273 sagt
1532 1209 1570 1269 Er
1606 1204 1693 1264 habe

727 1321 760 1381 am
805 1319 929 1379 bettag
963 1318 1053 1378 vier
1064 1316 1131 1376 h.
1166 1315 1200 1375 da
1233 1312 1301 1372 Sie
1335 1309 1368 1369 zu
1402 1304 1481 1364 fuß
1537 1292 1683 1352 dahin

705 1402 841 1462 kommen
902 1403 1014 1463 umb
1038 1403 1100 1463 42
1124 1403 1187 1463 Uhr
1211 1401 1372 1461 abendts
1409 1397 1445 1457 zu
1496 1393 1618 1453 nacht

713 1491 841 1551 geben,
854 1487 956 1547 Cogl.
982 1487 1137 1547 dimitt:

720 1624 788 1684 der
816 1621 939 1681 Wirth
966 1615 1143 1675 Pfulver
1156 1607 1307 1667 beydem
1348 1596 1580 1656 Neutehauß
1634 1586 1730 1646 sagt

712 1716 757 1776 Er
772 1713 864 1773 habe
880 1709 927 1769 am
972 1703 1142 1763 bettag
1157 1696 1357 1756 liemandt
1372 1694 1633 1754 geschliesen.
1648 1698 1788 1758 sogl.

715 1796 1022 1856 gelaßen..

1879 932 2025 992 feistenn
2055 915 2143 975 Ana

1880 1048 1993 1108 Rrth.
2006 1028 2080 1088 Rud

1910 1725 2156 1785 Bysikerna

2020 1834 2170 1894 Selip.

3332 235 3413 295 2.

2349 280 2627 340 Mittbochen
2666 277 2707 337 den
2733 276 2785 336 2t
2813 274 2945 334 8bris
2971 271 3185 331 1732.

2638 357 2824 417 Praeses

2469 427 2781 487 MengHerer
2805 422 2862 482 von
2886 421 3071 481 Mahlinn

2584 487 2832 547 Assessores

2188 589 2269 649 Meen
2280 582 2397 642 gdHer
2408 576 2514 636 rd.
2525 569 2642 629 dachs,
2665 563 2816 623 Praf.
2828 559 2852 619 A
2898 553 3201 613 Wattenweili,
3212 551 3354 611 Praf.

2181 673 2425 733 Späthing,
2450 651 2617 711 Praf.
2630 640 2810 700 Müller,
2836 632 2939 692 Gng.
2952 626 3081 686 Baller
3106 619 3196 679 Cent.
3221 609 3376 669 Morlott

2188 816 2419 876 Hentzburg
2459 802 2596 862 Praf.
2609 797 2665 857 us
2692 794 2788 854 e
2815 791 2869 851 ein
2882 789 2992 849 gnädigen
3005 785 3115 845 Herr
3128 782 3182 842 deß
3209 778 3346 838 Oberon

2185 907 2436 967 Chorgrichts
2473 882 2749 942 eingesenten
2774 874 2950 934 bericht,
2963 866 3214 926 betreffend
3251 857 3339 917 Ana

2195 991 2412 1051 Wisman
2472 966 2715 1026 außsern
2751 953 2921 1013 Bohlen
2945 946 3029 1006 weg
3078 941 3102 1001 so
3126 937 3174 997 ihr
3210 931 3320 991 vnnd
3344 920 3404 980 vnd

2166 1090 2275 1150 Roth
2299 1077 2360 1137 von
2396 1061 2602 1121 Zetzbeill
2650 1041 2881 1101 zueignet,
2905 1032 2977 1092 adn
3001 1029 3062 1089 min
3074 1025 3171 1085 gnädigen
3183 1021 3280 1081 Herren
3292 1019 3327 1079 den
3353 1016 3426 1076 H.

2739 1084 2866 1144 eutun

2209 1167 2342 1227 Praf:
2364 1147 2576 1207 frundtl.
2598 1132 2788 1192 enhinen
2810 1123 2999 1183 wollen,
3010 1118 3166 1178 beyder
3190 1114 3335 1174 sambt
3357 1110 3423 1170 des

2189 1253 2422 1313 frchen
2456 1237 2634 1297 vatter
2667 1224 2757 1284 vnd
2790 1216 2957 1276 Jeachin
2990 1206 3157 1266 Kaller
3192 1201 3436 1261 aufforstag

2205 1336 2622 1396 nachstefid
2780 1311 2848 1371 diß
2881 1299 3174 1359 unfahlbahr
3198 1288 3322 1348 allhas
3356 1281 3423 1341 vor

2175 1428 2354 1488 Wahhur
2375 1413 2556 1473 hallten.
2576 1403 2629 1463 V.
2650 1398 2714 1458 hig.
2724 1392 2766 1452 4.
2776 1388 2809 1448 et
2819 1384 2893 1444 fol.
2903 1379 2967 1439 84.
2977 1376 2988 1436 A
3030 1369 3083 1429 daß
3125 1363 3210 1423 Wir
3231 1357 3273 1417 den
3283 1352 3431 1412 abspruch

2197 1493 2255 1553 diß
2289 1481 2461 1541 geschaffts
2485 1470 2542 1530 biß
2577 1463 2647 1523 nach
2669 1457 2716 1517 den
2727 1451 2842 1511 Ferren
2866 1435 3049 1495 verschoben

2194 1581 2299 1641 Hier
2325 1566 2613 1626 Consistorio:
2640 1556 2717 1616 Auf
2745 1552 2770 1612 en
2783 1549 2849 1609 min
2862 1545 2967 1605 gnädigen
2979 1541 3086 1601 Herrn
3098 1531 3346 1591 ingesezten
3361 1521 3440 1581 bey¬

2188 1662 2325 1722 richt,
2338 1646 2591 1706 betreffend
2628 1632 2792 1692 Verene
2842 1626 2919 1686 Ggh
2981 1619 3056 1679 Ihre
3081 1605 3372 1665 Aelgehörige,
3384 1590 3422 1650 so

2192 1748 2262 1808 sich
2306 1741 2334 1801 zu
2376 1732 2517 1792 liebet
2560 1717 2843 1777 schwängeren
2857 1706 3012 1766 laßen,
3026 1699 3111 1759 ihre
3125 1691 3352 1751 schwanger

2180 1835 2356 1895 schafft,
2380 1822 2461 1882 aber
2496 1814 2556 1874 bey
2591 1805 2672 1865 Euch
2696 1792 2908 1852 angeben,
2932 1780 3013 1840 und
3048 1774 3131 1834 zun
3201 1763 3377 1823 erhaber

2174 1930 2295 1990 seren
2330 1910 2597 1970 ernamset
2632 1891 2693 1951 den
2741 1874 3007 1934 Oberknecht
3043 1860 3104 1920 bey
3139 1855 3199 1915 dem
3260 1847 3404 1907 bauen

2188 2008 2220 2068 zu
2264 1998 2404 2058 lieber
2458 1982 2708 2042 nahmens
2750 1968 2869 2028 Felix
2924 1959 2999 2019 N.
3022 1954 3097 2014 von
3130 1944 3400 2004 Eglischbeill

2183 2097 2348 2157 diesern
2393 2085 2471 2145 sach
2504 2077 2582 2137 aber
2615 2068 2736 2128 beder
2769 2062 2836 2122 von
2868 2057 2935 2117 der
2957 2051 3068 2111 Ehrb.
3090 2046 3124 2106 zu
3167 2039 3289 2099 Gier,
3300 2027 3434 2087 noch¬

2158 2195 2291 2255 Heren
2332 2182 2358 2242 zu
2412 2166 2652 2226 Seengen,
2665 2153 2787 2213 allbo
2826 2145 2894 2205 der
2920 2139 3041 2199 Selix
3081 2123 3390 2183 Kurchstpänig,

2181 2281 2265 2341 noch
2286 2271 2401 2331 deren
2432 2262 2474 2322 zu
2536 2247 2798 2307 Gränichen
2829 2231 2997 2291 hinder
3038 2217 3268 2277 welcheren
3300 2208 3362 2268 die

2167 2378 2270 2438 that
2301 2362 2523 2422 beschechen
2553 2346 2643 2406 sein
2672 2333 2806 2393 soll,
2835 2319 3043 2379 geaeffet
3072 2309 3177 2369 berden
3192 2303 3341 2363 wolle,

2167 2471 2302 2531 werde
2337 2458 2449 2518 Ihnen
2471 2450 2516 2510 in
2562 2435 2788 2495 antborth
2811 2416 3083 2476 verdeutet,
3105 2405 3206 2465 daß,
3228 2399 3443 2459 zumahlen

2181 2564 2245 2624 die
2277 2556 2424 2616 Wys,
2441 2546 2539 2606 Ihre
2571 2529 2866 2589 Angeherige,
2882 2513 2946 2573 die
2964 2507 3061 2567 Klag
3093 2498 3176 2558 aucf
3208 2491 3272 2551 vor
3290 2486 3419 2546 Ihmen
