4032 3024
412 257 517 317 Sh.

421 778 619 838 Gröniman
654 765 748 825 Harh¬

415 1690 531 1750 Parth
542 1676 694 1736 Sam̄el

395 1846 556 1906 Wägedl.
570 1837 689 1897 Cathr,

724 268 951 328 erschechen,
978 254 1063 314 und
1091 244 1218 304 keine
1262 232 1529 292 Ehransprach
1543 236 1756 296 formiert

719 365 871 425 grede,
901 353 963 413 das
993 335 1222 395 goschafft
1239 318 1314 378 von
1346 310 1468 370 Ihnen
1483 314 1757 374 berechtiget
1774 344 1866 404 bae¬

744 454 840 514 ale,
874 443 939 503 bin
955 428 1168 488 herführe
1200 412 1266 472 ins
1282 402 1528 462 sergleichen
1560 405 1675 465 fahle
1707 414 1741 474 zu
1773 427 1856 487 he¬

732 535 941 595 vesen
1021 510 1150 570 ese
1202 496 1387 556 werben

736 670 832 730 Ober
861 656 1042 716 Rallm.
1055 642 1222 702 Consist:
1249 634 1306 694 uf
1375 630 1431 690 in
1445 629 1555 689 gnädigen
1570 634 1680 694 Herre
1694 644 1806 704 inger

753 745 865 805 unten
888 739 1047 799 bericht
1080 728 1136 788 bin
1182 717 1250 777 daß
1307 707 1396 767 Hans
1431 698 1692 758 Brbimans
1725 709 1828 769 Vhr¬

742 817 1045 877 Angehöriger,
1058 804 1097 864 so
1125 797 1189 857 sich
1215 790 1322 850 gantz
1335 781 1533 841 liekerlich
1559 781 1625 841 auf
1651 788 1782 848 füehre

733 904 823 964 vnd
840 898 915 958 sein
962 886 1130 946 ehrliches
1145 873 1330 933 Haußfel
1375 864 1467 924 über
1497 862 1680 922 tractigen
1727 869 1803 929 auch

732 991 808 1051 offt
821 981 960 1041 schihle,
972 963 1201 1023 deßbegen
1227 949 1302 1009 zum
1366 941 1557 1001 Emahl
1582 941 1646 1001 für
1671 945 1735 1005 die

738 1063 846 1123 Ehrb.
869 1054 1002 1114 cittiert
1014 1043 1158 1103 borden,
1182 1031 1361 1091 sonderen
1398 1022 1710 1082 ungehorsamb
1734 1028 1806 1088 auß

739 1142 908 1202 geblibe,
930 1131 1031 1191 habe
1042 1126 1099 1186 Mine
1110 1121 1200 1181 gnädigen
1212 1115 1301 1175 Herrn
1313 1111 1403 1171 Heien
1426 1108 1470 1168 in
1493 1107 1708 1167 antborth
1741 1111 1866 1171 ver¬

726 1232 865 1292 seuten
906 1219 1058 1279 wollen,
1085 1209 1156 1269 sich
1183 1204 1224 1264 dy
1281 1196 1390 1256 ohrts
1419 1192 1474 1252 bey
1515 1190 1626 1250 Ihrem
1667 1192 1806 1252 herren

731 1307 1007 1367 Kmgtsmann
1045 1295 1155 1355 umb
1182 1282 1523 1342 Handtriethung
1561 1282 1857 1342 anzumellden

710 1390 777 1450 Min
803 1386 885 1446 nigen
899 1380 1005 1440 Herre
1034 1378 1060 1438 n
1087 1373 1167 1433 ehro
1196 1369 1289 1429 mit
1303 1363 1533 1423 sergleichen
1560 1361 1844 1421 Kleinigkeiten

742 1466 769 1526 zu
822 1457 1048 1517 verschonen

740 1625 948 1685 Demmnach
977 1620 1184 1680 Samurel
1227 1612 1352 1672 Garth
1366 1609 1435 1669 von
1448 1607 1587 1667 Spietz
1617 1607 1685 1667 und
1699 1609 1797 1669 Cathe

747 1708 894 1768 Vägeli
922 1702 1136 1762 einander
1176 1696 1311 1756 hievor
1338 1694 1406 1754 sie
1432 1693 1513 1753 Ehe
1539 1693 1795 1753 zugesagt,

728 1800 805 1860 von
831 1792 935 1852 ihrer
961 1781 1323 1841 Eheversprechung
1364 1772 1453 1832 aber
1492 1770 1609 1830 guth
1622 1769 1739 1829 billig

725 1881 955 1941 Wirumb
980 1870 1323 1930 abgestanden;
1349 1864 1424 1924 daß
1475 1859 1705 1919 derobegen
1730 1851 1818 1911 wie

723 1969 780 2029 sie
826 1966 862 2026 in
908 1960 1002 2020 ihrer
1048 1949 1316 2009 dißöhrtigen
1351 1937 1596 1997 abstechung
1630 1930 1851 1990 abgenomen

729 2054 792 2114 die
818 2047 985 2107 Büschen
1011 2040 1113 2100 Ihnen
1126 2031 1382 2091 vergangene
1420 2016 1804 2076 Eheversprechung

742 2128 1007 2188 aufgehoben,
1033 2125 1086 2185 sie
1127 2119 1391 2179 beyderseits
1430 2111 1471 2171 in
1510 2106 1656 2166 vorige
1682 2095 1841 2155 freiheit

744 2210 925 2270 gesetzet,
952 2204 1036 2264 und
1063 2203 1175 2263 Ihnen
1202 2198 1467 2258 nachgelaßen
1481 2195 1551 2255 sich
1578 2191 1648 2251 nach
1675 2184 1816 2244 glüb¬

741 2293 1045 2353 andertbärtig
1080 2294 1114 2354 zu
1147 2296 1431 2356 verehelichen,
1442 2296 1533 2356 Ihne
1566 2292 1691 2352 Raeth
1702 2286 1781 2346 aber

742 2380 817 2440 auß
855 2380 1067 2440 erheblichen
1094 2383 1268 2443 grunden
1305 2386 1394 2446 dahy
1431 2385 1644 2445 verstellt,
1669 2379 1733 2439 daß
1770 2373 1807 2433 es

730 2465 768 2525 ie
794 2467 937 2527 lemein
950 2469 1053 2529 gnädigen
1080 2471 1157 2531 Herer
1184 2474 1391 2534 ebührende
1431 2472 1688 2532 Emolumenta
1728 2456 1872 2516 behohlen

725 2550 826 2610 solle

2257 278 2356 338 Ober
2380 267 2569 327 sießbach
2602 260 2782 320 Consist:
2826 259 3006 319 Weillen
3039 257 3140 317 Hanß
3184 255 3318 315 Schön,
3329 253 3375 313 ab
3397 251 3452 311 dem

2252 352 2536 412 kurzenberg,
2560 339 2709 399 belcheen
2746 332 2895 392 Elrbeth
2919 328 3068 388 Kuentz
3118 324 3191 384 von
3229 320 3328 380 allda
3364 315 3414 375 ihr

1924 400 2195 460 Scheyfanß.

2251 442 2311 502 zur
2349 426 2497 486 Weltdt
2521 411 2706 471 gebohrne
2756 402 2855 462 vnnd
2879 398 3076 458 zueignet
3113 397 3175 457 sich
3187 395 3409 455 eräuteret

2249 517 2366 577 solches
2404 501 2473 561 als
2502 494 2552 554 das
2590 484 2747 544 seinige
2786 479 2894 539 anzz
2933 476 3138 536 nemen,
3157 475 3246 535 habe
3265 474 3305 534 nd
3334 473 3412 533 hie

1908 511 2183 571 sochshlbh

2245 596 2359 656 Ihme
2384 580 2561 640 selbiges
2586 568 2675 628 auch
2712 561 2776 621 als
2801 556 2992 616 nüchtelich
3017 550 3245 610 zubekant,
3270 548 3320 608 der
3345 548 3486 608 mein¬

2259 672 2392 732 nung
2428 653 2621 713 Jehdoch,
2646 643 2706 703 daß
2755 636 2803 696 hie
2827 629 2996 689 Kuentzi
3032 623 3093 683 das
3117 620 3226 680 vind
3263 617 3311 677 die
3346 617 3431 677 zbey

2242 756 2387 816 ersten
2425 737 2522 797 Jahr
2547 723 2657 783 allen
2694 712 2780 772 und
2804 704 2889 764 ohne
2927 695 3073 755 seinen
3099 689 3319 749 entgelt,
3331 691 3430 751 er¬

2241 831 2373 891 solches
2389 814 2539 874 hernach
2556 799 2656 859 aber
2689 788 2773 848 euch
2790 779 2905 839 allein
2921 768 3172 828 Eregeflagen
3189 762 3271 822 und
3287 761 3473 821 aufer¬

2238 905 2425 965 zeuchen,
2464 890 2559 950 und
2572 880 2653 940 ihro
2692 866 2907 926 freyvere
2973 850 3149 910 Kenlohr
3175 845 3403 905 entrichten
3416 847 3511 907 solle

2257 1028 2587 1088 Frachsellballd
2612 1013 2739 1073 Prof.
2751 1009 2814 1069 Mnio
2840 1006 3017 1066 Kürderß
3055 1006 3181 1066 wel:
3208 1009 3437 1069 Nachdemen

2222 1134 2428 1194 MegHe.
2452 1121 2475 1181 o
2501 1114 2597 1174 wohl
2621 1107 2670 1167 Ihr
2694 1103 2815 1163 bericht
2840 1097 3057 1157 schieben,
3081 1094 3288 1154 betoafndt
3312 1093 3432 1153 Pfeter

1939 1242 2077 1302 Zürcher
2090 1234 2215 1294 Pfeter
2228 1223 2355 1283 Furche
2396 1214 2493 1274 undt
2520 1204 2701 1264 Efhistina
2741 1192 2922 1252 Grein,
2936 1185 3006 1245 alß
3047 1180 3198 1240 steitige
3227 1174 3406 1234 Eheleüth

2246 1301 2505 1361 trdautort,
2518 1294 2576 1354 alß
2624 1291 2671 1351 die
2707 1285 2920 1345 Pfartheyen
2943 1278 3061 1338 gegen
3084 1266 3333 1326 Einandere

1941 1363 2047 1423 Han
2063 1353 2231 1413 Christina

2236 1384 2426 1444 verhört,
2451 1378 2486 1438 so
2521 1373 2700 1433 habindt
2724 1367 2892 1427 dieselben
2962 1356 3106 1416 nebst
3130 1341 3321 1401 gethanen

2227 1482 2456 1542 scharpfen
2472 1458 2802 1518 Verstellungen
2869 1440 3016 1500 gebet,
3050 1430 3132 1490 daß
3164 1415 3495 1475 biekünfftigen

2244 1574 2322 1634 wie
2348 1555 2624 1615 Phrißenlichen
2663 1535 2888 1595 Eheleüthen
2953 1520 3190 1580 anständig,
3216 1510 3294 1570 mit
3320 1501 3491 1561 Einanden

2212 1664 2325 1724 leben
2370 1650 2517 1710 sollind
2551 1640 2619 1700 der
2653 1628 2868 1688 meinung,
2891 1618 2958 1678 daß
3016 1612 3071 1672 Sie
3106 1607 3162 1667 die
3184 1601 3286 1661 Gram
3355 1593 3457 1653 von

2226 1749 2323 1809 Ihres
2335 1738 2495 1798 Elteren
2555 1725 2678 1785 fernes
2703 1716 2788 1776 mit
2824 1704 3058 1764 beherberget,
3082 1688 3229 1748 sondern
3241 1672 3461 1732 allsobalt

2235 1831 2266 1891 zu
2319 1821 2415 1881 Ihrem
2489 1807 2659 1867 Ehemann
2691 1796 2861 1856 gelisen
2915 1786 3020 1846 undt
3053 1775 3223 1835 hingegen
3276 1758 3360 1818 von

2246 1917 2372 1977 sethen
2409 1908 2484 1968 deß
2548 1896 2774 1956 ehemannd
2812 1884 2962 1944 eltern
3026 1873 3102 1933 nit
3126 1867 3227 1927 übel
3252 1858 3440 1918 tratirt

2248 2006 2454 2066 fraden,
2488 1989 2643 2049 sells
2660 1981 2747 2041 auch
2781 1975 2884 2035 bader
2918 1965 3143 2025 Verhoffen
3160 1956 3211 2016 sie
3245 1952 3279 2012 il
3315 1945 3366 2005 ein

2230 2098 2426 2158 fernern
2467 2081 2706 2141 Ehestreit
2733 2072 2901 2132 versalle
2929 2065 3054 2125 sollten
3084 2062 3168 2122 M.
3181 2059 3250 2119 H.
3266 2056 3364 2116 nicht
3377 2053 3462 2113 er¬

2212 2181 2418 2241 gmanglen
2452 2168 2624 2228 würden,
2646 2160 2955 2220 dasfählbare,
2979 2149 3356 2209 auffeinlangenden

2230 2269 2380 2329 bericht
2395 2257 2469 2317 mit
2484 2246 2707 2306 geneßener
2739 2239 3022 2299 Strofansche
3051 2233 3186 2293 demne
3201 2227 3321 2287 gnädigen
3336 2219 3457 2279 Heren

2219 2367 2287 2427 dem
2332 2356 2458 2416 fürher
2492 2347 2595 2407 aller
2618 2339 2856 2399 verdächtige
2903 2335 3108 2395 umbgang
3141 2334 3211 2394 mit
3245 2335 3324 2395 dem

2194 2448 2381 2508 Kestler
2430 2439 2555 2499 bäb.
2579 2431 2842 2491 verbotten:
2854 2425 2879 2485 s
2929 2422 3090 2482 Welche
3129 2419 3278 2479 Urtheil
3302 2417 3516 2477 nochzuge¬

2218 2521 2324 2581 sleben
2350 2520 2405 2580 Sie
2431 2516 2631 2576 angelobt,
2658 2512 2739 2572 undt
2752 2506 2939 2566 Einanden
2965 2503 3020 2563 die
3033 2500 3152 2560 fändt
3180 2497 3233 2557 der
3260 2493 3460 2553 Aersichnung

2232 2598 2400 2658 geben.
