4032 3024
365 284 538 344 E82.

349 575 507 635 Morandin
526 564 629 624 Pierre

337 647 443 707 temag
471 643 566 703 Jeanne

367 716 475 776 sissier
509 700 649 760 Nicolos

377 2360 533 2420 bekhanß
556 2353 652 2413 Jarob

368 2434 459 2494 Cofio
470 2427 619 2487 Elisabeh.

658 365 731 425 A.
746 356 876 416 Prev:
905 344 950 404 Es
978 334 1052 394 habe
1080 320 1182 380 Iwar
1211 307 1329 367 Paere
1358 296 1562 356 Morardin
1604 306 1825 366 Ihrangen¬

658 451 782 511 sheige
821 434 932 494 vidt
944 422 1033 482 seine
1057 407 1232 467 Ehrfrauw
1257 396 1370 456 Jeare
1407 391 1545 451 Leman
1582 395 1695 455 wegen

664 539 734 599 deß
778 528 833 588 No.
847 520 947 580 1725.
961 512 1046 572 mit
1074 502 1229 562 Nicolas
1243 493 1386 553 Cissied
1414 485 1682 545 verdächtigen

676 607 885 667 umbgangs
907 598 996 658 undt
1028 590 1172 650 daruff
1193 578 1404 638 erfolgter
1425 567 1734 627 abbüeßung

687 699 743 759 die
754 688 984 748 schwigung
1018 673 1202 733 befährt:
1224 667 1259 727 Vo
1305 663 1362 723 n
1374 658 1465 718 Gnädigen
1477 651 1568 711 Herren
1591 644 1671 704 aber

704 786 945 846 bobachtet,
959 776 1030 836 daß
1072 766 1172 826 kein
1215 753 1398 813 Ehebruch
1428 745 1498 805 auf
1555 742 1611 802 Sie
1641 739 1796 799 beweisen

681 881 795 941 beyde
829 869 956 929 einichen
979 858 1173 918 beyschlaff
1207 846 1413 906 verneinen
1482 839 1528 899 Er
1551 837 1643 897 ohne
1665 834 1734 894 Ihr

678 966 868 1026 vorlüßen
891 953 986 1013 undt
1010 944 1128 1004 willen
1211 934 1271 994 sich
1295 931 1378 991 auß
1438 927 1508 987 dem
1568 925 1723 985 lande

684 1047 892 1107 begeben,
918 1036 1009 1096 undt
1035 1031 1086 1091 sich
1112 1027 1321 1087 widrlichen
1373 1022 1580 1082 verüeffen
1606 1020 1749 1080 laßen

690 1139 759 1199 als
788 1130 942 1190 habindt
969 1117 1166 1177 dieselbige
1207 1108 1306 1168 Ihne
1320 1102 1558 1162 Morandin
1613 1099 1697 1159 der

681 1220 895 1280 verlangter
906 1210 1132 1270 schidigung
1168 1196 1358 1256 abgelesen
1394 1187 1489 1247 undt
1513 1182 1631 1242 beyde
1667 1183 1799 1243 lide¬

685 1313 808 1373 rumb
835 1312 918 1372 alßo
945 1308 1082 1368 ehrlich
1109 1298 1286 1358 zusamen
1328 1283 1479 1343 bekent
1519 1273 1793 1333 Aermeinung

679 1403 757 1463 daß
792 1399 916 1459 fodas
950 1396 1041 1456 vor
1063 1389 1278 1449 ohngefehr
1301 1381 1414 1441 sechen
1436 1373 1562 1433 Jahren
1618 1360 1709 1420 mit

674 1494 738 1554 Iha
775 1488 1005 1548 erzeugete
1069 1480 1248 1540 Knebl
1298 1471 1451 1531 helffe
1490 1455 1694 1515 erhalten,
1719 1436 1795 1496 undt

675 1580 767 1640 mit
789 1574 836 1634 E.
847 1571 892 1631 d.
915 1568 973 1628 alß
1019 1565 1272 1625 Cchristeliche
1306 1561 1536 1621 Eheleüthen
1581 1548 1800 1608 wohl¬

676 1670 875 1730 anstehet,
902 1663 994 1723 heben
1021 1650 1220 1710 sollindt.

670 1775 756 1835 N.
780 1768 879 1828 leibe
915 1763 977 1823 die
1014 1762 1261 1822 Moraadin
1297 1761 1396 1821 diese
1420 1758 1544 1818 urthel
1568 1752 1667 1812 nicht
1691 1740 1790 1800 anen

692 1846 851 1906 wollen,
864 1841 917 1901 ist
943 1839 983 1899 Er
1009 1838 1194 1898 hinunder
1208 1838 1354 1898 gesetzet
1380 1838 1564 1898 wrden.

661 1992 876 2052 Morsae
906 1982 1059 2042 prof.
1089 1982 1152 2042 Ihm
1182 1983 1382 2043 ersuchen,
1412 1982 1490 2042 Ihre
1520 1978 1612 2038 begen
1627 1964 1828 2024 erhaltung

679 2085 749 2145 deß
793 2082 935 2142 Kindes
964 2081 1022 2141 die
1036 2081 1178 2141 notige
1222 2079 1523 2139 handtbietung
1551 2062 1780 2122 angeleyrn

690 2161 887 2221 zulaßen

682 2322 928 2382 Brugg.
946 2311 1110 2371 Weilen
1143 2308 1243 2368 Hanß
1291 2306 1407 2366 Jacob
1423 2302 1604 2362 bebicht
1620 2287 1817 2347 angehöget

699 2417 843 2477 Welcher
867 2410 915 2470 die
952 2407 1131 2467 Elisobeth
1155 2405 1264 2465 Copro
1299 2404 1384 2464 vor
1396 2399 1504 2459 seinen
1552 2385 1756 2445 außtrtt

706 2491 909 2551 beschloffen
938 2489 1113 2549 ziuhaben
1143 2489 1333 2549 bekennet
1361 2487 1406 2547 die
1421 2485 1464 2545 in
1478 2482 1536 2542 der
1552 2474 1682 2534 geißt
1698 2459 1770 2519 auf

700 2575 792 2635 Iune
818 2573 869 2633 als
909 2571 1065 2631 Gatter
1078 2570 1157 2630 Ihre
1183 2569 1313 2629 Kindes
1351 2564 1560 2624 verharret,
1588 2552 1782 2612 nachwerts

3350 236 3404 296 83

2191 311 2410 371 ohngeacht
2438 302 2671 362 deregangen
2714 305 2919 365 Citationen
2978 311 3049 371 Ver
3078 314 3180 374 Ihnen
3211 316 3444 376 unterschinen

2185 419 2329 479 sondern
2342 408 2408 468 das
2433 403 2578 463 Rechten
2630 403 2879 463 mutswillig
2905 408 3089 468 verlaßen,
3116 410 3142 470 so
3168 408 3338 468 habendte

2168 508 2329 568 Me.
2357 499 2415 559 hunr
2430 496 2504 556 per
2533 494 2782 554 Contunaciam
2870 497 3117 557 brurtheilet,
3134 499 3220 559 undt
3235 496 3309 556 Ihm

2179 616 2265 676 der
2279 598 2450 658 Klegerin
2478 587 2563 647 nach
2591 584 2662 644 der
2692 584 2891 644 Lohnung
2933 586 3018 646 Mon
3048 587 3119 647 Ao
3133 586 3205 646 172
3246 583 3332 643 alß

2182 697 2340 757 Schuflich
2362 686 2396 746 zu
2431 673 2646 733 bekennet.

2171 905 2233 965 De
2263 892 2340 952 dul
2370 885 2400 945 an
2447 877 2539 937 nen
2554 873 2661 933 Heren
2693 871 2738 931 dre
2768 868 2969 928 Vorgefchter
2984 866 3061 926 F.
3076 859 3383 919 Gesellschafft

2178 990 2218 1050 zu
2246 977 2519 1037 Metgeren:
2546 970 2683 1030 Jacob
2723 968 2914 1028 Imhooff
2956 964 3009 1024 Hr
3051 955 3364 1015 Gesellschaffts

2195 1068 2524 1128 angehörgethameine
2537 1058 2647 1118 gnädien
2661 1055 2757 1115 Herr
2771 1053 2825 1113 sich
2838 1051 2921 1111 mit
2963 1047 3017 1107 der
3044 1044 3183 1104 Rittib
3223 1035 3387 1095 Nieling

1882 1124 2063 1184 Inchoft
2079 1109 2152 1169 ab

2193 1167 2425 1227 Mehhelichen
2436 1152 2634 1212 zukönnen
2645 1141 2738 1201 umb
2772 1130 3063 1190 bewilligung
3098 1118 3389 1178 angehalten:

1878 1211 2038 1271 Wiehung
2054 1185 2183 1245 bötti¬

2175 1252 2283 1312 Ihme
2315 1245 2402 1305 aber
2424 1238 2499 1298 für
2521 1229 2749 1289 dißmahlen
2824 1215 2932 1275 nicht
2964 1203 3214 1263 villfahren,
3236 1190 3387 1250 sondern

2161 1332 2379 1392 bevorderst
2403 1327 2487 1387 Ssie
2511 1320 2719 1380 MeH.n
2731 1312 2863 1372 deßen
2937 1298 3131 1358 adcesisen
3215 1284 3313 1344 umb
3349 1277 3409 1337 den

2175 1416 2376 1476 behörgen
2442 1408 2590 1468 bericht
2603 1405 2791 1465 erworten
2817 1395 2990 1455 wollen.

2142 1609 2358 1669 Gelpp.
2391 1589 2498 1649 Ihnen
2531 1579 2808 1639 aufftagen,
2840 1573 2902 1633 die
2917 1570 3104 1630 Sosandia
3150 1564 3320 1624 Schweyer

2143 1709 2246 1769 Von
2283 1690 2563 1750 NeüweEge,
2576 1680 2691 1740 welche
2729 1677 2755 1737 H
2818 1673 2983 1733 Albricht
3023 1667 3188 1727 Knecht
3213 1660 3276 1720 Hl.
3290 1653 3403 1713 Cons:

2148 1790 2242 1850 Von
2279 1786 2504 1846 Burdorff
2565 1777 2659 1837 Sohn
2708 1768 2874 1828 beklagt
2909 1761 2956 1821 der
2968 1752 3266 1812 schwängerung
3302 1740 3397 1800 halb

1883 1807 1989 1867 Scheyer
2000 1805 2127 1865 Susanna

1877 1902 1972 1962 Rrcht
1986 1895 2029 1955 ih
2056 1888 2153 1948 Alhes
2167 1876 2359 1936 hreklagt,
2373 1868 2400 1928 in
2429 1861 2538 1921 Ihrer
2580 1848 2924 1908 bevorstehendes
2952 1837 3132 1897 geißet,
3146 1834 3270 1894 welche
3311 1831 3366 1891 Sie

2154 1967 2224 2027 bey
2260 1958 2401 2018 foelia
2450 1948 2568 2008 beger
2674 1938 2721 1998 zu
2769 1932 2922 1992 Kersetz
2946 1924 3053 1984 thun
3088 1916 3194 1976 vill
3242 1904 3432 1964 Exami¬

1886 1987 1973 2047 tege
2000 1987 2129 2047 felia.

2159 2046 2229 2106 Wei
2273 2044 2301 2104 n
2331 2041 2387 2101 ein
2401 2039 2516 2099 gnädigen
2530 2033 2644 2093 Herren
2658 2028 2715 2088 deß
2771 2010 3172 2070 hraußkommenden
3227 1987 3413 2047 berichten

2159 2120 2413 2180 zulaßen.

2211 2204 2273 2264 D.
2288 2201 2440 2261 Lubli.
2457 2204 2532 2264 1.
2549 2202 2641 2262 Ffol.
2655 2192 2733 2252 85.

2153 2294 2380 2354 Bilhik.
2407 2291 2528 2351 Ihnen
2581 2281 2794 2341 Coneglich
2821 2262 3063 2322 Communicit
3116 2247 3195 2307 ved
3224 2242 3303 2302 UgH

1890 2340 2090 2400 Pehrswar.

2165 2389 2221 2449 die
2250 2389 2506 2449 Rächtwegen
2561 2379 2674 2439 Iar
2703 2369 2844 2429 Reter
2887 2358 2986 2418 undt
3014 2350 3071 2410 de
3113 2341 3269 2401 Wittib
3297 2335 3396 2395 holz

1879 2414 1953 2474 Vol.
1978 2413 2126 2473 Wittib.

2159 2464 2386 2524 erbeit.
