4032 3024
423 277 437 337 d

400 462 538 522 baltl.
550 449 667 509 Christen

403 548 497 608 Staub
516 540 667 600 Mani.

415 1823 528 1883 Negoan
564 1826 677 1886 Sane

404 1927 539 1987 Maisi
564 1931 711 1991 Arthaial

1494 260 1591 320 dit.

724 347 850 407 Mett
867 334 945 394 und
960 325 1166 385 bollingen
1213 318 1324 378 sep.
1356 310 1467 370 mut:

1542 325 1621 385 Sie
1638 330 1846 390 ansinnen

727 442 784 502 den
807 433 946 493 Christens
957 423 1095 483 Haltl.
1120 416 1200 476 Van
1235 408 1431 468 Bollingen
1465 404 1558 464 undt
1580 404 1719 464 Maria

709 542 832 602 Saub
859 533 928 593 auf
957 527 1011 587 den
1025 523 1053 583 13
1080 518 1150 578 9b
1219 510 1273 570 eine
1302 505 1384 565 nädige
1411 500 1521 560 Herren
1536 497 1563 557 zu
1590 497 1742 557 halten

724 633 789 693 dem
829 623 962 683 kalte
1001 612 1082 672 aber
1108 605 1147 665 zu
1174 598 1361 658 verdeüte,
1374 590 1479 650 fahlt
1505 589 1546 649 Er
1586 589 1679 649 nicht
1692 595 1839 655 erschin

717 722 818 782 thäte
870 712 908 772 Er
946 704 1010 764 per
1036 689 1329 749 Contumariam
1419 671 1558 731 würde
1598 670 1814 730 beurthelet

709 808 966 868 werden.

730 906 856 966 plent
872 897 1013 957 hublig.
1028 894 1075 954 A.
1090 893 1138 953 et.
1154 893 1216 953 ol.
1231 893 1310 953 19.
1326 894 1388 954 des
1421 897 1639 957 faßmann
1655 899 1780 959 votter

726 989 909 1049 bedeutet
970 982 1018 1042 der
1044 978 1117 1038 H.
1129 973 1336 1033 LandtVogt
1374 971 1410 1031 zu
1459 971 1654 1031 lentzburg
1690 976 1801 1036 haben

700 1072 802 1132 Ihme
824 1067 959 1127 gesagt,
982 1063 1061 1123 wan
1095 1061 1185 1121 seine
1209 1058 1345 1118 tochter
1367 1057 1469 1117 keine
1502 1055 1604 1115 klag
1650 1055 1763 1115 führe

718 1160 805 1220 undt
830 1155 893 1215 das
918 1151 1017 1211 Kind
1056 1148 1130 1208 für
1155 1147 1206 1207 Sie
1231 1145 1418 1205 behalten,
1430 1145 1468 1205 so
1492 1145 1593 1205 wolle
1618 1144 1667 1204 Er
1692 1143 1805 1203 Ihme

722 1238 783 1298 ein
809 1234 946 1294 Mann
971 1232 1184 1292 Veozeigen
1233 1234 1296 1294 der
1320 1237 1432 1297 Ihme
1471 1238 1670 1298 Jährlichen
1682 1236 1745 1296 12.
1757 1233 1833 1293 g.

740 1319 801 1379 der
825 1316 1009 1376 baamelt
1059 1318 1132 1378 100
1169 1319 1242 1379 oder
1278 1322 1364 1382 200
1402 1325 1476 1385 gl.
1500 1327 1598 1387 geben
1671 1326 1807 1386 dann

726 1403 815 1463 solle
861 1402 917 1462 der
951 1403 1064 1463 Rudi
1099 1405 1177 1465 Noth
1211 1406 1302 1466 nicht
1324 1406 1595 1466 eingeschiben
1619 1399 1754 1459 werden

734 1481 838 1541 solches
861 1481 954 1541 frmit
976 1483 1058 1543 thun
1105 1488 1243 1548 wollen,
1266 1493 1347 1553 H.
1382 1496 1474 1556 habs
1499 1497 1556 1557 der
1591 1494 1718 1554 Motf.
1730 1487 1800 1547 seyn

725 1573 879 1633 darbey
905 1571 1099 1631 gewesen,
1124 1571 1177 1631 der
1202 1573 1319 1633 solches
1357 1574 1448 1634 habe
1473 1573 1604 1633 schriben
1629 1569 1796 1629 ollen.

705 1718 870 1778 klngte
886 1719 1086 1779 folgender
1102 1723 1236 1783 Eredel
1269 1726 1336 1786 für
1385 1725 1668 1785 Außfuhenen
1717 1710 1868 1770 MeH.

717 1813 862 1873 Vbrtrag
913 1810 1057 1870 habendt
1083 1811 1189 1871 Phogl.
1202 1814 1412 1874 angehört,
1438 1813 1517 1873 daß
1556 1805 1726 1865 Jeanne

739 1902 896 1962 Sestaid
925 1901 983 1961 von
1012 1903 1242 1963 Chardonne
1285 1904 1473 1964 ohngeracht
1487 1898 1616 1958 allest
1646 1883 1832 1943 zuschrofhes

731 1987 818 2047 auff
844 1987 906 2047 dem
944 1990 1119 2050 angeben
1156 1995 1394 2055 Maislin,
1408 1996 1433 2056 so
1470 1992 1745 2052 abrundern

721 2072 768 2132 zs
791 2068 956 2128 surrents
979 2070 1097 2130 deßen
1120 2077 1297 2137 Liberirt
1320 2081 1508 2141 worden,
1520 2078 1580 2138 alß
1638 2060 1803 2120 Vatter

701 2152 790 2212 Ihres
814 2152 1027 2212 ohnehrlichen
1040 2159 1175 2219 Kinder
1209 2165 1366 2225 beharret
1390 2164 1503 2224 weiben
1514 2162 1570 2222 Sie
1593 2155 1683 2215 aber
1706 2139 1819 2199 beits

706 2240 796 2300 eine
825 2239 959 2299 lange
1020 2250 1334 2310 gefangnschafft
1350 2259 1710 2319 außgestanden,
1724 2239 1858 2299 habende

702 2323 833 2383 Pherl.
845 2326 988 2386 erkent,
1011 2333 1072 2393 daß
1107 2340 1203 2400 wider
1226 2347 1310 2407 los
1322 2353 1513 2413 gelaßen
1656 2346 1763 2406 undt

734 2408 809 2468 mit
835 2409 936 2469 Einer
961 2418 1187 2478 Remonstrm
1236 2434 1450 2494 dimittirt
1463 2438 1576 2498 werden
1615 2433 1728 2493 solle

722 2491 838 2551 Rtt.
861 2496 920 2556 26.
942 2499 1012 2559 sep.
1036 2500 1165 2560 1732.

1921 1549 2052 1609 Pluß
2081 1548 2184 1608 behe

1922 1667 2051 1727 Stadts
2074 1664 2193 1724 Anna¬

3390 236 3476 296 85)

2216 310 2269 370 V.
2282 308 2350 368 hub.
2363 308 2431 368 Sig.
2444 308 2484 368 9.
2497 310 2565 370 fol.
2578 311 2633 371 33.
2659 314 2806 374 langte
2835 319 3021 379 folgender
3050 325 3157 385 hedul
3184 327 3331 387 ein:
3344 329 3452 389 Über

2219 418 2325 478 Eue
2348 416 2373 476 M
2421 416 2540 476 H.
2563 418 2694 478 Vertrag
2729 422 2943 482 betreffende
2966 427 3074 487 sedas
3097 428 3181 488 Pete
3216 430 3312 490 undt
3347 429 3418 489 die

2232 516 2471 576 Wittibsoch
2573 515 2635 575 sich
2660 515 2799 575 außert
2824 517 2976 577 landts
3002 517 3077 577 bey
3115 518 3166 578 ein
3204 518 3266 578 deß
3318 520 3443 580 Peters

2216 607 2471 667 Ehefrauwens
2518 604 2645 664 läben
2703 601 2796 661 mit
2819 601 3016 661 Einander
3051 605 3295 665 verhelichet
3329 613 3468 673 habindt

2225 699 2501 759 Ihogserbent,
2517 692 2582 752 daß
2646 689 2711 749 Sie
2727 688 2808 748 von
2856 688 2921 748 der
2953 689 3197 749 Stettandt
3213 698 3391 758 Landen

2197 798 2403 858 banisirt
2430 786 2553 846 werden
2594 774 2815 834 sollinde.

2362 927 2656 987 Sonstags
2694 922 2746 982 den
2771 922 2834 982 2te
2873 920 2988 980 8bris
3015 915 3130 975 1730.

2688 1000 2873 1060 Praeses

2528 1061 2841 1121 Meningerener
2854 1058 2929 1118 von
2954 1055 3155 1115 Mühlinen

2618 1151 2878 1211 Assessores

2230 1236 2436 1296 Meder

2216 1381 2329 1441 hedl
2386 1373 2457 1433 men
2485 1368 2613 1428 gnädige
2629 1363 2743 1423 ren
2757 1360 2813 1420 die
2827 1358 3127 1418 vorgesetzten
3155 1358 3213 1418 C.
3227 1359 3285 1419 S.
3299 1360 3485 1420 Girselen

2220 1461 2376 1521 schafft
2402 1456 2454 1516 zu
2505 1451 2648 1511 mohren
2701 1444 2779 1504 mr
2804 1441 2986 1501 Gbraham
3065 1436 3182 1496 Pluß
3234 1435 3285 1495 ihr
3325 1435 3482 1495 zunfft

2202 1545 2497 1605 bangehörige
2545 1534 2605 1594 habe
2624 1530 2673 1590 ein
2683 1527 2762 1587 gnädigen
2772 1523 2861 1583 Herren
2870 1518 2979 1578 umb
3008 1512 3273 1572 bebilligung
3312 1508 3461 1568 ange¬

2225 1630 2372 1690 hallten
2422 1617 2508 1677 sich
2545 1610 2631 1670 mit
2668 1604 2766 1664 dna
2804 1598 2952 1658 Stadter
2989 1594 3062 1654 von
3088 1591 3310 1651 Purnolitz
3334 1588 3420 1648 mit

2213 1715 2343 1775 seren
2382 1705 2422 1765 er
2461 1698 2552 1758 schon
2591 1689 2721 1749 hievor
2761 1680 2970 1740 einseind
2996 1672 3243 1732 erzeuget,
3269 1669 3493 1729 vershelichen

2214 1803 2262 1863 zu
2310 1792 2503 1852 können.
2527 1780 2671 1840 Wann
2695 1771 2792 1831 aber
2827 1766 2863 1826 er
2887 1761 3057 1821 selbsten
3092 1759 3296 1819 gestechen
3320 1760 3476 1820 mueßen

2232 1890 2328 1950 erst
2355 1878 2439 1938 22.
2453 1869 2551 1929 Jahr
2578 1860 2674 1920 allt
2703 1854 2744 1914 zu
2785 1849 2869 1909 sein
2897 1847 2911 1907 u
2938 1845 3008 1905 min
3022 1843 3132 1903 gnädigen
3145 1843 3243 1903 Heren
3257 1843 3341 1903 nicht
3354 1844 3480 1904 büßen

2223 1973 2418 2033 mögen,
2442 1964 2478 2024 ob
2503 1960 2539 2020 ei
2563 1956 2625 2016 mine
2637 1950 2747 2010 gndign
2759 1944 2820 2004 dig
2832 1940 2918 2000 ern
2930 1936 2979 1996 die
3015 1930 3296 1990 vorgesezten
3320 1926 3370 1986 in

2206 2065 2353 2125 diesere
2392 2056 2465 2116 Ehe
2502 2045 2750 2105 willigen;
2787 2035 2836 2095 So
2873 2028 3034 2088 habend
3071 2021 3146 2081 Sie
3183 2016 3268 2076 auch
3295 2014 3331 2074 in
3368 2009 3456 2069 ein¬

2201 2158 2411 2218 Theilung
2448 2147 2511 2207 deß
2560 2136 2795 2196 Ehescheins
2845 2124 2956 2184 nicht
2982 2116 3180 2176 voreilen,
3204 2110 3390 2170 sonderen

2213 2258 2459 2318 bevorderst
2482 2244 2565 2304 von
2588 2236 2705 2296 ihnen
2728 2223 2987 2283 verneinen
3011 2212 3187 2272 wollen,
3210 2207 3245 2267 ob
3280 2205 3328 2265 sie
3363 2203 3479 2263 daren

2142 2368 2180 2428 zu
2205 2355 2438 2415 willigen,
2451 2342 2540 2402 oder
2580 2333 2669 2393 aber
2707 2323 2798 2383 auß
2836 2316 2940 2376 waß
2978 2307 3171 2367 gründen
3198 2304 3249 2364 sie
3275 2303 3353 2363 sich
3365 2305 3467 2365 deren

2196 2458 2246 2518 zu
2296 2446 2574 2506 widersetzen
2608 2430 2805 2490 gesinet
2821 2421 2968 2481 seyen
