4032 3024
393 249 525 309 86.

364 436 465 496 Stubi
487 431 564 491 Hanß

360 514 488 574 Sigenst
512 504 654 564 Mana.

389 1291 517 1351 Marti
528 1288 646 1348 Rudogt

369 1379 452 1439 bloh
474 1372 633 1432 Barbera.

374 1468 665 1528 Absfolten,

381 2110 489 2170 Rupp
514 2109 634 2169 Ulleich

367 2183 535 2243 Schwagle
561 2180 678 2240 Brmn

703 286 1023 346 Münsingen.
1039 266 1096 326 Es
1127 259 1228 319 hatt
1243 250 1593 310 vnßendtlichen
1607 261 1785 321 Hauß¬

695 390 810 450 Steki
835 377 898 437 von
925 357 1193 417 Mündingen
1219 341 1411 401 bekeuet
1436 338 1512 398 der
1551 342 1692 402 Maria

685 469 849 529 Sigeist
875 455 957 515 von
999 434 1232 494 Wynaub
1272 419 1327 479 sie
1367 415 1435 475 Ehe
1477 415 1695 475 aufrecht
1708 428 1792 488 ver¬

685 567 853 627 sprechen
883 551 915 611 zu
961 535 1114 595 haben,
1131 521 1222 581 und
1254 510 1485 570 angelobt
1500 509 1561 569 sie
1593 513 1638 573 zu
1668 524 1791 584 Ehelich

691 655 924 715 derobegen
953 634 1034 694 wir
1076 619 1185 679 Ihme
1212 606 1337 666 selbe
1378 599 1474 659 auch
1501 599 1570 659 als
1612 609 1775 669 Eheliche

699 744 952 804 zubekent,
983 721 1126 781 Vesto
1157 709 1221 769 sin
1252 700 1348 760 Ehrs
1379 691 1586 751 hierdurch
1601 697 1824 757 nachrichtg

695 828 987 888 verständiget
1023 804 1213 864 werde.

676 1018 992 1078 Afolterens.
1020 1008 1077 1068 bey
1105 1002 1308 1062 Karbey.
1322 997 1407 1057 Von
1435 992 1536 1052 Ihren
1551 986 1638 1046 H.
1652 978 1796 1038 Ober¬

715 1096 991 1156 Ambtsmann
1047 1089 1151 1149 seind
1162 1087 1232 1147 Mein
1243 1084 1334 1144 gnädigen
1346 1081 1437 1141 Herren
1448 1073 1620 1133 berichtet
1655 1060 1781 1120 worden

685 1181 750 1241 wie
776 1181 830 1241 daß
869 1181 921 1241 Sie
935 1180 1000 1240 sich
1039 1178 1119 1238 der
1158 1174 1421 1234 vorhabende
1461 1167 1526 1227 Ehe
1580 1160 1670 1220 deß

690 1273 853 1333 Rudolff
879 1269 1029 1329 Martz
1055 1266 1144 1326 Ihrs
1168 1260 1433 1320 angehörigen
1458 1255 1534 1315 mit
1571 1249 1772 1309 Barbara

674 1366 767 1426 bloh
806 1360 886 1420 Bon
925 1358 1205 1418 Rodelfingen
1218 1357 1285 1417 nit
1325 1352 1578 1412 widersetzet,
1604 1342 1630 1402 so
1657 1334 1737 1394 fehr

700 1447 765 1507 Sie
793 1447 897 1507 wegen
925 1447 982 1507 der
1010 1447 1114 1507 bloh
1142 1445 1368 1505 ohnEhrlichen
1387 1438 1556 1498 Kindts
1593 1429 1669 1489 die

700 1540 925 1600 Gebührende
962 1538 1151 1598 sicherhet
1200 1534 1313 1594 haben
1338 1528 1513 1588 können,
1538 1522 1601 1582 wie
1626 1513 1713 1573 nun

692 1638 758 1698 die
783 1633 875 1693 bloh
914 1629 992 1689 fünre
1018 1625 1306 1685 Radelsingerin
1357 1624 1436 1684 der
1461 1621 1683 1681 beklagte
1709 1613 1813 1673 dann

685 1721 745 1781 Ein
759 1721 956 1781 frambder
980 1720 1204 1780 gewesen,
1228 1717 1254 1777 so
1290 1713 1463 1773 könnind
1501 1704 1574 1764 Sie
1612 1696 1674 1756 diß
1710 1684 1823 1744 Kindt¬

692 1803 790 1863 Rohl
817 1808 956 1868 hinder,
971 1808 1069 1868 ihnen
1110 1804 1347 1864 dulden,
1375 1788 1529 1848 Jehdoch
1556 1774 1626 1834 daß
1654 1756 1792 1816 solches

683 1892 787 1952 Ihun
816 1893 845 1953 zu
876 1894 965 1954 kenn
980 1894 1127 1954 heithen
1144 1889 1469 1949 praejudicirlich
1499 1875 1573 1935 sein
1604 1856 1766 1916 solle.

696 2033 1072 2093 Oberdießbach.
1100 2035 1153 2095 Es
1195 2037 1276 2097 habe
1302 2038 1505 2098 endtlichen
1531 2033 1680 2093 Ulloich
1707 2022 1816 2082 Nup¬

686 2119 837 2179 welchen
869 2122 1020 2182 Berna
1081 2128 1311 2188 Schwägler
1325 2128 1387 2188 Ihs
1417 2126 1493 2186 zur
1508 2120 1614 2180 lelt
1644 2104 1812 2164 gebehte

727 2200 803 2260 ner
818 2204 954 2264 Kinde
984 2215 1226 2275 zugeignet
1255 2224 1497 2284 angelobt
1514 2214 1695 2274 selbiger
1724 2187 1832 2247 vor¬

704 2282 778 2342 das
807 2283 881 2343 sine
910 2293 1144 2353 anzunen,
1161 2306 1233 2366 der
1263 2311 1336 2371 Min
1352 2314 1469 2374 gnädigen
1483 2309 1601 2369 Herren
1615 2284 1806 2344 Danrselbige

702 2360 780 2420 auch
803 2363 881 2423 alß
915 2374 1129 2434 ohnehrlich
1173 2386 1208 2446 zu
1241 2393 1466 2453 bekennet,
1500 2393 1567 2453 drr
1591 2382 1747 2442 nienung

693 2452 769 2512 daß
806 2452 870 2512 Sie
895 2453 971 2513 das
995 2459 1108 2519 Kindt
1147 2468 1324 2528 zugleiche
1348 2472 1461 2532 theils
1475 2469 1513 2529 er
1525 2465 1613 2525 holt
1638 2444 1802 2504 sollinde

692 2532 760 2592 da
789 2528 885 2588 Wir
913 2528 969 2588 Ihm
1023 2532 1120 2592 dann
1162 2538 1230 2598 zur
1244 2546 1494 2606 abbüeßung
1521 2544 1660 2604 Termie
1674 2525 1825 2585 ertheilt

700 2603 832 2663 bißen
869 2606 941 2666 9b.
953 2607 1135 2667 ertheilt.

3330 234 3389 294 87

2177 347 2339 407 Wart
2375 343 2425 403 der
2449 340 2598 400 Cotoina
2636 335 2785 395 Rosina
2822 334 2959 394 Hohndt
2996 334 3082 394 von
3108 334 3218 394 Belpp
3257 335 3367 395 wider

2201 429 2287 489 Ihen
2338 428 2425 488 vor
2450 427 2550 487 kehen
2587 425 2688 485 Jahren
2713 422 3064 482 außgetrettenen
3088 417 3251 477 Eheman

1875 442 1966 502 hohd
2000 422 2074 482 eber
2091 410 2202 470 losen

2185 525 2333 585 Frantz
2346 522 2507 582 Anthor
2546 520 2681 580 Zalles
2707 520 2802 580 Ein,
2828 518 3068 578 Prorelisten
3095 517 3163 577 Von
3189 514 3390 574 Opfenburg

1860 572 1960 632 halte
1993 542 2093 602 hratz

2178 624 2248 684 Ein
2292 615 2534 675 Ruffbriff
2634 610 2762 670 belpp
2790 608 3046 668 zuverlesen,
3062 606 3290 666 ertheilt.

2172 755 2186 815 N
2271 738 2326 798 Sie
2340 730 2410 790 soll
2438 723 2607 783 übrigens
2635 721 2692 781 diß
2733 721 2790 781 dem
2832 724 2960 784 Mann
3015 728 3113 788 durch
3127 730 3184 790 H.
3212 730 3324 790 Mejor

2173 829 2358 889 Gürtler
2373 808 2759 868 Lüßendtmachen.

2165 1005 2354 1065 Salome
2385 990 2495 1050 frnst
2541 983 2620 1043 Von
2651 979 2840 1039 Kölliben
2903 977 3090 1037 beklagt
3123 977 3169 1037 der
3185 976 3422 1036 Schwänge¬

2165 1083 2278 1143 reung
2303 1077 2390 1137 seich
2416 1074 2453 1134 9.
2465 1072 2591 1132 wohen
2628 1070 2704 1130 den
2741 1067 2903 1127 allhier
2916 1066 2967 1126 in
3028 1063 3104 1123 der
3141 1059 3291 1119 Irsuk

1886 1144 1953 1204 Vost
1982 1127 2116 1187 Salome

2201 1181 2255 1241 sich
2298 1168 2561 1228 befindtlichen
2602 1158 2811 1218 scheidenech
2838 1155 2991 1215 Meyer
3018 1154 3268 1214 Wanlhrobst
3281 1155 3405 1215 anhalt

1885 1230 1976 1290 Vege
2007 1206 2158 1266 Friderich

2198 1268 2334 1328 welcher
2349 1259 2440 1319 auch
2455 1256 2561 1316 auff
2576 1252 2696 1312 deßen
2711 1249 2893 1309 erschein
2923 1247 2984 1307 Sie
3014 1246 3241 1306 beschlaffen

2172 1369 2334 1429 zuhaben
2401 1355 2603 1415 bekennet,
2632 1349 2738 1409 undt
2780 1348 2860 1408 will
2900 1345 2956 1405 sie
2982 1343 3144 1403 Ehrliche,
3171 1342 3198 1402 so
3224 1339 3333 1399 sehrn

2164 1449 2233 1509 Sie
2261 1444 2360 1504 Ihme
2387 1442 2431 1502 in
2458 1439 2864 1499 heimathanschaffen
2921 1439 2991 1499 hat
3034 1437 3131 1497 auch
3160 1431 3399 1491 briebens.

2193 1537 2390 1597 angelobt
2416 1534 2495 1594 nit
2521 1531 2785 1591 zuweihen.
2797 1527 2862 1587 4.
2875 1526 2927 1586 zu
2955 1521 3125 1581 rekerten
3138 1516 3242 1576 etwaß
3270 1510 3374 1570 gelts

2182 1603 2379 1663 arschaffe

2153 1730 2411 1790 Lausanne
2473 1720 2510 1780 an
2572 1718 2645 1778 das
2683 1718 2818 1778 teutsche
2866 1718 3015 1778 Consis:
3039 1716 3126 1776 Von
3162 1714 3224 1774 dem
3273 1709 3347 1769 H.

2159 1816 2436 1876 Pfredicanten
2477 1808 2506 1868 zu
2560 1808 2782 1868 Gugespferg
2823 1810 2850 1870 in
2879 1811 2933 1871 in
2947 1811 3059 1871 gnädigen
3073 1809 3183 1869 Herren
3197 1802 3349 1862 richtet

2175 1899 2340 1959 worden,
2357 1895 2440 1955 wie
2475 1896 2557 1956 daß
2608 1899 2691 1959 Vor
2724 1903 2908 1963 glhefhs
2941 1906 3041 1966 sehr
3075 1904 3141 1964 Ihr
3224 1895 3308 1955 Ein

2156 1997 2291 2057 Kinde
2315 1995 2376 2055 bey
2426 1994 2524 2054 Ihnen
2537 1997 2609 2057 seye
2659 2000 2881 2060 gekaufft
2893 2002 3040 2062 worden
3127 1993 3286 2053 deßen

2163 2095 2303 2155 Eltern
2339 2090 2456 2150 waren
2516 2089 2727 2149 brordicht
2762 2089 2927 2149 Bichler
2973 2086 3068 2146 Von
3080 2080 3314 2140 Anseltingen

1898 2089 2007 2149 bihle
2034 2091 2171 2151 bendich¬

2190 2192 2219 2252 so
2238 2183 2375 2243 obenhar
2416 2175 2474 2235 der
2493 2173 2601 2233 Statt
2641 2171 2857 2231 Lausanne
2886 2173 3083 2233 ermordet
3102 2169 3239 2229 worden
3278 2161 3386 2221 undt

1902 2186 1987 2246 Kohl.
2008 2186 2124 2246 Barbara

2176 2280 2363 2340 Barbara
2412 2266 2513 2326 Kohl.
2537 2263 2600 2323 auß
2637 2261 2700 2321 dem
2749 2260 3011 2320 Guggißferg
3086 2254 3298 2314 derowegen

2145 2371 2345 2431 Mendge
2378 2365 2439 2425 e
2626 2360 2720 2420 agen
2735 2358 2829 2418 haben
2859 2353 3044 2413 wollind,
3077 2344 3262 2404 dieselben
3277 2333 3356 2393 deß

2165 2461 2402 2521 eigentlichen,
2415 2458 2513 2518 undt
2540 2455 2595 2515 war
2624 2453 2679 2513 sich
2707 2452 2777 2512 diß
2818 2448 2943 2508 Wothte
2972 2441 3209 2501 angeschrickn
3236 2430 3416 2490 befinden

2180 2545 2348 2605 möchter
2400 2544 2570 2604 beachte
2603 2538 2636 2598 zu
2652 2532 2858 2592 laßen.
