<?xml version="1.0" encoding="UTF-8" standalone="yes"?>
<PcGts xmlns="http://schema.primaresearch.org/PAGE/gts/pagecontent/2013-07-15" xmlns:xsi="http://www.w3.org/2001/XMLSchema-instance" xsi:schemaLocation="http://schema.primaresearch.org/PAGE/gts/pagecontent/2013-07-15 http://schema.primaresearch.org/PAGE/gts/pagecontent/2013-07-15/pagecontent.xsd">
    <Metadata>
        <Creator>prov=READ-COOP:name=PyLaia@TranskribusPlatform:version=0.6.0:model_id=38215:lm=none:date=22_11_2021_11:06
prov=READ-COOP:name=PyLaia@Transkribus:version=0.6.0:model_id=38215:date=22_11_2021_11:04
prov=University of Rostock/Institute of Mathematics/CITlab|PLANET AI GmbH/Tobias Gruening/tobias.gruening@planet-ai.de:name=de.uros.citlab.module.baseline2polygon.B2PSeamMultiOriented:v=2.6.7</Creator>
        <Created>2021-08-09T15:16:20.566+02:00</Created>
        <LastChange>2021-11-22T11:06:42.487+01:00</LastChange>
        <TranskribusMetadata docId="746917" pageId="28279300" pageNr="46" tsid="68400688" status="IN_PROGRESS" userId="537" imgUrl="https://files.transkribus.eu/Get?id=KJPZHEIGDGLTPQHMXNOACDTH&amp;fileType=view" xmlUrl="https://files.transkribus.eu/Get?id=COSQDSFIHTEQFRGMUAADDYWR" imageId="22024801"/>
    </Metadata>
    <Page imageFilename="046.jpg" imageWidth="4032" imageHeight="3024">
        <ReadingOrder>
            <OrderedGroup id="ro_1687514936315" caption="Regions reading order">
                <RegionRefIndexed index="0" regionRef="r1"/>
                <RegionRefIndexed index="1" regionRef="r2"/>
                <RegionRefIndexed index="2" regionRef="r3"/>
                <RegionRefIndexed index="3" regionRef="r4"/>
            </OrderedGroup>
        </ReadingOrder>
        <TextRegion orientation="0.0" id="r1" custom="readingOrder {index:0;}">
            <Coords points="306,1991 306,2144 335,2144 335,1991"/>
            <TextLine id="r1l1" custom="readingOrder {index:0;}">
                <Coords points="300,2121 308,2120 322,2112 325,2114 328,2110 335,2116 346,2115 338,2038 328,2037 309,2057 301,2050 293,2050"/>
                <Baseline points="306,2094 335,2091"/>
                <TextEquiv>
                    <Unicode></Unicode>
                </TextEquiv>
            </TextLine>
            <TextEquiv>
                <Unicode></Unicode>
            </TextEquiv>
        </TextRegion>
        <TextRegion orientation="0.0" id="r2" custom="readingOrder {index:1;}">
            <Coords points="389,283 389,2457 692,2457 692,283"/>
            <TextLine id="r2l1" custom="readingOrder {index:0;}">
                <Coords points="409,381 446,381 461,365 477,367 487,357 495,363 509,349 532,354 532,242 517,242 485,228 466,229 436,243 409,239"/>
                <Baseline points="417,318 444,317 471,317 498,317 525,318"/>
                <Word id="r2l1_w1" custom="readingOrder {index:0;}">
                    <Coords points="413,277 413,337 542,337 542,277"/>
                    <TextEquiv>
                        <Unicode>8h.</Unicode>
                    </TextEquiv>
                </Word>
                <TextEquiv>
                    <Unicode>8h.</Unicode>
                </TextEquiv>
            </TextLine>
            <TextLine id="r2l2" custom="readingOrder {index:1;}">
                <Coords points="382,544 431,525 453,524 476,544 500,522 526,539 543,525 584,532 608,523 603,408 564,409 503,442 469,419 437,443 379,454"/>
                <Baseline points="389,524 415,522 441,521 467,520 494,519 520,518 546,517 572,516 599,515"/>
                <Word id="r2l2_w1" custom="readingOrder {index:0;}">
                    <Coords points="404,480 404,540 505,540 505,480"/>
                    <TextEquiv>
                        <Unicode>Adter</Unicode>
                    </TextEquiv>
                </Word>
                <Word id="r2l2_w2" custom="readingOrder {index:1;}">
                    <Coords points="517,476 517,536 605,536 605,476"/>
                    <TextEquiv>
                        <Unicode>Anna</Unicode>
                    </TextEquiv>
                </Word>
                <TextEquiv>
                    <Unicode>Adter Anna</Unicode>
                </TextEquiv>
            </TextLine>
            <TextLine id="r2l3" custom="readingOrder {index:2;}">
                <Coords points="383,626 420,638 436,619 461,615 512,645 551,633 576,644 631,598 671,605 664,488 647,486 608,525 543,526 527,541 500,524 476,544 429,525 379,561"/>
                <Baseline points="389,590 416,588 443,587 470,584 498,582 525,580 552,578 580,577 607,576 634,575 662,575"/>
                <Word id="r2l3_w1" custom="readingOrder {index:0;}">
                    <Coords points="382,539 382,599 681,599 681,539"/>
                    <TextEquiv>
                        <Unicode>behalteshisig</Unicode>
                    </TextEquiv>
                </Word>
                <TextEquiv>
                    <Unicode>behalteshisig</Unicode>
                </TextEquiv>
            </TextLine>
            <TextLine id="r2l4" custom="readingOrder {index:3;}">
                <Coords points="394,1009 430,993 477,1036 501,1037 594,982 653,989 649,888 579,931 517,914 495,931 479,916 463,926 439,912 391,943"/>
                <Baseline points="401,992 428,990 455,990 482,989 509,987 536,987 563,986 590,985 617,983 645,981"/>
                <Word id="r2l4_w1" custom="readingOrder {index:0;}">
                    <Coords points="393,949 393,1009 534,1009 534,949"/>
                    <TextEquiv>
                        <Unicode>Rudolft</Unicode>
                    </TextEquiv>
                </Word>
                <Word id="r2l4_w2" custom="readingOrder {index:1;}">
                    <Coords points="546,944 546,1004 649,1004 649,944"/>
                    <TextEquiv>
                        <Unicode>Pfetes</Unicode>
                    </TextEquiv>
                </Word>
                <TextEquiv>
                    <Unicode>Rudolft Pfetes</Unicode>
                </TextEquiv>
            </TextLine>
            <TextLine id="r2l5" custom="readingOrder {index:4;}">
                <Coords points="400,1065 419,1059 446,1078 480,1075 545,1122 603,1097 662,1119 663,1019 617,988 594,982 538,1022 503,1019 481,1033 439,1001 401,1018"/>
                <Baseline points="408,1058 435,1056 462,1056 490,1056 517,1056 544,1058 572,1058 599,1058 626,1059 654,1058"/>
                <Word id="r2l5_w1" custom="readingOrder {index:0;}">
                    <Coords points="403,1016 403,1076 516,1076 516,1016"/>
                    <TextEquiv>
                        <Unicode>tilan</Unicode>
                    </TextEquiv>
                </Word>
                <Word id="r2l5_w2" custom="readingOrder {index:1;}">
                    <Coords points="544,1018 544,1078 673,1078 673,1018"/>
                    <TextEquiv>
                        <Unicode>Sisan</Unicode>
                    </TextEquiv>
                </Word>
                <TextEquiv>
                    <Unicode>tilan Sisan</Unicode>
                </TextEquiv>
            </TextLine>
            <TextLine id="r2l6" custom="readingOrder {index:5;}">
                <Coords points="406,1494 419,1489 463,1526 566,1471 638,1488 648,1479 683,1498 683,1398 664,1404 615,1381 571,1406 528,1401 492,1417 463,1399 432,1418 406,1413"/>
                <Baseline points="414,1469 440,1467 466,1467 492,1466 518,1466 544,1466 570,1466 596,1466 622,1467 648,1468 675,1469"/>
                <Word id="r2l6_w1" custom="readingOrder {index:0;}">
                    <Coords points="419,1426 419,1486 585,1486 585,1426"/>
                    <TextEquiv>
                        <Unicode>Buckhart</Unicode>
                    </TextEquiv>
                </Word>
                <Word id="r2l6_w2" custom="readingOrder {index:1;}">
                    <Coords points="609,1428 609,1488 693,1488 693,1428"/>
                    <TextEquiv>
                        <Unicode>bane¬</Unicode>
                    </TextEquiv>
                </Word>
                <TextEquiv>
                    <Unicode>Buckhart bane¬</Unicode>
                </TextEquiv>
            </TextLine>
            <TextLine id="r2l7" custom="readingOrder {index:6;}">
                <Coords points="404,2008 498,2005 515,2021 567,2006 649,2044 665,2032 699,2037 701,1931 643,1933 609,1955 544,1911 406,1935"/>
                <Baseline points="413,2000 438,1998 463,1997 489,1997 514,1997 539,1998 565,2000 590,2001 615,2001 641,2003 666,2001 692,2000"/>
                <Word id="r2l7_w1" custom="readingOrder {index:0;}">
                    <Coords points="416,1957 416,2017 604,2017 604,1957"/>
                    <TextEquiv>
                        <Unicode>Morandin</Unicode>
                    </TextEquiv>
                </Word>
                <Word id="r2l7_w2" custom="readingOrder {index:1;}">
                    <Coords points="627,1960 627,2020 711,2020 711,1960"/>
                    <TextEquiv>
                        <Unicode>Pier¬</Unicode>
                    </TextEquiv>
                </Word>
                <TextEquiv>
                    <Unicode>Morandin Pier¬</Unicode>
                </TextEquiv>
            </TextLine>
            <TextLine id="r2l8" custom="readingOrder {index:7;}">
                <Coords points="397,2098 446,2086 505,2143 538,2147 573,2119 664,2106 665,2052 642,2037 618,2042 567,2005 540,2008 503,2032 469,2009 435,2010 414,2029 399,2028"/>
                <Baseline points="405,2081 430,2082 455,2083 480,2084 505,2084 530,2084 555,2085 580,2085 605,2087 630,2087 656,2088"/>
                <Word id="r2l8_w1" custom="readingOrder {index:0;}">
                    <Coords points="412,2043 412,2103 531,2103 531,2043"/>
                    <TextEquiv>
                        <Unicode>Lemag</Unicode>
                    </TextEquiv>
                </Word>
                <Word id="r2l8_w2" custom="readingOrder {index:1;}">
                    <Coords points="556,2047 556,2107 661,2107 661,2047"/>
                    <TextEquiv>
                        <Unicode>Jeamne</Unicode>
                    </TextEquiv>
                </Word>
                <TextEquiv>
                    <Unicode>Lemag Jeamne</Unicode>
                </TextEquiv>
            </TextLine>
            <TextLine id="r2l9" custom="readingOrder {index:8;}">
                <Coords points="409,2405 452,2378 529,2392 553,2368 572,2383 613,2377 638,2396 690,2406 691,2279 631,2261 617,2274 555,2281 532,2265 505,2278 469,2263 410,2305"/>
                <Baseline points="417,2369 443,2370 470,2370 496,2370 523,2370 550,2370 576,2370 603,2370 629,2370 656,2372 683,2373"/>
                <Word id="r2l9_w1" custom="readingOrder {index:0;}">
                    <Coords points="411,2329 411,2389 450,2389 450,2329"/>
                    <TextEquiv>
                        <Unicode>Zu</Unicode>
                    </TextEquiv>
                </Word>
                <Word id="r2l9_w2" custom="readingOrder {index:1;}">
                    <Coords points="477,2330 477,2390 542,2390 542,2330"/>
                    <TextEquiv>
                        <Unicode>boch</Unicode>
                    </TextEquiv>
                </Word>
                <Word id="r2l9_w3" custom="readingOrder {index:2;}">
                    <Coords points="555,2330 555,2390 686,2390 686,2330"/>
                    <TextEquiv>
                        <Unicode>Johaus</Unicode>
                    </TextEquiv>
                </Word>
                <TextEquiv>
                    <Unicode>Zu boch Johaus</Unicode>
                </TextEquiv>
            </TextLine>
            <TextLine id="r2l10" custom="readingOrder {index:9;}">
                <Coords points="414,2473 440,2468 499,2501 542,2470 569,2474 630,2444 683,2460 681,2400 642,2397 611,2377 548,2373 518,2392 490,2378 445,2377 413,2394"/>
                <Baseline points="422,2438 447,2440 472,2441 497,2442 522,2441 548,2441 573,2439 598,2437 623,2436 648,2436 674,2435"/>
                <Word id="r2l10_w1" custom="readingOrder {index:0;}">
                    <Coords points="413,2401 413,2461 541,2461 541,2401"/>
                    <TextEquiv>
                        <Unicode>beüth.</Unicode>
                    </TextEquiv>
                </Word>
                <Word id="r2l10_w2" custom="readingOrder {index:1;}">
                    <Coords points="563,2396 563,2456 670,2456 670,2396"/>
                    <TextEquiv>
                        <Unicode>Maria</Unicode>
                    </TextEquiv>
                </Word>
                <TextEquiv>
                    <Unicode>beüth. Maria</Unicode>
                </TextEquiv>
            </TextLine>
            <TextEquiv>
                <Unicode></Unicode>
            </TextEquiv>
        </TextRegion>
        <TextRegion orientation="0.0" id="r3" custom="readingOrder {index:2;}">
            <Coords points="680,293 680,2687 1844,2687 1844,293"/>
            <TextLine id="r3l1" custom="readingOrder {index:0;}">
                <Coords points="694,397 1036,367 1197,426 1305,348 1802,356 1814,313 1602,252 1527,288 1264,252 1098,311 791,278 690,325"/>
                <Baseline points="701,387 756,384 811,381 867,377 922,371 977,366 1033,362 1088,357 1143,353 1199,349 1254,345 1309,341 1365,338 1420,336 1475,335 1531,333 1586,333 1641,335 1697,337 1752,340 1808,345"/>
                <Word id="r3l1_w1" custom="readingOrder {index:0;}">
                    <Coords points="706,344 706,404 801,404 801,344"/>
                    <TextEquiv>
                        <Unicode>Über</Unicode>
                    </TextEquiv>
                </Word>
                <Word id="r3l1_w2" custom="readingOrder {index:1;}">
                    <Coords points="829,328 829,388 1060,388 1060,328"/>
                    <TextEquiv>
                        <Unicode>Eingelangte</Unicode>
                    </TextEquiv>
                </Word>
                <Word id="r3l1_w3" custom="readingOrder {index:2;}">
                    <Coords points="1087,312 1087,372 1210,372 1210,312"/>
                    <TextEquiv>
                        <Unicode>bericht</Unicode>
                    </TextEquiv>
                </Word>
                <Word id="r3l1_w4" custom="readingOrder {index:3;}">
                    <Coords points="1224,302 1224,362 1360,362 1360,302"/>
                    <TextEquiv>
                        <Unicode>schreiben</Unicode>
                    </TextEquiv>
                </Word>
                <Word id="r3l1_w5" custom="readingOrder {index:4;}">
                    <Coords points="1387,295 1387,355 1470,355 1470,295"/>
                    <TextEquiv>
                        <Unicode>von</Unicode>
                    </TextEquiv>
                </Word>
                <Word id="r3l1_w6" custom="readingOrder {index:5;}">
                    <Coords points="1497,293 1497,353 1689,353 1689,293"/>
                    <TextEquiv>
                        <Unicode>Kilchberg</Unicode>
                    </TextEquiv>
                </Word>
                <Word id="r3l1_w7" custom="readingOrder {index:6;}">
                    <Coords points="1702,298 1702,358 1756,358 1756,298"/>
                    <TextEquiv>
                        <Unicode>bey</Unicode>
                    </TextEquiv>
                </Word>
                <TextEquiv>
                    <Unicode>Über Eingelangte bericht schreiben von Kilchberg bey</Unicode>
                </TextEquiv>
            </TextLine>
            <TextLine id="r3l2" custom="readingOrder {index:1;}">
                <Coords points="683,489 1190,439 1403,463 1483,417 1800,459 1795,375 1662,333 1468,387 1259,372 1197,425 1031,369 679,411"/>
                <Baseline points="689,464 744,464 799,462 854,460 909,458 964,455 1019,450 1074,446 1129,441 1184,437 1239,433 1294,428 1349,425 1404,422 1459,419 1514,416 1569,416 1624,416 1679,416 1734,419 1790,422"/>
                <Word id="r3l2_w1" custom="readingOrder {index:0;}">
                    <Coords points="693,423 693,483 802,483 802,423"/>
                    <TextEquiv>
                        <Unicode>Reuts</Unicode>
                    </TextEquiv>
                </Word>
                <Word id="r3l2_w2" custom="readingOrder {index:1;}">
                    <Coords points="815,417 815,477 1036,477 1036,417"/>
                    <TextEquiv>
                        <Unicode>betreffendt</Unicode>
                    </TextEquiv>
                </Word>
                <Word id="r3l2_w3" custom="readingOrder {index:2;}">
                    <Coords points="1060,402 1060,462 1159,462 1159,402"/>
                    <TextEquiv>
                        <Unicode>Anna</Unicode>
                    </TextEquiv>
                </Word>
                <Word id="r3l2_w4" custom="readingOrder {index:3;}">
                    <Coords points="1207,390 1207,450 1317,450 1317,390"/>
                    <TextEquiv>
                        <Unicode>Odler</Unicode>
                    </TextEquiv>
                </Word>
                <Word id="r3l2_w5" custom="readingOrder {index:4;}">
                    <Coords points="1355,382 1355,442 1441,442 1441,382"/>
                    <TextEquiv>
                        <Unicode>Von</Unicode>
                    </TextEquiv>
                </Word>
                <Word id="r3l2_w6" custom="readingOrder {index:5;}">
                    <Coords points="1477,376 1477,436 1722,436 1722,376"/>
                    <TextEquiv>
                        <Unicode>biberstein</Unicode>
                    </TextEquiv>
                </Word>
                <TextEquiv>
                    <Unicode>Reuts betreffendt Anna Odler Von biberstein</Unicode>
                </TextEquiv>
            </TextLine>
            <TextLine id="r3l3" custom="readingOrder {index:2;}">
                <Coords points="703,567 1405,563 1475,510 1601,531 1659,493 1717,536 1803,498 1801,458 1546,416 1386,468 698,491"/>
                <Baseline points="710,546 764,545 818,543 872,540 927,539 981,536 1035,532 1090,528 1144,524 1198,522 1253,517 1307,515 1361,511 1415,507 1470,505 1524,502 1578,501 1633,498 1687,498 1741,497 1796,498"/>
                <Word id="r3l3_w1" custom="readingOrder {index:0;}">
                    <Coords points="710,505 710,565 765,565 765,505"/>
                    <TextEquiv>
                        <Unicode>und</Unicode>
                    </TextEquiv>
                </Word>
                <Word id="r3l3_w2" custom="readingOrder {index:1;}">
                    <Coords points="799,499 799,559 968,559 968,499"/>
                    <TextEquiv>
                        <Unicode>Christion</Unicode>
                    </TextEquiv>
                </Word>
                <Word id="r3l3_w3" custom="readingOrder {index:2;}">
                    <Coords points="1014,485 1014,545 1238,545 1238,485"/>
                    <TextEquiv>
                        <Unicode>Bollhalter</Unicode>
                    </TextEquiv>
                </Word>
                <Word id="r3l3_w4" custom="readingOrder {index:3;}">
                    <Coords points="1272,474 1272,534 1362,534 1362,474"/>
                    <TextEquiv>
                        <Unicode>Von</Unicode>
                    </TextEquiv>
                </Word>
                <Word id="r3l3_w5" custom="readingOrder {index:4;}">
                    <Coords points="1430,461 1430,521 1688,521 1688,461"/>
                    <TextEquiv>
                        <Unicode>Watteweil</Unicode>
                    </TextEquiv>
                </Word>
                <Word id="r3l3_w6" custom="readingOrder {index:5;}">
                    <Coords points="1710,457 1710,517 1778,517 1778,457"/>
                    <TextEquiv>
                        <Unicode>auß</Unicode>
                    </TextEquiv>
                </Word>
                <TextEquiv>
                    <Unicode>und Christion Bollhalter Von Watteweil auß</Unicode>
                </TextEquiv>
            </TextLine>
            <TextLine id="r3l4" custom="readingOrder {index:3;}">
                <Coords points="702,653 828,701 999,617 1162,682 1378,601 1714,635 1796,613 1793,541 698,567"/>
                <Baseline points="710,642 763,639 817,636 871,632 925,629 979,626 1033,623 1086,620 1140,617 1194,615 1248,612 1302,610 1356,607 1410,605 1463,602 1517,600 1571,599 1625,597 1679,596 1733,596 1787,594"/>
                <Word id="r3l4_w1" custom="readingOrder {index:0;}">
                    <Coords points="701,600 701,660 769,660 769,600"/>
                    <TextEquiv>
                        <Unicode>deim</Unicode>
                    </TextEquiv>
                </Word>
                <Word id="r3l4_w2" custom="readingOrder {index:1;}">
                    <Coords points="796,591 796,651 963,651 963,591"/>
                    <TextEquiv>
                        <Unicode>Sogebug</Unicode>
                    </TextEquiv>
                </Word>
                <Word id="r3l4_w3" custom="readingOrder {index:2;}">
                    <Coords points="1004,582 1004,642 1073,642 1073,582"/>
                    <TextEquiv>
                        <Unicode>bab</Unicode>
                    </TextEquiv>
                </Word>
                <Word id="r3l4_w4" custom="readingOrder {index:3;}">
                    <Coords points="1100,578 1100,638 1114,638 1114,578"/>
                    <TextEquiv>
                        <Unicode>n</Unicode>
                    </TextEquiv>
                </Word>
                <Word id="r3l4_w5" custom="readingOrder {index:4;}">
                    <Coords points="1156,572 1156,632 1321,632 1321,572"/>
                    <TextEquiv>
                        <Unicode>nere</Unicode>
                    </TextEquiv>
                </Word>
                <Word id="r3l4_w6" custom="readingOrder {index:5;}">
                    <Coords points="1364,565 1364,625 1405,625 1405,565"/>
                    <TextEquiv>
                        <Unicode>en</Unicode>
                    </TextEquiv>
                </Word>
                <Word id="r3l4_w7" custom="readingOrder {index:6;}">
                    <Coords points="1459,559 1459,619 1680,619 1680,559"/>
                    <TextEquiv>
                        <Unicode>urthilung</Unicode>
                    </TextEquiv>
                </Word>
                <Word id="r3l4_w8" custom="readingOrder {index:7;}">
                    <Coords points="1709,555 1709,615 1763,615 1763,555"/>
                    <TextEquiv>
                        <Unicode>diß</Unicode>
                    </TextEquiv>
                </Word>
                <TextEquiv>
                    <Unicode>deim Sogebug bab n nere en urthilung diß</Unicode>
                </TextEquiv>
            </TextLine>
            <TextLine id="r3l5" custom="readingOrder {index:4;}">
                <Coords points="679,792 968,788 1177,720 1347,764 1505,692 1623,699 1646,605 1375,649 1279,613 1175,684 957,626 819,708 747,672 673,703"/>
                <Baseline points="683,746 731,741 779,738 827,734 875,731 923,727 971,724 1019,720 1067,717 1115,714 1163,711 1211,708 1259,705 1307,702 1355,699 1403,695 1451,692 1499,688 1547,684 1595,681 1643,675"/>
                <Word id="r3l5_w1" custom="readingOrder {index:0;}">
                    <Coords points="692,696 692,756 892,756 892,696"/>
                    <TextEquiv>
                        <Unicode>geschafft</Unicode>
                    </TextEquiv>
                </Word>
                <Word id="r3l5_w2" custom="readingOrder {index:1;}">
                    <Coords points="922,680 922,740 1107,740 1107,680"/>
                    <TextEquiv>
                        <Unicode>Verschoben</Unicode>
                    </TextEquiv>
                </Word>
                <Word id="r3l5_w3" custom="readingOrder {index:2;}">
                    <Coords points="1137,671 1137,731 1184,731 1184,671"/>
                    <TextEquiv>
                        <Unicode>biß</Unicode>
                    </TextEquiv>
                </Word>
                <Word id="r3l5_w4" custom="readingOrder {index:3;}">
                    <Coords points="1246,663 1246,723 1307,723 1307,663"/>
                    <TextEquiv>
                        <Unicode>Sie</Unicode>
                    </TextEquiv>
                </Word>
                <Word id="r3l5_w5" custom="readingOrder {index:4;}">
                    <Coords points="1322,654 1322,714 1505,714 1505,654"/>
                    <TextEquiv>
                        <Unicode>erscheinen</Unicode>
                    </TextEquiv>
                </Word>
                <Word id="r3l5_w6" custom="readingOrder {index:5;}">
                    <Coords points="1522,641 1522,701 1644,701 1644,641"/>
                    <TextEquiv>
                        <Unicode>wirdt</Unicode>
                    </TextEquiv>
                </Word>
                <TextEquiv>
                    <Unicode>geschafft Verschoben biß Sie erscheinen wirdt</Unicode>
                </TextEquiv>
            </TextLine>
            <TextLine id="r3l6" custom="readingOrder {index:5;}">
                <Coords points="700,959 847,910 1028,964 1124,904 1835,902 1832,814 1641,860 1494,776 1221,772 1121,834 846,777 783,839 696,839"/>
                <Baseline points="707,909 765,911 824,911 883,909 942,908 1001,906 1060,903 1119,901 1178,898 1237,894 1295,892 1354,889 1413,887 1472,885 1531,882 1590,882 1649,881 1708,882 1767,883 1826,885"/>
                <Word id="r3l6_w1" custom="readingOrder {index:0;}">
                    <Coords points="701,871 701,931 845,931 845,871"/>
                    <TextEquiv>
                        <Unicode>Zeter</Unicode>
                    </TextEquiv>
                </Word>
                <Word id="r3l6_w2" custom="readingOrder {index:1;}">
                    <Coords points="878,867 878,927 1038,927 1038,867"/>
                    <TextEquiv>
                        <Unicode>Rudhlsf</Unicode>
                    </TextEquiv>
                </Word>
                <Word id="r3l6_w3" custom="readingOrder {index:2;}">
                    <Coords points="1071,855 1071,915 1345,915 1345,855"/>
                    <TextEquiv>
                        <Unicode>hermahlos</Unicode>
                    </TextEquiv>
                </Word>
                <Word id="r3l6_w4" custom="readingOrder {index:3;}">
                    <Coords points="1360,847 1360,907 1457,907 1457,847"/>
                    <TextEquiv>
                        <Unicode>undt</Unicode>
                    </TextEquiv>
                </Word>
                <Word id="r3l6_w5" custom="readingOrder {index:4;}">
                    <Coords points="1490,842 1490,902 1683,902 1683,842"/>
                    <TextEquiv>
                        <Unicode>Susanna</Unicode>
                    </TextEquiv>
                </Word>
                <Word id="r3l6_w6" custom="readingOrder {index:5;}">
                    <Coords points="1699,843 1699,903 1845,903 1845,843"/>
                    <TextEquiv>
                        <Unicode>Nilus</Unicode>
                    </TextEquiv>
                </Word>
                <TextEquiv>
                    <Unicode>Zeter Rudhlsf hermahlos undt Susanna Nilus</Unicode>
                </TextEquiv>
            </TextLine>
            <TextLine id="r3l7" custom="readingOrder {index:6;}">
                <Coords points="672,1031 1124,968 1417,1037 1559,963 1709,1015 1835,990 1705,901 1393,897 1154,967 1033,905 945,945 670,938"/>
                <Baseline points="680,996 737,996 794,996 851,993 909,992 966,990 1023,987 1081,984 1138,981 1195,978 1253,977 1310,974 1367,972 1424,971 1482,971 1539,971 1596,971 1654,973 1711,975 1768,980 1826,986"/>
                <Word id="r3l7_w1" custom="readingOrder {index:0;}">
                    <Coords points="696,956 696,1016 795,1016 795,956"/>
                    <TextEquiv>
                        <Unicode>Von</Unicode>
                    </TextEquiv>
                </Word>
                <Word id="r3l7_w2" custom="readingOrder {index:1;}">
                    <Coords points="819,952 819,1012 918,1012 918,952"/>
                    <TextEquiv>
                        <Unicode>Ober</Unicode>
                    </TextEquiv>
                </Word>
                <Word id="r3l7_w3" custom="readingOrder {index:2;}">
                    <Coords points="930,946 930,1006 1127,1006 1127,946"/>
                    <TextEquiv>
                        <Unicode>Worben,</Unicode>
                    </TextEquiv>
                </Word>
                <Word id="r3l7_w4" custom="readingOrder {index:3;}">
                    <Coords points="1165,937 1165,997 1288,997 1288,937"/>
                    <TextEquiv>
                        <Unicode>welche</Unicode>
                    </TextEquiv>
                </Word>
                <Word id="r3l7_w5" custom="readingOrder {index:4;}">
                    <Coords points="1325,931 1325,991 1462,991 1462,931"/>
                    <TextEquiv>
                        <Unicode>bereite</Unicode>
                    </TextEquiv>
                </Word>
                <Word id="r3l7_w6" custom="readingOrder {index:5;}">
                    <Coords points="1486,931 1486,991 1573,991 1573,931"/>
                    <TextEquiv>
                        <Unicode>sey</Unicode>
                    </TextEquiv>
                </Word>
                <Word id="r3l7_w7" custom="readingOrder {index:6;}">
                    <Coords points="1609,932 1609,992 1696,992 1696,932"/>
                    <TextEquiv>
                        <Unicode>Jahr</Unicode>
                    </TextEquiv>
                </Word>
                <Word id="r3l7_w8" custom="readingOrder {index:7;}">
                    <Coords points="1720,938 1720,998 1782,998 1782,938"/>
                    <TextEquiv>
                        <Unicode>ohn</Unicode>
                    </TextEquiv>
                </Word>
                <TextEquiv>
                    <Unicode>Von Ober Worben, welche bereite sey Jahr ohn</Unicode>
                </TextEquiv>
            </TextLine>
            <TextLine id="r3l8" custom="readingOrder {index:7;}">
                <Coords points="737,1129 861,1137 947,1076 1807,1050 1653,998 1573,1026 1501,978 1429,1044 1308,984 734,1031"/>
                <Baseline points="743,1076 795,1077 848,1080 901,1080 954,1080 1007,1080 1059,1079 1112,1076 1165,1074 1218,1071 1271,1069 1323,1065 1376,1062 1429,1060 1482,1058 1535,1055 1587,1053 1640,1052 1693,1052 1746,1052 1799,1053"/>
                <Word id="r3l8_w1" custom="readingOrder {index:0;}">
                    <Coords points="736,1039 736,1099 950,1099 950,1039"/>
                    <TextEquiv>
                        <Unicode>vrehrlichet</Unicode>
                    </TextEquiv>
                </Word>
                <Word id="r3l8_w2" custom="readingOrder {index:1;}">
                    <Coords points="987,1039 987,1099 1100,1099 1100,1039"/>
                    <TextEquiv>
                        <Unicode>gelebt</Unicode>
                    </TextEquiv>
                </Word>
                <Word id="r3l8_w3" custom="readingOrder {index:2;}">
                    <Coords points="1137,1034 1137,1094 1188,1094 1188,1034"/>
                    <TextEquiv>
                        <Unicode>fir</Unicode>
                    </TextEquiv>
                </Word>
                <Word id="r3l8_w4" custom="readingOrder {index:3;}">
                    <Coords points="1225,1027 1225,1087 1363,1087 1363,1027"/>
                    <TextEquiv>
                        <Unicode>Kindt</Unicode>
                    </TextEquiv>
                </Word>
                <Word id="r3l8_w5" custom="readingOrder {index:4;}">
                    <Coords points="1375,1020 1375,1080 1464,1080 1464,1020"/>
                    <TextEquiv>
                        <Unicode>mit</Unicode>
                    </TextEquiv>
                </Word>
                <Word id="r3l8_w6" custom="readingOrder {index:5;}">
                    <Coords points="1490,1012 1490,1072 1728,1072 1728,1012"/>
                    <TextEquiv>
                        <Unicode>einanderen</Unicode>
                    </TextEquiv>
                </Word>
                <TextEquiv>
                    <Unicode>vrehrlichet gelebt fir Kindt mit einanderen</Unicode>
                </TextEquiv>
            </TextLine>
            <TextLine id="r3l9" custom="readingOrder {index:8;}">
                <Coords points="709,1202 1000,1167 1104,1212 1190,1159 1304,1211 1476,1165 1551,1199 1593,1157 1794,1184 1814,1070 1122,1083 1080,1129 968,1081 846,1153 706,1130"/>
                <Baseline points="716,1173 770,1172 825,1171 879,1169 934,1167 989,1165 1043,1163 1098,1161 1152,1159 1207,1157 1262,1154 1316,1152 1371,1149 1425,1146 1480,1145 1535,1142 1589,1139 1644,1136 1698,1133 1753,1130 1808,1127"/>
                <Word id="r3l9_w1" custom="readingOrder {index:0;}">
                    <Coords points="709,1131 709,1191 916,1191 916,1131"/>
                    <TextEquiv>
                        <Unicode>Erhenget</Unicode>
                    </TextEquiv>
                </Word>
                <Word id="r3l9_w2" custom="readingOrder {index:1;}">
                    <Coords points="930,1125 930,1185 1013,1185 1013,1125"/>
                    <TextEquiv>
                        <Unicode>uuch</Unicode>
                    </TextEquiv>
                </Word>
                <Word id="r3l9_w3" custom="readingOrder {index:2;}">
                    <Coords points="1026,1120 1026,1180 1205,1180 1205,1120"/>
                    <TextEquiv>
                        <Unicode>eingesetht</Unicode>
                    </TextEquiv>
                </Word>
                <Word id="r3l9_w4" custom="readingOrder {index:3;}">
                    <Coords points="1233,1112 1233,1172 1357,1172 1357,1112"/>
                    <TextEquiv>
                        <Unicode>worden</Unicode>
                    </TextEquiv>
                </Word>
                <Word id="r3l9_w5" custom="readingOrder {index:4;}">
                    <Coords points="1385,1105 1385,1165 1551,1165 1551,1105"/>
                    <TextEquiv>
                        <Unicode>sollende</Unicode>
                    </TextEquiv>
                </Word>
                <Word id="r3l9_w6" custom="readingOrder {index:5;}">
                    <Coords points="1578,1099 1578,1159 1592,1159 1592,1099"/>
                    <TextEquiv>
                        <Unicode>p</Unicode>
                    </TextEquiv>
                </Word>
                <Word id="r3l9_w7" custom="readingOrder {index:6;}">
                    <Coords points="1634,1091 1634,1151 1828,1151 1828,1091"/>
                    <TextEquiv>
                        <Unicode>Vtortragen</Unicode>
                    </TextEquiv>
                </Word>
                <TextEquiv>
                    <Unicode>Erhenget uuch eingesetht worden sollende p Vtortragen</Unicode>
                </TextEquiv>
            </TextLine>
            <TextLine id="r3l10" custom="readingOrder {index:9;}">
                <Coords points="703,1299 868,1300 912,1260 998,1270 1015,1252 1218,1279 1216,1206 1137,1183 1108,1210 1074,1196 1061,1211 936,1172 884,1176 857,1204 834,1184 768,1202 739,1180 700,1205"/>
                <Baseline points="710,1257 736,1257 762,1257 788,1257 814,1257 841,1256 867,1256 893,1255 919,1254 945,1253 972,1251 998,1251 1024,1250 1050,1249 1076,1248 1103,1247 1129,1245 1155,1244 1181,1244 1208,1242"/>
                <Word id="r3l10_w1" custom="readingOrder {index:0;}">
                    <Coords points="714,1217 714,1277 830,1277 830,1217"/>
                    <TextEquiv>
                        <Unicode>Ehrgl.</Unicode>
                    </TextEquiv>
                </Word>
                <Word id="r3l10_w2" custom="readingOrder {index:1;}">
                    <Coords points="855,1213 855,1273 1022,1273 1022,1213"/>
                    <TextEquiv>
                        <Unicode>Verleidet</Unicode>
                    </TextEquiv>
                </Word>
                <Word id="r3l10_w3" custom="readingOrder {index:2;}">
                    <Coords points="1048,1204 1048,1264 1228,1264 1228,1204"/>
                    <TextEquiv>
                        <Unicode>werden:</Unicode>
                    </TextEquiv>
                </Word>
                <TextEquiv>
                    <Unicode>Ehrgl. Verleidet werden:</Unicode>
                </TextEquiv>
            </TextLine>
            <TextLine id="r3l11" custom="readingOrder {index:10;}">
                <Coords points="856,1438 1346,1425 1505,1483 1579,1425 1678,1465 1852,1396 1809,1324 1692,1362 1599,1310 1403,1373 1028,1292 854,1341"/>
                <Baseline points="863,1430 912,1430 961,1428 1010,1428 1059,1427 1108,1427 1157,1427 1206,1427 1255,1425 1304,1425 1353,1425 1402,1424 1451,1422 1500,1421 1549,1419 1598,1418 1647,1416 1696,1413 1745,1409 1794,1406 1844,1403"/>
                <Word id="r3l11_w1" custom="readingOrder {index:0;}">
                    <Coords points="873,1388 873,1448 1117,1448 1117,1388"/>
                    <TextEquiv>
                        <Unicode>buckhardt</Unicode>
                    </TextEquiv>
                </Word>
                <Word id="r3l11_w2" custom="readingOrder {index:1;}">
                    <Coords points="1146,1387 1146,1447 1222,1447 1222,1387"/>
                    <TextEquiv>
                        <Unicode>von</Unicode>
                    </TextEquiv>
                </Word>
                <Word id="r3l11_w3" custom="readingOrder {index:2;}">
                    <Coords points="1252,1384 1252,1444 1542,1444 1542,1384"/>
                    <TextEquiv>
                        <Unicode>Sumußbaldt,</Unicode>
                    </TextEquiv>
                </Word>
                <Word id="r3l11_w4" custom="readingOrder {index:3;}">
                    <Coords points="1557,1378 1557,1438 1587,1438 1587,1378"/>
                    <TextEquiv>
                        <Unicode>so</Unicode>
                    </TextEquiv>
                </Word>
                <Word id="r3l11_w5" custom="readingOrder {index:4;}">
                    <Coords points="1618,1376 1618,1436 1663,1436 1663,1376"/>
                    <TextEquiv>
                        <Unicode>bey</Unicode>
                    </TextEquiv>
                </Word>
                <Word id="r3l11_w6" custom="readingOrder {index:5;}">
                    <Coords points="1694,1368 1694,1428 1815,1428 1815,1368"/>
                    <TextEquiv>
                        <Unicode>Pfeter</Unicode>
                    </TextEquiv>
                </Word>
                <TextEquiv>
                    <Unicode>buckhardt von Sumußbaldt, so bey Pfeter</Unicode>
                </TextEquiv>
            </TextLine>
            <TextLine id="r3l12" custom="readingOrder {index:11;}">
                <Coords points="692,1444 723,1451 763,1439 784,1453 793,1445 815,1465 825,1460 842,1466 839,1325 814,1329 788,1307 766,1300 729,1328 719,1323 689,1332"/>
                <Baseline points="699,1434 725,1433 752,1431 779,1430 806,1430 833,1433"/>
                <Word id="r3l12_w1" custom="readingOrder {index:0;}">
                    <Coords points="694,1390 694,1450 816,1450 816,1390"/>
                    <TextEquiv>
                        <Unicode>Amma</Unicode>
                    </TextEquiv>
                </Word>
                <TextEquiv>
                    <Unicode>Amma</Unicode>
                </TextEquiv>
            </TextLine>
            <TextLine id="r3l13" custom="readingOrder {index:12;}">
                <Coords points="684,1575 798,1515 927,1546 1288,1514 1476,1565 1720,1512 1762,1548 1815,1474 1614,1436 1473,1483 1383,1441 1252,1494 1146,1436 681,1437"/>
                <Baseline points="692,1530 747,1527 803,1525 859,1523 915,1521 971,1521 1026,1520 1082,1518 1138,1518 1194,1517 1250,1517 1305,1515 1361,1515 1417,1514 1473,1512 1529,1511 1584,1509 1640,1508 1696,1505 1752,1502 1808,1497"/>
                <Word id="r3l13_w1" custom="readingOrder {index:0;}">
                    <Coords points="696,1486 696,1546 815,1546 815,1486"/>
                    <TextEquiv>
                        <Unicode>Jahrl</Unicode>
                    </TextEquiv>
                </Word>
                <Word id="r3l13_w2" custom="readingOrder {index:1;}">
                    <Coords points="854,1481 854,1541 1076,1541 1076,1481"/>
                    <TextEquiv>
                        <Unicode>verdächtig</Unicode>
                    </TextEquiv>
                </Word>
                <Word id="r3l13_w3" custom="readingOrder {index:2;}">
                    <Coords points="1117,1477 1117,1537 1248,1537 1248,1477"/>
                    <TextEquiv>
                        <Unicode>bezoren</Unicode>
                    </TextEquiv>
                </Word>
                <Word id="r3l13_w4" custom="readingOrder {index:3;}">
                    <Coords points="1287,1475 1287,1535 1365,1535 1365,1475"/>
                    <TextEquiv>
                        <Unicode>und</Unicode>
                    </TextEquiv>
                </Word>
                <Word id="r3l13_w5" custom="readingOrder {index:4;}">
                    <Coords points="1392,1471 1392,1531 1589,1531 1589,1471"/>
                    <TextEquiv>
                        <Unicode>eingesetzt</Unicode>
                    </TextEquiv>
                </Word>
                <Word id="r3l13_w6" custom="readingOrder {index:5;}">
                    <Coords points="1628,1463 1628,1523 1811,1523 1811,1463"/>
                    <TextEquiv>
                        <Unicode>worden,</Unicode>
                    </TextEquiv>
                </Word>
                <TextEquiv>
                    <Unicode>Jahrl verdächtig bezoren und eingesetzt worden,</Unicode>
                </TextEquiv>
            </TextLine>
            <TextLine id="r3l14" custom="readingOrder {index:13;}">
                <Coords points="712,1653 799,1613 1168,1645 1406,1600 1650,1643 1819,1555 1636,1527 1461,1577 1363,1530 1255,1564 1131,1529 1031,1597 887,1587 794,1520 710,1592"/>
                <Baseline points="719,1616 773,1616 828,1616 882,1616 937,1616 992,1614 1046,1614 1101,1614 1155,1613 1210,1613 1265,1611 1319,1610 1374,1608 1428,1607 1483,1604 1538,1602 1592,1601 1647,1597 1701,1594 1756,1592 1811,1589"/>
                <Word id="r3l14_w1" custom="readingOrder {index:0;}">
                    <Coords points="723,1576 723,1636 803,1636 803,1576"/>
                    <TextEquiv>
                        <Unicode>istin</Unicode>
                    </TextEquiv>
                </Word>
                <Word id="r3l14_w2" custom="readingOrder {index:1;}">
                    <Coords points="815,1576 815,1636 885,1636 885,1576"/>
                    <TextEquiv>
                        <Unicode>sein</Unicode>
                    </TextEquiv>
                </Word>
                <Word id="r3l14_w3" custom="readingOrder {index:2;}">
                    <Coords points="908,1574 908,1634 1071,1634 1071,1574"/>
                    <TextEquiv>
                        <Unicode>heimath</Unicode>
                    </TextEquiv>
                </Word>
                <Word id="r3l14_w4" custom="readingOrder {index:3;}">
                    <Coords points="1095,1573 1095,1633 1235,1633 1235,1573"/>
                    <TextEquiv>
                        <Unicode>gewisen</Unicode>
                    </TextEquiv>
                </Word>
                <Word id="r3l14_w5" custom="readingOrder {index:4;}">
                    <Coords points="1247,1570 1247,1630 1375,1630 1375,1570"/>
                    <TextEquiv>
                        <Unicode>worden</Unicode>
                    </TextEquiv>
                </Word>
                <Word id="r3l14_w6" custom="readingOrder {index:5;}">
                    <Coords points="1480,1562 1480,1622 1560,1622 1560,1562"/>
                    <TextEquiv>
                        <Unicode>undt</Unicode>
                    </TextEquiv>
                </Word>
                <Word id="r3l14_w7" custom="readingOrder {index:6;}">
                    <Coords points="1585,1559 1585,1619 1654,1619 1654,1559"/>
                    <TextEquiv>
                        <Unicode>soll</Unicode>
                    </TextEquiv>
                </Word>
                <Word id="r3l14_w8" custom="readingOrder {index:7;}">
                    <Coords points="1677,1553 1677,1613 1759,1613 1759,1553"/>
                    <TextEquiv>
                        <Unicode>ohne</Unicode>
                    </TextEquiv>
                </Word>
                <TextEquiv>
                    <Unicode>istin sein heimath gewisen worden undt soll ohne</Unicode>
                </TextEquiv>
            </TextLine>
            <TextLine id="r3l15" custom="readingOrder {index:14;}">
                <Coords points="693,1717 1151,1771 1233,1722 1514,1719 1593,1771 1803,1707 1734,1654 1629,1689 1511,1641 1329,1676 1244,1624 1070,1667 977,1616 857,1651 797,1616 693,1673"/>
                <Baseline points="701,1707 755,1707 810,1709 865,1709 920,1710 974,1712 1029,1713 1084,1714 1139,1715 1193,1716 1248,1718 1303,1718 1358,1718 1412,1718 1467,1718 1522,1716 1577,1713 1631,1711 1686,1707 1741,1703 1796,1697"/>
                <Word id="r3l15_w1" custom="readingOrder {index:0;}">
                    <Coords points="711,1668 711,1728 897,1728 897,1668"/>
                    <TextEquiv>
                        <Unicode>erlesung</Unicode>
                    </TextEquiv>
                </Word>
                <Word id="r3l15_w2" custom="readingOrder {index:1;}">
                    <Coords points="911,1671 911,1731 1025,1731 1025,1671"/>
                    <TextEquiv>
                        <Unicode>guter</Unicode>
                    </TextEquiv>
                </Word>
                <Word id="r3l15_w3" custom="readingOrder {index:2;}">
                    <Coords points="1039,1675 1039,1735 1325,1735 1325,1675"/>
                    <TextEquiv>
                        <Unicode>Atestationn</Unicode>
                    </TextEquiv>
                </Word>
                <Word id="r3l15_w4" custom="readingOrder {index:3;}">
                    <Coords points="1355,1678 1355,1738 1411,1738 1411,1678"/>
                    <TextEquiv>
                        <Unicode>die</Unicode>
                    </TextEquiv>
                </Word>
                <Word id="r3l15_w5" custom="readingOrder {index:4;}">
                    <Coords points="1441,1676 1441,1736 1583,1736 1583,1676"/>
                    <TextEquiv>
                        <Unicode>Statt</Unicode>
                    </TextEquiv>
                </Word>
                <Word id="r3l15_w6" custom="readingOrder {index:5;}">
                    <Coords points="1597,1668 1597,1728 1727,1728 1727,1668"/>
                    <TextEquiv>
                        <Unicode>nicht</Unicode>
                    </TextEquiv>
                </Word>
                <TextEquiv>
                    <Unicode>erlesung guter Atestationn die Statt nicht</Unicode>
                </TextEquiv>
            </TextLine>
            <TextLine id="r3l16" custom="readingOrder {index:15;}">
                <Coords points="711,1820 809,1810 850,1850 929,1859 929,1704 889,1709 866,1729 840,1707 823,1707 796,1723 788,1717 758,1747 711,1749"/>
                <Baseline points="719,1796 744,1797 769,1797 794,1796 820,1796 845,1796 870,1796 895,1796 921,1797"/>
                <Word id="r3l16_w1" custom="readingOrder {index:0;}">
                    <Coords points="729,1756 729,1816 939,1816 939,1756"/>
                    <TextEquiv>
                        <Unicode>betetten.</Unicode>
                    </TextEquiv>
                </Word>
                <TextEquiv>
                    <Unicode>betetten.</Unicode>
                </TextEquiv>
            </TextLine>
            <TextLine id="r3l17" custom="readingOrder {index:16;}">
                <Coords points="697,1964 838,1936 874,1971 1457,1978 1769,1938 1770,1870 1559,1924 1458,1864 1319,1903 1242,1864 950,1863 902,1897 791,1809 699,1831"/>
                <Baseline points="705,1938 757,1938 810,1939 863,1940 916,1941 969,1943 1021,1946 1074,1947 1127,1949 1180,1952 1233,1953 1285,1955 1338,1955 1391,1956 1444,1956 1497,1956 1549,1955 1602,1952 1655,1949 1708,1946 1761,1941"/>
                <Word id="r3l17_w1" custom="readingOrder {index:0;}">
                    <Coords points="711,1898 711,1958 877,1958 877,1898"/>
                    <TextEquiv>
                        <Unicode>MHre</Unicode>
                    </TextEquiv>
                </Word>
                <Word id="r3l17_w2" custom="readingOrder {index:1;}">
                    <Coords points="927,1901 927,1961 939,1961 939,1901"/>
                    <TextEquiv>
                        <Unicode>b</Unicode>
                    </TextEquiv>
                </Word>
                <Word id="r3l17_w3" custom="readingOrder {index:2;}">
                    <Coords points="952,1904 952,1964 1041,1964 1041,1904"/>
                    <TextEquiv>
                        <Unicode>endtn</Unicode>
                    </TextEquiv>
                </Word>
                <Word id="r3l17_w4" custom="readingOrder {index:3;}">
                    <Coords points="1067,1907 1067,1967 1117,1967 1117,1907"/>
                    <TextEquiv>
                        <Unicode>dem</Unicode>
                    </TextEquiv>
                </Word>
                <Word id="r3l17_w5" custom="readingOrder {index:4;}">
                    <Coords points="1156,1912 1156,1972 1283,1972 1283,1912"/>
                    <TextEquiv>
                        <Unicode>Pierre</Unicode>
                    </TextEquiv>
                </Word>
                <Word id="r3l17_w6" custom="readingOrder {index:5;}">
                    <Coords points="1320,1916 1320,1976 1537,1976 1537,1916"/>
                    <TextEquiv>
                        <Unicode>Morandin</Unicode>
                    </TextEquiv>
                </Word>
                <Word id="r3l17_w7" custom="readingOrder {index:6;}">
                    <Coords points="1587,1908 1587,1968 1740,1968 1740,1908"/>
                    <TextEquiv>
                        <Unicode>Bonht</Unicode>
                    </TextEquiv>
                </Word>
                <TextEquiv>
                    <Unicode>MHre b endtn dem Pierre Morandin Bonht</Unicode>
                </TextEquiv>
            </TextLine>
            <TextLine id="r3l18" custom="readingOrder {index:17;}">
                <Coords points="725,2031 1128,2039 1186,2078 1224,2042 1559,2061 1663,2023 1769,2046 1813,1964 1681,2002 1644,1967 1530,1993 1257,1958 1039,1996 976,1945 725,2007"/>
                <Baseline points="732,2031 785,2030 839,2028 892,2030 946,2030 1000,2031 1053,2033 1107,2034 1161,2036 1214,2037 1268,2039 1322,2040 1375,2040 1429,2040 1483,2040 1536,2037 1590,2035 1644,2030 1697,2024 1751,2018 1805,2009"/>
                <Word id="r3l18_w1" custom="readingOrder {index:0;}">
                    <Coords points="735,1990 735,2050 807,2050 807,1990"/>
                    <TextEquiv>
                        <Unicode>ea</Unicode>
                    </TextEquiv>
                </Word>
                <Word id="r3l18_w2" custom="readingOrder {index:1;}">
                    <Coords points="860,1990 860,2050 944,2050 944,1990"/>
                    <TextEquiv>
                        <Unicode>über</Unicode>
                    </TextEquiv>
                </Word>
                <Word id="r3l18_w3" custom="readingOrder {index:2;}">
                    <Coords points="965,1993 965,2053 1143,2053 1143,1993"/>
                    <TextEquiv>
                        <Unicode>derselben</Unicode>
                    </TextEquiv>
                </Word>
                <Word id="r3l18_w4" custom="readingOrder {index:3;}">
                    <Coords points="1174,1997 1174,2057 1268,2057 1268,1997"/>
                    <TextEquiv>
                        <Unicode>bese</Unicode>
                    </TextEquiv>
                </Word>
                <Word id="r3l18_w5" custom="readingOrder {index:4;}">
                    <Coords points="1288,2000 1288,2060 1530,2060 1530,2000"/>
                    <TextEquiv>
                        <Unicode>erkantnuß</Unicode>
                    </TextEquiv>
                </Word>
                <Word id="r3l18_w6" custom="readingOrder {index:5;}">
                    <Coords points="1592,1990 1592,2050 1675,2050 1675,1990"/>
                    <TextEquiv>
                        <Unicode>Bon</Unicode>
                    </TextEquiv>
                </Word>
                <Word id="r3l18_w7" custom="readingOrder {index:6;}">
                    <Coords points="1706,1982 1706,2042 1717,2042 1717,1982"/>
                    <TextEquiv>
                        <Unicode>1</Unicode>
                    </TextEquiv>
                </Word>
                <Word id="r3l18_w8" custom="readingOrder {index:7;}">
                    <Coords points="1749,1974 1749,2034 1801,2034 1801,1974"/>
                    <TextEquiv>
                        <Unicode>diß</Unicode>
                    </TextEquiv>
                </Word>
                <TextEquiv>
                    <Unicode>ea über derselben bese erkantnuß Bon 1 diß</Unicode>
                </TextEquiv>
            </TextLine>
            <TextLine id="r3l19" custom="readingOrder {index:18;}">
                <Coords points="730,2104 1049,2166 1168,2121 1443,2129 1495,2177 1822,2150 1810,2037 1554,2083 1491,2038 1321,2095 1270,2048 1186,2079 731,2033"/>
                <Baseline points="738,2097 791,2100 845,2103 899,2106 953,2109 1007,2112 1061,2115 1114,2118 1168,2121 1222,2123 1276,2124 1330,2124 1384,2124 1438,2124 1491,2123 1545,2121 1599,2117 1653,2114 1707,2109 1761,2103 1815,2094"/>
                <Word id="r3l19_w1" custom="readingOrder {index:0;}">
                    <Coords points="732,2062 732,2122 933,2122 933,2062"/>
                    <TextEquiv>
                        <Unicode>außanlaß</Unicode>
                    </TextEquiv>
                </Word>
                <Word id="r3l19_w2" custom="readingOrder {index:1;}">
                    <Coords points="972,2072 972,2132 1060,2132 1060,2072"/>
                    <TextEquiv>
                        <Unicode>seine</Unicode>
                    </TextEquiv>
                </Word>
                <Word id="r3l19_w3" custom="readingOrder {index:2;}">
                    <Coords points="1085,2079 1085,2139 1211,2139 1211,2079"/>
                    <TextEquiv>
                        <Unicode>Freuts</Unicode>
                    </TextEquiv>
                </Word>
                <Word id="r3l19_w4" custom="readingOrder {index:3;}">
                    <Coords points="1238,2084 1238,2144 1352,2144 1352,2084"/>
                    <TextEquiv>
                        <Unicode>Jeane</Unicode>
                    </TextEquiv>
                </Word>
                <Word id="r3l19_w5" custom="readingOrder {index:4;}">
                    <Coords points="1377,2083 1377,2143 1516,2143 1516,2083"/>
                    <TextEquiv>
                        <Unicode>Lemag</Unicode>
                    </TextEquiv>
                </Word>
                <Word id="r3l19_w6" custom="readingOrder {index:5;}">
                    <Coords points="1553,2078 1553,2138 1617,2138 1617,2078"/>
                    <TextEquiv>
                        <Unicode>den</Unicode>
                    </TextEquiv>
                </Word>
                <Word id="r3l19_w7" custom="readingOrder {index:6;}">
                    <Coords points="1642,2067 1642,2127 1806,2127 1806,2067"/>
                    <TextEquiv>
                        <Unicode>Reconto</Unicode>
                    </TextEquiv>
                </Word>
                <TextEquiv>
                    <Unicode>außanlaß seine Freuts Jeane Lemag den Reconto</Unicode>
                </TextEquiv>
            </TextLine>
            <TextLine id="r3l20" custom="readingOrder {index:19;}">
                <Coords points="690,2203 805,2253 996,2221 1043,2266 1148,2265 1221,2223 1283,2254 1449,2246 1454,2133 1057,2157 898,2114 733,2137 694,2107"/>
                <Baseline points="699,2195 736,2195 773,2195 810,2196 847,2198 885,2200 922,2201 959,2204 996,2205 1033,2208 1071,2210 1108,2212 1145,2214 1182,2216 1219,2217 1257,2219 1294,2219 1331,2220 1368,2220 1405,2219 1443,2219"/>
                <Word id="r3l20_w1" custom="readingOrder {index:0;}">
                    <Coords points="722,2155 722,2215 810,2215 810,2155"/>
                    <TextEquiv>
                        <Unicode>Ver</Unicode>
                    </TextEquiv>
                </Word>
                <Word id="r3l20_w2" custom="readingOrder {index:1;}">
                    <Coords points="824,2159 824,2219 925,2219 925,2159"/>
                    <TextEquiv>
                        <Unicode>Phegl</Unicode>
                    </TextEquiv>
                </Word>
                <Word id="r3l20_w3" custom="readingOrder {index:2;}">
                    <Coords points="955,2169 955,2229 1158,2229 1158,2169"/>
                    <TextEquiv>
                        <Unicode>betilliget</Unicode>
                    </TextEquiv>
                </Word>
                <Word id="r3l20_w4" custom="readingOrder {index:3;}">
                    <Coords points="1186,2176 1186,2236 1230,2236 1230,2176"/>
                    <TextEquiv>
                        <Unicode>V.</Unicode>
                    </TextEquiv>
                </Word>
                <Word id="r3l20_w5" custom="readingOrder {index:4;}">
                    <Coords points="1245,2179 1245,2239 1333,2239 1333,2179"/>
                    <TextEquiv>
                        <Unicode>Pap.</Unicode>
                    </TextEquiv>
                </Word>
                <Word id="r3l20_w6" custom="readingOrder {index:5;}">
                    <Coords points="1347,2179 1347,2239 1464,2239 1464,2179"/>
                    <TextEquiv>
                        <Unicode>100.</Unicode>
                    </TextEquiv>
                </Word>
                <TextEquiv>
                    <Unicode>Ver Phegl betilliget V. Pap. 100.</Unicode>
                </TextEquiv>
            </TextLine>
            <TextLine id="r3l21" custom="readingOrder {index:20;}">
                <Coords points="693,2362 761,2327 1341,2349 1753,2303 1752,2240 1667,2266 1562,2199 1462,2267 1235,2236 1034,2294 692,2206"/>
                <Baseline points="701,2316 753,2316 805,2316 857,2318 909,2319 962,2321 1014,2322 1066,2324 1118,2325 1170,2327 1223,2328 1275,2328 1327,2328 1379,2327 1431,2325 1484,2322 1536,2318 1588,2313 1640,2306 1692,2298 1745,2288"/>
                <Word id="r3l21_w1" custom="readingOrder {index:0;}">
                    <Coords points="723,2276 723,2336 847,2336 847,2276"/>
                    <TextEquiv>
                        <Unicode>Über</Unicode>
                    </TextEquiv>
                </Word>
                <Word id="r3l21_w2" custom="readingOrder {index:1;}">
                    <Coords points="861,2278 861,2338 930,2338 930,2278"/>
                    <TextEquiv>
                        <Unicode>das</Unicode>
                    </TextEquiv>
                </Word>
                <Word id="r3l21_w3" custom="readingOrder {index:2;}">
                    <Coords points="943,2284 943,2344 1207,2344 1207,2284"/>
                    <TextEquiv>
                        <Unicode>eingelangte</Unicode>
                    </TextEquiv>
                </Word>
                <Word id="r3l21_w4" custom="readingOrder {index:3;}">
                    <Coords points="1222,2288 1222,2348 1361,2348 1361,2288"/>
                    <TextEquiv>
                        <Unicode>schribz</Unicode>
                    </TextEquiv>
                </Word>
                <Word id="r3l21_w5" custom="readingOrder {index:4;}">
                    <Coords points="1388,2285 1388,2345 1470,2345 1470,2285"/>
                    <TextEquiv>
                        <Unicode>Vhon</Unicode>
                    </TextEquiv>
                </Word>
                <Word id="r3l21_w6" custom="readingOrder {index:5;}">
                    <Coords points="1499,2269 1499,2329 1733,2329 1733,2269"/>
                    <TextEquiv>
                        <Unicode>Ebeohoffen</Unicode>
                    </TextEquiv>
                </Word>
                <TextEquiv>
                    <Unicode>Über das eingelangte schribz Vhon Ebeohoffen</Unicode>
                </TextEquiv>
            </TextLine>
            <TextLine id="r3l22" custom="readingOrder {index:21;}">
                <Coords points="724,2392 1035,2392 1110,2448 1291,2393 1539,2393 1603,2437 1818,2331 1659,2350 1596,2306 1534,2352 1209,2320 1073,2355 723,2324"/>
                <Baseline points="731,2384 785,2384 839,2385 893,2387 947,2388 1001,2390 1055,2393 1109,2394 1163,2396 1217,2397 1271,2399 1325,2399 1379,2399 1433,2397 1487,2394 1541,2391 1595,2385 1649,2379 1703,2370 1757,2361 1811,2348"/>
                <Word id="r3l22_w1" custom="readingOrder {index:0;}">
                    <Coords points="737,2344 737,2404 810,2404 810,2344"/>
                    <TextEquiv>
                        <Unicode>undt</Unicode>
                    </TextEquiv>
                </Word>
                <Word id="r3l22_w2" custom="readingOrder {index:1;}">
                    <Coords points="834,2345 834,2405 884,2405 884,2345"/>
                    <TextEquiv>
                        <Unicode>Ihr</Unicode>
                    </TextEquiv>
                </Word>
                <Word id="r3l22_w3" custom="readingOrder {index:2;}">
                    <Coords points="908,2348 908,2408 1017,2408 1017,2348"/>
                    <TextEquiv>
                        <Unicode>daren</Unicode>
                    </TextEquiv>
                </Word>
                <Word id="r3l22_w4" custom="readingOrder {index:3;}">
                    <Coords points="1067,2356 1067,2416 1312,2416 1312,2356"/>
                    <TextEquiv>
                        <Unicode>Enthalten</Unicode>
                    </TextEquiv>
                </Word>
                <Word id="r3l22_w5" custom="readingOrder {index:4;}">
                    <Coords points="1350,2353 1350,2413 1642,2413 1642,2353"/>
                    <TextEquiv>
                        <Unicode>Opspositions</Unicode>
                    </TextEquiv>
                </Word>
                <Word id="r3l22_w6" custom="readingOrder {index:5;}">
                    <Coords points="1655,2328 1655,2388 1765,2388 1765,2328"/>
                    <TextEquiv>
                        <Unicode>grand</Unicode>
                    </TextEquiv>
                </Word>
                <TextEquiv>
                    <Unicode>undt Ihr daren Enthalten Opspositions grand</Unicode>
                </TextEquiv>
            </TextLine>
            <TextLine id="r3l23" custom="readingOrder {index:22;}">
                <Coords points="719,2469 1677,2499 1829,2427 1828,2370 1683,2383 1608,2440 1554,2395 1114,2447 1012,2393 718,2410"/>
                <Baseline points="726,2460 780,2459 835,2459 890,2460 945,2462 999,2463 1054,2466 1109,2468 1164,2470 1218,2472 1273,2474 1328,2474 1383,2474 1437,2473 1492,2471 1547,2467 1602,2461 1656,2454 1711,2444 1766,2434 1821,2418"/>
                <Word id="r3l23_w1" custom="readingOrder {index:0;}">
                    <Coords points="731,2419 731,2479 850,2479 850,2419"/>
                    <TextEquiv>
                        <Unicode>winder</Unicode>
                    </TextEquiv>
                </Word>
                <Word id="r3l23_w2" custom="readingOrder {index:1;}">
                    <Coords points="874,2420 874,2480 933,2480 933,2420"/>
                    <TextEquiv>
                        <Unicode>die</Unicode>
                    </TextEquiv>
                </Word>
                <Word id="r3l23_w3" custom="readingOrder {index:2;}">
                    <Coords points="956,2427 956,2487 1243,2487 1243,2427"/>
                    <TextEquiv>
                        <Unicode>velangenden</Unicode>
                    </TextEquiv>
                </Word>
                <Word id="r3l23_w4" custom="readingOrder {index:3;}">
                    <Coords points="1278,2433 1278,2493 1575,2493 1575,2433"/>
                    <TextEquiv>
                        <Unicode>Ehebezeüchung</Unicode>
                    </TextEquiv>
                </Word>
                <Word id="r3l23_w5" custom="readingOrder {index:4;}">
                    <Coords points="1612,2415 1612,2475 1671,2475 1671,2415"/>
                    <TextEquiv>
                        <Unicode>deß</Unicode>
                    </TextEquiv>
                </Word>
                <Word id="r3l23_w6" custom="readingOrder {index:5;}">
                    <Coords points="1706,2396 1706,2456 1802,2456 1802,2396"/>
                    <TextEquiv>
                        <Unicode>schauß</Unicode>
                    </TextEquiv>
                </Word>
                <TextEquiv>
                    <Unicode>winder die velangenden Ehebezeüchung deß schauß</Unicode>
                </TextEquiv>
            </TextLine>
            <TextLine id="r3l24" custom="readingOrder {index:23;}">
                <Coords points="724,2547 1277,2540 1404,2582 1500,2543 1603,2580 1829,2496 1829,2457 1622,2516 1499,2467 1285,2505 1175,2471 983,2507 897,2465 724,2485"/>
                <Baseline points="732,2526 786,2525 840,2524 895,2525 949,2527 1004,2529 1058,2533 1113,2535 1167,2540 1222,2542 1276,2544 1330,2547 1385,2547 1439,2547 1494,2546 1548,2544 1603,2539 1657,2532 1712,2524 1766,2513 1821,2499"/>
                <Word id="r3l24_w1" custom="readingOrder {index:0;}">
                    <Coords points="737,2485 737,2545 821,2545 821,2485"/>
                    <TextEquiv>
                        <Unicode>zum</Unicode>
                    </TextEquiv>
                </Word>
                <Word id="r3l24_w2" custom="readingOrder {index:1;}">
                    <Coords points="857,2484 857,2544 929,2544 929,2484"/>
                    <TextEquiv>
                        <Unicode>boch</Unicode>
                    </TextEquiv>
                </Word>
                <Word id="r3l24_w3" custom="readingOrder {index:2;}">
                    <Coords points="952,2488 952,2548 1025,2548 1025,2488"/>
                    <TextEquiv>
                        <Unicode>mit</Unicode>
                    </TextEquiv>
                </Word>
                <Word id="r3l24_w4" custom="readingOrder {index:3;}">
                    <Coords points="1048,2494 1048,2554 1156,2554 1156,2494"/>
                    <TextEquiv>
                        <Unicode>Maria</Unicode>
                    </TextEquiv>
                </Word>
                <Word id="r3l24_w5" custom="readingOrder {index:4;}">
                    <Coords points="1191,2503 1191,2563 1311,2563 1311,2503"/>
                    <TextEquiv>
                        <Unicode>leütt,</Unicode>
                    </TextEquiv>
                </Word>
                <Word id="r3l24_w6" custom="readingOrder {index:5;}">
                    <Coords points="1322,2507 1322,2567 1395,2567 1395,2507"/>
                    <TextEquiv>
                        <Unicode>von</Unicode>
                    </TextEquiv>
                </Word>
                <Word id="r3l24_w7" custom="readingOrder {index:6;}">
                    <Coords points="1418,2504 1418,2564 1647,2564 1647,2504"/>
                    <TextEquiv>
                        <Unicode>Vhiedachen,</Unicode>
                    </TextEquiv>
                </Word>
                <Word id="r3l24_w8" custom="readingOrder {index:7;}">
                    <Coords points="1670,2482 1670,2542 1766,2542 1766,2482"/>
                    <TextEquiv>
                        <Unicode>habe</Unicode>
                    </TextEquiv>
                </Word>
                <TextEquiv>
                    <Unicode>zum boch mit Maria leütt, von Vhiedachen, habe</Unicode>
                </TextEquiv>
            </TextLine>
            <TextLine id="r3l25" custom="readingOrder {index:24;}">
                <Coords points="727,2641 1000,2604 1047,2637 1223,2618 1291,2671 1498,2617 1610,2662 1813,2547 1604,2579 1438,2552 1350,2592 1252,2544 1198,2575 928,2524 727,2556"/>
                <Baseline points="735,2603 788,2600 842,2598 895,2597 949,2598 1002,2599 1056,2601 1109,2604 1163,2606 1216,2609 1270,2611 1323,2614 1377,2616 1430,2616 1484,2616 1537,2615 1591,2613 1644,2609 1698,2603 1751,2595 1805,2585"/>
                <Word id="r3l25_w1" custom="readingOrder {index:0;}">
                    <Coords points="729,2559 729,2619 878,2619 878,2559"/>
                    <TextEquiv>
                        <Unicode>Nohen</Unicode>
                    </TextEquiv>
                </Word>
                <Word id="r3l25_w2" custom="readingOrder {index:1;}">
                    <Coords points="902,2557 902,2617 939,2617 939,2557"/>
                    <TextEquiv>
                        <Unicode>die</Unicode>
                    </TextEquiv>
                </Word>
                <Word id="r3l25_w3" custom="readingOrder {index:2;}">
                    <Coords points="964,2562 964,2622 1200,2622 1200,2562"/>
                    <TextEquiv>
                        <Unicode>Beurtheilung</Unicode>
                    </TextEquiv>
                </Word>
                <Word id="r3l25_w4" custom="readingOrder {index:3;}">
                    <Coords points="1237,2570 1237,2630 1288,2630 1288,2570"/>
                    <TextEquiv>
                        <Unicode>deß</Unicode>
                    </TextEquiv>
                </Word>
                <Word id="r3l25_w5" custom="readingOrder {index:4;}">
                    <Coords points="1313,2576 1313,2636 1523,2636 1523,2576"/>
                    <TextEquiv>
                        <Unicode>geschäffte</Unicode>
                    </TextEquiv>
                </Word>
                <Word id="r3l25_w6" custom="readingOrder {index:5;}">
                    <Coords points="1535,2568 1535,2628 1760,2628 1760,2568"/>
                    <TextEquiv>
                        <Unicode>verschoben</Unicode>
                    </TextEquiv>
                </Word>
                <TextEquiv>
                    <Unicode>Nohen die Beurtheilung deß geschäffte verschoben</Unicode>
                </TextEquiv>
            </TextLine>
            <TextLine id="r3l26" custom="readingOrder {index:25;}">
                <Coords points="739,2704 767,2715 862,2699 904,2713 991,2692 1062,2701 1165,2678 1166,2621 1110,2638 1079,2615 1044,2637 997,2604 949,2622 863,2612 739,2642"/>
                <Baseline points="747,2667 772,2667 798,2667 824,2669 849,2669 875,2669 901,2670 926,2670 952,2672 978,2672 1003,2672 1029,2672 1055,2672 1080,2672 1106,2670 1132,2670 1158,2667"/>
                <Word id="r3l26_w1" custom="readingOrder {index:0;}">
                    <Coords points="749,2627 749,2687 800,2687 800,2627"/>
                    <TextEquiv>
                        <Unicode>biß</Unicode>
                    </TextEquiv>
                </Word>
                <Word id="r3l26_w2" custom="readingOrder {index:1;}">
                    <Coords points="832,2629 832,2689 864,2689 864,2629"/>
                    <TextEquiv>
                        <Unicode>Er</Unicode>
                    </TextEquiv>
                </Word>
                <Word id="r3l26_w3" custom="readingOrder {index:2;}">
                    <Coords points="884,2632 884,2692 1029,2692 1029,2632"/>
                    <TextEquiv>
                        <Unicode>erscheinen</Unicode>
                    </TextEquiv>
                </Word>
                <Word id="r3l26_w4" custom="readingOrder {index:3;}">
                    <Coords points="1050,2630 1050,2690 1176,2690 1176,2630"/>
                    <TextEquiv>
                        <Unicode>wirdt.</Unicode>
                    </TextEquiv>
                </Word>
                <TextEquiv>
                    <Unicode>biß Er erscheinen wirdt.</Unicode>
                </TextEquiv>
            </TextLine>
            <TextEquiv>
                <Unicode></Unicode>
            </TextEquiv>
        </TextRegion>
        <TextRegion orientation="0.0" id="r4" custom="readingOrder {index:3;}">
            <Coords points="1892,240 1892,2566 3446,2566 3446,240"/>
            <TextLine id="r4l1" custom="readingOrder {index:0;}">
                <Coords points="3315,350 3334,355 3349,350 3361,358 3409,340 3435,361 3463,244 3448,239 3431,248 3392,229 3344,231"/>
                <Baseline points="3338,288 3371,300 3404,304 3437,315"/>
                <TextEquiv>
                    <Unicode></Unicode>
                </TextEquiv>
            </TextLine>
            <TextLine id="r4l2" custom="readingOrder {index:1;}">
                <Coords points="2453,370 2494,381 2626,327 2820,355 2931,331 3075,397 3123,383 3124,273 3061,282 2990,249 2906,274 2864,238 2786,258 2730,218 2615,250 2558,203 2455,224"/>
                <Baseline points="2462,327 2494,327 2527,327 2560,327 2592,327 2625,327 2658,329 2690,329 2723,329 2756,330 2789,330 2821,330 2854,332 2887,332 2919,332 2952,332 2985,333 3017,333 3050,332 3083,332 3116,332"/>
                <Word id="r4l2_w1" custom="readingOrder {index:0;}">
                    <Coords points="2476,287 2476,347 2614,347 2614,287"/>
                    <TextEquiv>
                        <Unicode>Pnson</Unicode>
                    </TextEquiv>
                </Word>
                <Word id="r4l2_w2" custom="readingOrder {index:1;}">
                    <Coords points="2650,289 2650,349 2734,349 2734,289"/>
                    <TextEquiv>
                        <Unicode>Dr.</Unicode>
                    </TextEquiv>
                </Word>
                <Word id="r4l2_w3" custom="readingOrder {index:2;}">
                    <Coords points="2753,291 2753,351 2924,351 2924,291"/>
                    <TextEquiv>
                        <Unicode>Pracodis</Unicode>
                    </TextEquiv>
                </Word>
                <Word id="r4l2_w4" custom="readingOrder {index:3;}">
                    <Coords points="2943,292 2943,352 3134,352 3134,292"/>
                    <TextEquiv>
                        <Unicode>Genner.</Unicode>
                    </TextEquiv>
                </Word>
                <TextEquiv>
                    <Unicode>Pnson Dr. Pracodis Genner.</Unicode>
                </TextEquiv>
            </TextLine>
            <TextLine id="r4l3" custom="readingOrder {index:2;}">
                <Coords points="2500,407 2571,402 2609,427 2645,404 2729,421 2840,406 2899,427 2900,339 2815,362 2760,337 2728,348 2643,331 2594,350 2575,335 2500,374"/>
                <Baseline points="2508,398 2533,398 2559,396 2584,396 2610,396 2636,396 2661,396 2687,396 2712,398 2738,398 2764,398 2789,399 2815,399 2840,399 2866,401 2892,401"/>
                <Word id="r4l3_w1" custom="readingOrder {index:0;}">
                    <Coords points="2517,357 2517,417 2563,417 2563,357"/>
                    <TextEquiv>
                        <Unicode>de</Unicode>
                    </TextEquiv>
                </Word>
                <Word id="r4l3_w2" custom="readingOrder {index:1;}">
                    <Coords points="2591,356 2591,416 2648,416 2648,356"/>
                    <TextEquiv>
                        <Unicode>4.</Unicode>
                    </TextEquiv>
                </Word>
                <Word id="r4l3_w3" custom="readingOrder {index:2;}">
                    <Coords points="2666,357 2666,417 2741,417 2741,357"/>
                    <TextEquiv>
                        <Unicode>8.</Unicode>
                    </TextEquiv>
                </Word>
                <Word id="r4l3_w4" custom="readingOrder {index:3;}">
                    <Coords points="2760,359 2760,419 2910,419 2910,359"/>
                    <TextEquiv>
                        <Unicode>17326.</Unicode>
                    </TextEquiv>
                </Word>
                <TextEquiv>
                    <Unicode>de 4. 8. 17326.</Unicode>
                </TextEquiv>
            </TextLine>
            <TextLine id="r4l4" custom="readingOrder {index:3;}">
                <Coords points="2127,482 2244,521 2334,465 2905,485 3068,536 3160,497 3204,540 3289,478 3401,506 3390,401 2802,445 2288,338 2128,401"/>
                <Baseline points="2136,465 2198,468 2261,471 2324,473 2387,474 2450,474 2513,476 2575,476 2638,476 2701,476 2764,476 2827,476 2890,476 2953,476 3015,476 3078,476 3141,477 3204,479 3267,480 3330,482 3393,486"/>
                <Word id="r4l4_w1" custom="readingOrder {index:0;}">
                    <Coords points="2145,430 2145,490 2363,490 2363,430"/>
                    <TextEquiv>
                        <Unicode>Laupfen</Unicode>
                    </TextEquiv>
                </Word>
                <Word id="r4l4_w2" custom="readingOrder {index:1;}">
                    <Coords points="2421,434 2421,494 2508,494 2508,434"/>
                    <TextEquiv>
                        <Unicode>Auß</Unicode>
                    </TextEquiv>
                </Word>
                <Word id="r4l4_w3" custom="readingOrder {index:2;}">
                    <Coords points="2551,436 2551,496 2625,496 2625,436"/>
                    <TextEquiv>
                        <Unicode>dero</Unicode>
                    </TextEquiv>
                </Word>
                <Word id="r4l4_w4" custom="readingOrder {index:3;}">
                    <Coords points="2639,436 2639,496 2798,496 2798,436"/>
                    <TextEquiv>
                        <Unicode>scheben</Unicode>
                    </TextEquiv>
                </Word>
                <Word id="r4l4_w5" custom="readingOrder {index:4;}">
                    <Coords points="2829,436 2829,496 3061,496 3061,436"/>
                    <TextEquiv>
                        <Unicode>habendie</Unicode>
                    </TextEquiv>
                </Word>
                <Word id="r4l4_w6" custom="readingOrder {index:5;}">
                    <Coords points="3076,436 3076,496 3192,496 3192,436"/>
                    <TextEquiv>
                        <Unicode>Herren</Unicode>
                    </TextEquiv>
                </Word>
                <Word id="r4l4_w7" custom="readingOrder {index:6;}">
                    <Coords points="3206,440 3206,500 3366,500 3366,440"/>
                    <TextEquiv>
                        <Unicode>zursehen</Unicode>
                    </TextEquiv>
                </Word>
                <TextEquiv>
                    <Unicode>Laupfen Auß dero scheben habendie Herren zursehen</Unicode>
                </TextEquiv>
            </TextLine>
            <TextLine id="r4l5" custom="readingOrder {index:4;}">
                <Coords points="2181,633 2245,587 2478,624 2676,571 2912,571 3030,623 3117,573 3446,599 3446,553 3287,479 3208,544 3164,499 3047,536 2625,471 2547,532 2358,471 2183,512"/>
                <Baseline points="2190,569 2252,569 2314,569 2377,567 2439,567 2502,567 2564,566 2626,566 2689,566 2751,566 2814,567 2876,567 2938,568 3001,569 3063,570 3126,572 3188,575 3250,576 3313,581 3375,583 3438,587"/>
                <Word id="r4l5_w1" custom="readingOrder {index:0;}">
                    <Coords points="2198,529 2198,589 2338,589 2338,529"/>
                    <TextEquiv>
                        <Unicode>gehabt,</Unicode>
                    </TextEquiv>
                </Word>
                <Word id="r4l5_w2" custom="readingOrder {index:1;}">
                    <Coords points="2368,527 2368,587 2494,587 2494,527"/>
                    <TextEquiv>
                        <Unicode>welcher</Unicode>
                    </TextEquiv>
                </Word>
                <Word id="r4l5_w3" custom="readingOrder {index:2;}">
                    <Coords points="2522,526 2522,586 2706,586 2706,526"/>
                    <TextEquiv>
                        <Unicode>gestalten</Unicode>
                    </TextEquiv>
                </Word>
                <Word id="r4l5_w4" custom="readingOrder {index:3;}">
                    <Coords points="2749,527 2749,587 2905,587 2905,527"/>
                    <TextEquiv>
                        <Unicode>Mara</Unicode>
                    </TextEquiv>
                </Word>
                <Word id="r4l5_w5" custom="readingOrder {index:4;}">
                    <Coords points="2946,529 2946,589 3144,589 3144,529"/>
                    <TextEquiv>
                        <Unicode>Ruprecht</Unicode>
                    </TextEquiv>
                </Word>
                <Word id="r4l5_w6" custom="readingOrder {index:5;}">
                    <Coords points="3171,535 3171,595 3242,595 3242,535"/>
                    <TextEquiv>
                        <Unicode>mit</Unicode>
                    </TextEquiv>
                </Word>
                <Word id="r4l5_w7" custom="readingOrder {index:6;}">
                    <Coords points="3272,542 3272,602 3456,602 3456,542"/>
                    <TextEquiv>
                        <Unicode>Klognder</Unicode>
                    </TextEquiv>
                </Word>
                <TextEquiv>
                    <Unicode>gehabt, welcher gestalten Mara Ruprecht mit Klognder</Unicode>
                </TextEquiv>
            </TextLine>
            <TextLine id="r4l6" custom="readingOrder {index:5;}">
                <Coords points="1896,696 1938,674 1965,688 1999,655 2066,639 2127,647 2164,637 2153,556 2128,559 2088,534 2041,579 2000,593 1944,556 1882,590"/>
                <Baseline points="1899,654 1924,648 1949,642 1975,638 2000,635 2026,631 2051,628 2076,625 2102,622 2127,620 2153,617"/>
                <Word id="r4l6_w1" custom="readingOrder {index:0;}">
                    <Coords points="1897,598 1897,658 2041,658 2041,598"/>
                    <TextEquiv>
                        <Unicode>Sopricht</Unicode>
                    </TextEquiv>
                </Word>
                <Word id="r4l6_w2" custom="readingOrder {index:1;}">
                    <Coords points="2054,582 2054,642 2147,642 2147,582"/>
                    <TextEquiv>
                        <Unicode>Mann</Unicode>
                    </TextEquiv>
                </Word>
                <TextEquiv>
                    <Unicode>Sopricht Mann</Unicode>
                </TextEquiv>
            </TextLine>
            <TextLine id="r4l7" custom="readingOrder {index:6;}">
                <Coords points="2198,696 2341,652 2527,668 2599,723 2676,668 2858,717 3151,659 3268,711 3412,681 3413,596 2199,614"/>
                <Baseline points="2207,659 2266,657 2326,656 2386,656 2446,654 2506,654 2566,656 2625,656 2685,656 2745,657 2805,659 2865,660 2925,660 2985,662 3044,663 3104,665 3164,665 3224,666 3284,666 3344,666 3404,666"/>
                <Word id="r4l7_w1" custom="readingOrder {index:0;}">
                    <Coords points="2200,616 2200,676 2473,676 2473,616"/>
                    <TextEquiv>
                        <Unicode>schwängrung</Unicode>
                    </TextEquiv>
                </Word>
                <Word id="r4l7_w2" custom="readingOrder {index:1;}">
                    <Coords points="2512,615 2512,675 2561,675 2561,615"/>
                    <TextEquiv>
                        <Unicode>der</Unicode>
                    </TextEquiv>
                </Word>
                <Word id="r4l7_w3" custom="readingOrder {index:2;}">
                    <Coords points="2585,616 2585,676 2748,676 2748,616"/>
                    <TextEquiv>
                        <Unicode>Ehrhalb</Unicode>
                    </TextEquiv>
                </Word>
                <Word id="r4l7_w4" custom="readingOrder {index:3;}">
                    <Coords points="2773,619 2773,679 2948,679 2948,619"/>
                    <TextEquiv>
                        <Unicode>beklage</Unicode>
                    </TextEquiv>
                </Word>
                <Word id="r4l7_w5" custom="readingOrder {index:4;}">
                    <Coords points="3023,624 3023,684 3172,684 3172,624"/>
                    <TextEquiv>
                        <Unicode>daniel</Unicode>
                    </TextEquiv>
                </Word>
                <Word id="r4l7_w6" custom="readingOrder {index:5;}">
                    <Coords points="3197,626 3197,686 3372,686 3372,626"/>
                    <TextEquiv>
                        <Unicode>Klopfen</Unicode>
                    </TextEquiv>
                </Word>
                <TextEquiv>
                    <Unicode>schwängrung der Ehrhalb beklage daniel Klopfen</Unicode>
                </TextEquiv>
            </TextLine>
            <TextLine id="r4l8" custom="readingOrder {index:7;}">
                <Coords points="2200,758 2552,745 2732,791 2789,756 2899,820 3088,747 3263,821 3406,739 3052,670 2853,719 2676,668 2600,722 2403,662 2200,688"/>
                <Baseline points="2208,755 2267,753 2327,751 2386,749 2446,749 2505,747 2565,747 2624,747 2684,747 2743,748 2803,749 2862,749 2922,750 2981,752 3041,753 3100,754 3160,755 3219,756 3279,758 3338,759 3398,761"/>
                <Word id="r4l8_w1" custom="readingOrder {index:0;}">
                    <Coords points="2204,713 2204,773 2319,773 2319,713"/>
                    <TextEquiv>
                        <Unicode>stein</Unicode>
                    </TextEquiv>
                </Word>
                <Word id="r4l8_w2" custom="readingOrder {index:1;}">
                    <Coords points="2334,709 2334,769 2393,769 2393,709"/>
                    <TextEquiv>
                        <Unicode>den</Unicode>
                    </TextEquiv>
                </Word>
                <Word id="r4l8_w3" custom="readingOrder {index:2;}">
                    <Coords points="2408,707 2408,767 2554,767 2554,707"/>
                    <TextEquiv>
                        <Unicode>Maches</Unicode>
                    </TextEquiv>
                </Word>
                <Word id="r4l8_w4" custom="readingOrder {index:3;}">
                    <Coords points="2583,707 2583,767 2700,767 2700,707"/>
                    <TextEquiv>
                        <Unicode>beyde</Unicode>
                    </TextEquiv>
                </Word>
                <Word id="r4l8_w5" custom="readingOrder {index:4;}">
                    <Coords points="2743,708 2743,768 2817,768 2817,708"/>
                    <TextEquiv>
                        <Unicode>Ihr</Unicode>
                    </TextEquiv>
                </Word>
                <Word id="r4l8_w6" custom="readingOrder {index:5;}">
                    <Coords points="2846,711 2846,771 3078,771 3078,711"/>
                    <TextEquiv>
                        <Unicode>angehörge</Unicode>
                    </TextEquiv>
                </Word>
                <Word id="r4l8_w7" custom="readingOrder {index:6;}">
                    <Coords points="3123,715 3123,775 3269,775 3269,715"/>
                    <TextEquiv>
                        <Unicode>welcher</Unicode>
                    </TextEquiv>
                </Word>
                <Word id="r4l8_w8" custom="readingOrder {index:7;}">
                    <Coords points="3284,718 3284,778 3370,778 3370,718"/>
                    <TextEquiv>
                        <Unicode>Ihre</Unicode>
                    </TextEquiv>
                </Word>
                <TextEquiv>
                    <Unicode>stein den Maches beyde Ihr angehörge welcher Ihre</Unicode>
                </TextEquiv>
            </TextLine>
            <TextLine id="r4l9" custom="readingOrder {index:8;}">
                <Coords points="1890,892 1946,881 1981,891 2062,828 2177,819 2167,744 2114,746 2042,714 2013,742 1960,735 1934,744 1906,782 1877,797"/>
                <Baseline points="1892,845 1917,842 1942,840 1967,837 1992,833 2017,830 2042,825 2067,821 2092,818 2117,815 2142,813 2168,812"/>
                <Word id="r4l9_w1" custom="readingOrder {index:0;}">
                    <Coords points="1883,786 1883,846 2187,846 2187,786"/>
                    <TextEquiv>
                        <Unicode>Hlofstedanel</Unicode>
                    </TextEquiv>
                </Word>
                <TextEquiv>
                    <Unicode>Hlofstedanel</Unicode>
                </TextEquiv>
            </TextLine>
            <TextLine id="r4l10" custom="readingOrder {index:9;}">
                <Coords points="2191,858 3045,834 3118,878 3403,839 3363,790 3262,820 3194,762 2898,818 2799,760 2190,773"/>
                <Baseline points="2198,851 2257,847 2317,843 2377,842 2437,839 2497,837 2557,837 2616,836 2676,836 2736,837 2796,837 2856,837 2916,839 2976,839 3035,840 3095,840 3155,840 3215,840 3275,840 3335,840 3395,839"/>
                <Word id="r4l10_w1" custom="readingOrder {index:0;}">
                    <Coords points="2201,808 2201,868 2278,868 2278,808"/>
                    <TextEquiv>
                        <Unicode>aber</Unicode>
                    </TextEquiv>
                </Word>
                <Word id="r4l10_w2" custom="readingOrder {index:1;}">
                    <Coords points="2301,802 2301,862 2390,862 2390,802"/>
                    <TextEquiv>
                        <Unicode>deß</Unicode>
                    </TextEquiv>
                </Word>
                <Word id="r4l10_w3" custom="readingOrder {index:2;}">
                    <Coords points="2445,797 2445,857 2578,857 2578,797"/>
                    <TextEquiv>
                        <Unicode>Eint-</Unicode>
                    </TextEquiv>
                </Word>
                <Word id="r4l10_w4" custom="readingOrder {index:3;}">
                    <Coords points="2601,796 2601,856 2701,856 2701,796"/>
                    <TextEquiv>
                        <Unicode>undt</Unicode>
                    </TextEquiv>
                </Word>
                <Word id="r4l10_w5" custom="readingOrder {index:4;}">
                    <Coords points="2712,797 2712,857 2867,857 2867,797"/>
                    <TextEquiv>
                        <Unicode>andern</Unicode>
                    </TextEquiv>
                </Word>
                <Word id="r4l10_w6" custom="readingOrder {index:5;}">
                    <Coords points="2878,798 2878,858 2912,858 2912,798"/>
                    <TextEquiv>
                        <Unicode>in</Unicode>
                    </TextEquiv>
                </Word>
                <Word id="r4l10_w7" custom="readingOrder {index:6;}">
                    <Coords points="2945,799 2945,859 3034,859 3034,799"/>
                    <TextEquiv>
                        <Unicode>aber</Unicode>
                    </TextEquiv>
                </Word>
                <Word id="r4l10_w8" custom="readingOrder {index:7;}">
                    <Coords points="3089,800 3089,860 3167,860 3167,800"/>
                    <TextEquiv>
                        <Unicode>ist,</Unicode>
                    </TextEquiv>
                </Word>
                <Word id="r4l10_w9" custom="readingOrder {index:8;}">
                    <Coords points="3189,800 3189,860 3245,860 3245,800"/>
                    <TextEquiv>
                        <Unicode>lie</Unicode>
                    </TextEquiv>
                </Word>
                <Word id="r4l10_w10" custom="readingOrder {index:9;}">
                    <Coords points="3267,799 3267,859 3413,859 3413,799"/>
                    <TextEquiv>
                        <Unicode>auch¬</Unicode>
                    </TextEquiv>
                </Word>
                <TextEquiv>
                    <Unicode>aber deß Eint- undt andern in aber ist, lie auch¬</Unicode>
                </TextEquiv>
            </TextLine>
            <TextLine id="r4l11" custom="readingOrder {index:10;}">
                <Coords points="2177,957 2633,920 3107,961 3352,932 3372,883 3201,851 3108,888 3045,834 2975,873 2175,865"/>
                <Baseline points="2184,942 2243,937 2302,932 2361,928 2420,924 2479,923 2538,921 2597,920 2656,919 2715,918 2774,918 2833,918 2892,918 2951,918 3010,918 3069,918 3128,918 3187,918 3246,917 3305,915 3365,912"/>
                <Word id="r4l11_w1" custom="readingOrder {index:0;}">
                    <Coords points="2198,897 2198,957 2279,957 2279,897"/>
                    <TextEquiv>
                        <Unicode>daß</Unicode>
                    </TextEquiv>
                </Word>
                <Word id="r4l11_w2" custom="readingOrder {index:1;}">
                    <Coords points="2324,888 2324,948 2371,948 2371,888"/>
                    <TextEquiv>
                        <Unicode>Er</Unicode>
                    </TextEquiv>
                </Word>
                <Word id="r4l11_w3" custom="readingOrder {index:2;}">
                    <Coords points="2416,883 2416,943 2508,943 2508,883"/>
                    <TextEquiv>
                        <Unicode>habe</Unicode>
                    </TextEquiv>
                </Word>
                <Word id="r4l11_w4" custom="readingOrder {index:3;}">
                    <Coords points="2543,879 2543,939 2693,939 2693,879"/>
                    <TextEquiv>
                        <Unicode>bewisen</Unicode>
                    </TextEquiv>
                </Word>
                <Word id="r4l11_w5" custom="readingOrder {index:4;}">
                    <Coords points="2715,878 2715,938 2852,938 2852,878"/>
                    <TextEquiv>
                        <Unicode>wollen,</Unicode>
                    </TextEquiv>
                </Word>
                <Word id="r4l11_w6" custom="readingOrder {index:5;}">
                    <Coords points="2887,878 2887,938 2968,938 2968,878"/>
                    <TextEquiv>
                        <Unicode>daß</Unicode>
                    </TextEquiv>
                </Word>
                <Word id="r4l11_w7" custom="readingOrder {index:6;}">
                    <Coords points="3013,878 3013,938 3060,938 3060,878"/>
                    <TextEquiv>
                        <Unicode>Es</Unicode>
                    </TextEquiv>
                </Word>
                <Word id="r4l11_w8" custom="readingOrder {index:7;}">
                    <Coords points="3082,878 3082,938 3174,938 3174,878"/>
                    <TextEquiv>
                        <Unicode>mit</Unicode>
                    </TextEquiv>
                </Word>
                <Word id="r4l11_w9" custom="readingOrder {index:8;}">
                    <Coords points="3197,876 3197,936 3346,936 3346,876"/>
                    <TextEquiv>
                        <Unicode>anderen</Unicode>
                    </TextEquiv>
                </Word>
                <TextEquiv>
                    <Unicode>daß Er habe bewisen wollen, daß Es mit anderen</Unicode>
                </TextEquiv>
            </TextLine>
            <TextLine id="r4l12" custom="readingOrder {index:11;}">
                <Coords points="2163,1071 2376,1015 2527,1070 2606,1008 2799,1082 2897,1022 3105,1056 3347,1001 3347,967 3013,939 2870,977 2635,921 2161,964"/>
                <Baseline points="2171,1041 2229,1033 2287,1025 2346,1018 2404,1013 2463,1010 2521,1008 2579,1007 2638,1007 2696,1007 2755,1008 2813,1008 2871,1010 2930,1011 2988,1011 3047,1011 3105,1010 3163,1009 3222,1007 3280,1002 3339,996"/>
                <Word id="r4l12_w1" custom="readingOrder {index:0;}">
                    <Coords points="2189,988 2189,1048 2334,1048 2334,988"/>
                    <TextEquiv>
                        <Unicode>gesellen</Unicode>
                    </TextEquiv>
                </Word>
                <Word id="r4l12_w2" custom="readingOrder {index:1;}">
                    <Coords points="2360,969 2360,1029 2608,1029 2608,969"/>
                    <TextEquiv>
                        <Unicode>verdächtigen</Unicode>
                    </TextEquiv>
                </Word>
                <Word id="r4l12_w3" custom="readingOrder {index:2;}">
                    <Coords points="2634,967 2634,1027 2831,1027 2831,967"/>
                    <TextEquiv>
                        <Unicode>umbgang</Unicode>
                    </TextEquiv>
                </Word>
                <Word id="r4l12_w4" custom="readingOrder {index:3;}">
                    <Coords points="2858,970 2858,1030 3001,1030 3001,970"/>
                    <TextEquiv>
                        <Unicode>gehabt</Unicode>
                    </TextEquiv>
                </Word>
                <Word id="r4l12_w5" custom="readingOrder {index:4;}">
                    <Coords points="3016,970 3016,1030 3081,1030 3081,970"/>
                    <TextEquiv>
                        <Unicode>etc.</Unicode>
                    </TextEquiv>
                </Word>
                <Word id="r4l12_w6" custom="readingOrder {index:5;}">
                    <Coords points="3094,968 3094,1028 3290,1028 3290,968"/>
                    <TextEquiv>
                        <Unicode>Worüber</Unicode>
                    </TextEquiv>
                </Word>
                <TextEquiv>
                    <Unicode>gesellen verdächtigen umbgang gehabt etc. Worüber</Unicode>
                </TextEquiv>
            </TextLine>
            <TextLine id="r4l13" custom="readingOrder {index:12;}">
                <Coords points="2187,1172 2540,1096 2666,1172 2823,1116 3045,1155 3149,1103 3316,1112 3282,1034 3113,1064 2906,1022 2799,1082 2653,1017 2551,1081 2444,1016 2186,1041"/>
                <Baseline points="2195,1119 2250,1114 2306,1109 2361,1106 2417,1103 2473,1101 2528,1100 2584,1100 2640,1100 2695,1101 2751,1101 2807,1103 2862,1103 2918,1103 2974,1104 3029,1103 3085,1103 3141,1101 3196,1098 3252,1094 3308,1089"/>
                <Word id="r4l13_w1" custom="readingOrder {index:0;}">
                    <Coords points="2190,1075 2190,1135 2276,1135 2276,1075"/>
                    <TextEquiv>
                        <Unicode>Me</Unicode>
                    </TextEquiv>
                </Word>
                <Word id="r4l13_w2" custom="readingOrder {index:1;}">
                    <Coords points="2292,1067 2292,1127 2378,1127 2378,1067"/>
                    <TextEquiv>
                        <Unicode>Hne</Unicode>
                    </TextEquiv>
                </Word>
                <Word id="r4l13_w3" custom="readingOrder {index:2;}">
                    <Coords points="2408,1062 2408,1122 2480,1122 2480,1062"/>
                    <TextEquiv>
                        <Unicode>Chnen</Unicode>
                    </TextEquiv>
                </Word>
                <Word id="r4l13_w4" custom="readingOrder {index:3;}">
                    <Coords points="2496,1060 2496,1120 2539,1120 2539,1060"/>
                    <TextEquiv>
                        <Unicode>an</Unicode>
                    </TextEquiv>
                </Word>
                <Word id="r4l13_w5" custom="readingOrder {index:4;}">
                    <Coords points="2553,1060 2553,1120 2771,1120 2771,1060"/>
                    <TextEquiv>
                        <Unicode>fgetagn</Unicode>
                    </TextEquiv>
                </Word>
                <Word id="r4l13_w6" custom="readingOrder {index:5;}">
                    <Coords points="2785,1063 2785,1123 2902,1123 2902,1063"/>
                    <TextEquiv>
                        <Unicode>haben</Unicode>
                    </TextEquiv>
                </Word>
                <Word id="r4l13_w7" custom="readingOrder {index:6;}">
                    <Coords points="2932,1063 2932,1123 3091,1123 3091,1063"/>
                    <TextEquiv>
                        <Unicode>wollendt</Unicode>
                    </TextEquiv>
                </Word>
                <Word id="r4l13_w8" custom="readingOrder {index:7;}">
                    <Coords points="3122,1060 3122,1120 3165,1120 3165,1060"/>
                    <TextEquiv>
                        <Unicode>se</Unicode>
                    </TextEquiv>
                </Word>
                <Word id="r4l13_w9" custom="readingOrder {index:8;}">
                    <Coords points="3179,1057 3179,1117 3224,1117 3224,1057"/>
                    <TextEquiv>
                        <Unicode>in</Unicode>
                    </TextEquiv>
                </Word>
                <Word id="r4l13_w10" custom="readingOrder {index:9;}">
                    <Coords points="3238,1052 3238,1112 3309,1112 3309,1052"/>
                    <TextEquiv>
                        <Unicode>der</Unicode>
                    </TextEquiv>
                </Word>
                <TextEquiv>
                    <Unicode>Me Hne Chnen an fgetagn haben wollendt se in der</Unicode>
                </TextEquiv>
            </TextLine>
            <TextLine id="r4l14" custom="readingOrder {index:13;}">
                <Coords points="2181,1234 2687,1190 3070,1224 3395,1191 3394,1143 3142,1107 2691,1171 2391,1113 2179,1177"/>
                <Baseline points="2189,1212 2248,1207 2308,1203 2368,1199 2428,1196 2488,1194 2548,1193 2607,1191 2667,1191 2727,1191 2787,1190 2847,1190 2907,1190 2967,1188 3026,1188 3086,1186 3146,1184 3206,1181 3266,1177 3326,1172 3386,1166"/>
                <Word id="r4l14_w1" custom="readingOrder {index:0;}">
                    <Coords points="2190,1165 2190,1225 2356,1225 2356,1165"/>
                    <TextEquiv>
                        <Unicode>gemißt</Unicode>
                    </TextEquiv>
                </Word>
                <Word id="r4l14_w2" custom="readingOrder {index:1;}">
                    <Coords points="2378,1156 2378,1216 2454,1216 2454,1156"/>
                    <TextEquiv>
                        <Unicode>nach</Unicode>
                    </TextEquiv>
                </Word>
                <Word id="r4l14_w3" custom="readingOrder {index:2;}">
                    <Coords points="2488,1153 2488,1213 2554,1213 2554,1153"/>
                    <TextEquiv>
                        <Unicode>der</Unicode>
                    </TextEquiv>
                </Word>
                <Word id="r4l14_w4" custom="readingOrder {index:3;}">
                    <Coords points="2576,1151 2576,1211 2763,1211 2763,1151"/>
                    <TextEquiv>
                        <Unicode>Ordnng</Unicode>
                    </TextEquiv>
                </Word>
                <Word id="r4l14_w5" custom="readingOrder {index:4;}">
                    <Coords points="2808,1150 2808,1210 2852,1210 2852,1150"/>
                    <TextEquiv>
                        <Unicode>de</Unicode>
                    </TextEquiv>
                </Word>
                <Word id="r4l14_w6" custom="readingOrder {index:5;}">
                    <Coords points="2885,1149 2885,1209 2952,1209 2952,1149"/>
                    <TextEquiv>
                        <Unicode>Ao</Unicode>
                    </TextEquiv>
                </Word>
                <Word id="r4l14_w7" custom="readingOrder {index:6;}">
                    <Coords points="2985,1148 2985,1208 3061,1208 3061,1148"/>
                    <TextEquiv>
                        <Unicode>1712</Unicode>
                    </TextEquiv>
                </Word>
                <Word id="r4l14_w8" custom="readingOrder {index:7;}">
                    <Coords points="3096,1138 3096,1198 3405,1198 3405,1138"/>
                    <TextEquiv>
                        <Unicode>Examinion,</Unicode>
                    </TextEquiv>
                </Word>
                <TextEquiv>
                    <Unicode>gemißt nach der Ordnng de Ao 1712 Examinion,</Unicode>
                </TextEquiv>
            </TextLine>
            <TextLine id="r4l15" custom="readingOrder {index:14;}">
                <Coords points="2182,1311 2438,1290 2529,1354 2668,1281 2753,1350 2850,1299 2887,1334 3186,1272 3261,1304 3415,1268 3415,1221 3259,1252 3157,1202 3080,1236 2668,1195 2181,1235"/>
                <Baseline points="2190,1296 2250,1293 2311,1290 2372,1289 2433,1287 2494,1286 2555,1284 2615,1284 2676,1284 2737,1283 2798,1283 2859,1283 2920,1283 2981,1281 3041,1281 3102,1280 3163,1277 3224,1275 3285,1272 3346,1269 3407,1265"/>
                <Word id="r4l15_w1" custom="readingOrder {index:0;}">
                    <Coords points="2196,1253 2196,1313 2276,1313 2276,1253"/>
                    <TextEquiv>
                        <Unicode>und</Unicode>
                    </TextEquiv>
                </Word>
                <Word id="r4l15_w2" custom="readingOrder {index:1;}">
                    <Coords points="2302,1249 2302,1309 2407,1309 2407,1249"/>
                    <TextEquiv>
                        <Unicode>Ihrer</Unicode>
                    </TextEquiv>
                </Word>
                <Word id="r4l15_w3" custom="readingOrder {index:2;}">
                    <Coords points="2420,1245 2420,1305 2592,1305 2592,1245"/>
                    <TextEquiv>
                        <Unicode>außaag</Unicode>
                    </TextEquiv>
                </Word>
                <Word id="r4l15_w4" custom="readingOrder {index:3;}">
                    <Coords points="2618,1243 2618,1303 2790,1303 2790,1243"/>
                    <TextEquiv>
                        <Unicode>berichten</Unicode>
                    </TextEquiv>
                </Word>
                <Word id="r4l15_w5" custom="readingOrder {index:4;}">
                    <Coords points="2816,1243 2816,1303 2857,1303 2857,1243"/>
                    <TextEquiv>
                        <Unicode>zu</Unicode>
                    </TextEquiv>
                </Word>
                <Word id="r4l15_w6" custom="readingOrder {index:5;}">
                    <Coords points="2883,1242 2883,1302 3014,1302 3014,1242"/>
                    <TextEquiv>
                        <Unicode>laßen</Unicode>
                    </TextEquiv>
                </Word>
                <Word id="r4l15_w7" custom="readingOrder {index:6;}">
                    <Coords points="3055,1238 3055,1298 3199,1298 3199,1238"/>
                    <TextEquiv>
                        <Unicode>fahlt</Unicode>
                    </TextEquiv>
                </Word>
                <Word id="r4l15_w8" custom="readingOrder {index:7;}">
                    <Coords points="3212,1233 3212,1293 3304,1293 3304,1233"/>
                    <TextEquiv>
                        <Unicode>auch</Unicode>
                    </TextEquiv>
                </Word>
                <Word id="r4l15_w9" custom="readingOrder {index:8;}">
                    <Coords points="3345,1227 3345,1287 3397,1287 3397,1227"/>
                    <TextEquiv>
                        <Unicode>der</Unicode>
                    </TextEquiv>
                </Word>
                <TextEquiv>
                    <Unicode>und Ihrer außaag berichten zu laßen fahlt auch der</Unicode>
                </TextEquiv>
            </TextLine>
            <TextLine id="r4l16" custom="readingOrder {index:15;}">
                <Coords points="2152,1429 2251,1397 2329,1446 2412,1387 2594,1385 2796,1393 2865,1444 2964,1402 3034,1447 3105,1404 3217,1436 3430,1404 3429,1308 2806,1311 2753,1350 2670,1296 2526,1358 2393,1290 2151,1342"/>
                <Baseline points="2159,1397 2222,1394 2285,1391 2348,1388 2411,1386 2474,1385 2537,1383 2601,1383 2664,1382 2727,1382 2790,1380 2853,1380 2916,1379 2979,1379 3043,1379 3106,1377 3169,1377 3232,1376 3295,1375 3358,1374 3422,1371"/>
                <Word id="r4l16_w1" custom="readingOrder {index:0;}">
                    <Coords points="2169,1352 2169,1412 2339,1412 2339,1352"/>
                    <TextEquiv>
                        <Unicode>Klopfe</Unicode>
                    </TextEquiv>
                </Word>
                <Word id="r4l16_w2" custom="readingOrder {index:1;}">
                    <Coords points="2353,1346 2353,1406 2453,1406 2453,1346"/>
                    <TextEquiv>
                        <Unicode>hten</Unicode>
                    </TextEquiv>
                </Word>
                <Word id="r4l16_w3" custom="readingOrder {index:2;}">
                    <Coords points="2467,1343 2467,1403 2582,1403 2582,1343"/>
                    <TextEquiv>
                        <Unicode>imnet</Unicode>
                    </TextEquiv>
                </Word>
                <Word id="r4l16_w4" custom="readingOrder {index:3;}">
                    <Coords points="2610,1342 2610,1402 2740,1402 2740,1342"/>
                    <TextEquiv>
                        <Unicode>dieser</Unicode>
                    </TextEquiv>
                </Word>
                <Word id="r4l16_w5" custom="readingOrder {index:4;}">
                    <Coords points="2768,1340 2768,1400 2854,1400 2854,1340"/>
                    <TextEquiv>
                        <Unicode>Zeit</Unicode>
                    </TextEquiv>
                </Word>
                <Word id="r4l16_w6" custom="readingOrder {index:5;}">
                    <Coords points="2868,1339 2868,1399 3025,1399 3025,1339"/>
                    <TextEquiv>
                        <Unicode>mehrer</Unicode>
                    </TextEquiv>
                </Word>
                <Word id="r4l16_w7" custom="readingOrder {index:6;}">
                    <Coords points="3067,1335 3067,1395 3410,1395 3410,1335"/>
                    <TextEquiv>
                        <Unicode>Kundtschafft</Unicode>
                    </TextEquiv>
                </Word>
                <TextEquiv>
                    <Unicode>Klopfe hten imnet dieser Zeit mehrer Kundtschafft</Unicode>
                </TextEquiv>
            </TextLine>
            <TextLine id="r4l17" custom="readingOrder {index:16;}">
                <Coords points="2184,1528 2351,1481 2455,1530 2741,1481 2831,1531 3421,1464 3420,1418 3288,1401 3044,1446 2970,1401 2865,1445 2792,1393 2631,1444 2562,1396 2330,1447 2182,1409"/>
                <Baseline points="2192,1484 2253,1482 2314,1481 2375,1479 2436,1477 2497,1476 2558,1475 2619,1472 2680,1470 2741,1469 2802,1467 2863,1466 2924,1465 2985,1464 3046,1463 3107,1462 3168,1461 3229,1460 3290,1460 3351,1458 3413,1458"/>
                <Word id="r4l17_w1" custom="readingOrder {index:0;}">
                    <Coords points="2196,1441 2196,1501 2317,1501 2317,1441"/>
                    <TextEquiv>
                        <Unicode>stellen</Unicode>
                    </TextEquiv>
                </Word>
                <Word id="r4l17_w2" custom="readingOrder {index:1;}">
                    <Coords points="2329,1438 2329,1498 2477,1498 2477,1438"/>
                    <TextEquiv>
                        <Unicode>sollte,</Unicode>
                    </TextEquiv>
                </Word>
                <Word id="r4l17_w3" custom="readingOrder {index:2;}">
                    <Coords points="2501,1433 2501,1493 2660,1493 2660,1433"/>
                    <TextEquiv>
                        <Unicode>wordind</Unicode>
                    </TextEquiv>
                </Word>
                <Word id="r4l17_w4" custom="readingOrder {index:3;}">
                    <Coords points="2696,1429 2696,1489 2745,1489 2745,1429"/>
                    <TextEquiv>
                        <Unicode>Sie</Unicode>
                    </TextEquiv>
                </Word>
                <Word id="r4l17_w5" custom="readingOrder {index:4;}">
                    <Coords points="2770,1427 2770,1487 2818,1487 2818,1427"/>
                    <TextEquiv>
                        <Unicode>sie</Unicode>
                    </TextEquiv>
                </Word>
                <Word id="r4l17_w6" custom="readingOrder {index:5;}">
                    <Coords points="2842,1424 2842,1484 3014,1484 3014,1424"/>
                    <TextEquiv>
                        <Unicode>anhören,</Unicode>
                    </TextEquiv>
                </Word>
                <Word id="r4l17_w7" custom="readingOrder {index:6;}">
                    <Coords points="3038,1422 3038,1482 3112,1482 3112,1422"/>
                    <TextEquiv>
                        <Unicode>undt</Unicode>
                    </TextEquiv>
                </Word>
                <Word id="r4l17_w8" custom="readingOrder {index:7;}">
                    <Coords points="3149,1420 3149,1480 3209,1480 3209,1420"/>
                    <TextEquiv>
                        <Unicode>den</Unicode>
                    </TextEquiv>
                </Word>
                <Word id="r4l17_w9" custom="readingOrder {index:8;}">
                    <Coords points="3247,1419 3247,1479 3381,1479 3381,1419"/>
                    <TextEquiv>
                        <Unicode>bracht</Unicode>
                    </TextEquiv>
                </Word>
                <TextEquiv>
                    <Unicode>stellen sollte, wordind Sie sie anhören, undt den bracht</Unicode>
                </TextEquiv>
            </TextLine>
            <TextLine id="r4l18" custom="readingOrder {index:17;}">
                <Coords points="2180,1592 2218,1573 2255,1580 2270,1563 2280,1571 2294,1562 2350,1594 2373,1586 2433,1625 2424,1504 2396,1507 2348,1482 2309,1502 2277,1506 2262,1493 2214,1535 2176,1533"/>
                <Baseline points="2187,1578 2213,1576 2239,1572 2265,1569 2291,1567 2317,1564 2343,1563 2369,1562 2395,1563 2421,1565"/>
                <Word id="r4l18_w1" custom="readingOrder {index:0;}">
                    <Coords points="2192,1523 2192,1583 2443,1583 2443,1523"/>
                    <TextEquiv>
                        <Unicode>beyfürgen.</Unicode>
                    </TextEquiv>
                </Word>
                <TextEquiv>
                    <Unicode>beyfürgen.</Unicode>
                </TextEquiv>
            </TextLine>
            <TextLine id="r4l19" custom="readingOrder {index:18;}">
                <Coords points="2183,1754 2767,1681 2867,1753 3001,1688 3440,1698 3446,1620 3019,1593 2812,1635 2718,1584 2604,1633 2548,1592 2421,1665 2289,1620 2182,1658"/>
                <Baseline points="2190,1710 2252,1706 2314,1703 2377,1701 2439,1700 2502,1697 2564,1697 2626,1695 2689,1694 2751,1694 2814,1692 2876,1692 2938,1692 3001,1692 3063,1692 3126,1692 3188,1692 3250,1692 3313,1692 3375,1692 3438,1692"/>
                <Word id="r4l19_w1" custom="readingOrder {index:0;}">
                    <Coords points="2197,1669 2197,1729 2210,1729 2210,1669"/>
                    <TextEquiv>
                        <Unicode>N</Unicode>
                    </TextEquiv>
                </Word>
                <Word id="r4l19_w2" custom="readingOrder {index:1;}">
                    <Coords points="2288,1663 2288,1723 2326,1723 2326,1663"/>
                    <TextEquiv>
                        <Unicode>sie</Unicode>
                    </TextEquiv>
                </Word>
                <Word id="r4l19_w3" custom="readingOrder {index:2;}">
                    <Coords points="2339,1660 2339,1720 2430,1720 2430,1660"/>
                    <TextEquiv>
                        <Unicode>sagt</Unicode>
                    </TextEquiv>
                </Word>
                <Word id="r4l19_w4" custom="readingOrder {index:3;}">
                    <Coords points="2469,1657 2469,1717 2520,1717 2520,1657"/>
                    <TextEquiv>
                        <Unicode>die</Unicode>
                    </TextEquiv>
                </Word>
                <Word id="r4l19_w5" custom="readingOrder {index:4;}">
                    <Coords points="2547,1655 2547,1715 2664,1715 2664,1655"/>
                    <TextEquiv>
                        <Unicode>fosten</Unicode>
                    </TextEquiv>
                </Word>
                <Word id="r4l19_w6" custom="readingOrder {index:5;}">
                    <Coords points="2689,1652 2689,1712 2911,1712 2911,1652"/>
                    <TextEquiv>
                        <Unicode>beyschloff</Unicode>
                    </TextEquiv>
                </Word>
                <Word id="r4l19_w7" custom="readingOrder {index:6;}">
                    <Coords points="2936,1652 2936,1712 3001,1712 3001,1652"/>
                    <TextEquiv>
                        <Unicode>seie</Unicode>
                    </TextEquiv>
                </Word>
                <Word id="r4l19_w8" custom="readingOrder {index:7;}">
                    <Coords points="3040,1652 3040,1712 3209,1712 3209,1652"/>
                    <TextEquiv>
                        <Unicode>beschechen</Unicode>
                    </TextEquiv>
                </Word>
                <Word id="r4l19_w9" custom="readingOrder {index:8;}">
                    <Coords points="3234,1652 3234,1712 3274,1712 3274,1652"/>
                    <TextEquiv>
                        <Unicode>d.</Unicode>
                    </TextEquiv>
                </Word>
                <Word id="r4l19_w10" custom="readingOrder {index:9;}">
                    <Coords points="3287,1652 3287,1712 3325,1712 3325,1652"/>
                    <TextEquiv>
                        <Unicode>5.</Unicode>
                    </TextEquiv>
                </Word>
                <Word id="r4l19_w11" custom="readingOrder {index:10;}">
                    <Coords points="3338,1652 3338,1712 3456,1712 3456,1652"/>
                    <TextEquiv>
                        <Unicode>Mati</Unicode>
                    </TextEquiv>
                </Word>
                <TextEquiv>
                    <Unicode>N sie sagt die fosten beyschloff seie beschechen d. 5. Mati</Unicode>
                </TextEquiv>
            </TextLine>
            <TextLine id="r4l20" custom="readingOrder {index:19;}">
                <Coords points="2183,1807 2255,1844 2337,1791 2546,1781 2632,1849 3197,1776 3286,1828 3418,1775 3417,1700 2944,1695 2866,1752 2552,1694 2337,1773 2238,1722 2182,1755"/>
                <Baseline points="2190,1800 2251,1796 2312,1793 2373,1791 2434,1788 2495,1785 2556,1784 2617,1784 2678,1782 2739,1782 2800,1782 2861,1781 2922,1781 2983,1781 3044,1779 3105,1779 3166,1778 3227,1776 3288,1775 3349,1773 3410,1770"/>
                <Word id="r4l20_w1" custom="readingOrder {index:0;}">
                    <Coords points="2200,1756 2200,1816 2273,1816 2273,1756"/>
                    <TextEquiv>
                        <Unicode>alß</Unicode>
                    </TextEquiv>
                </Word>
                <Word id="r4l20_w2" custom="readingOrder {index:1;}">
                    <Coords points="2302,1752 2302,1812 2345,1812 2345,1752"/>
                    <TextEquiv>
                        <Unicode>an</Unicode>
                    </TextEquiv>
                </Word>
                <Word id="r4l20_w3" custom="readingOrder {index:2;}">
                    <Coords points="2390,1748 2390,1808 2463,1808 2463,1748"/>
                    <TextEquiv>
                        <Unicode>dem</Unicode>
                    </TextEquiv>
                </Word>
                <Word id="r4l20_w4" custom="readingOrder {index:3;}">
                    <Coords points="2506,1744 2506,1804 2667,1804 2667,1744"/>
                    <TextEquiv>
                        <Unicode>Murtz</Unicode>
                    </TextEquiv>
                </Word>
                <Word id="r4l20_w5" custom="readingOrder {index:4;}">
                    <Coords points="2696,1741 2696,1801 2930,1801 2930,1741"/>
                    <TextEquiv>
                        <Unicode>Fhoßnacht</Unicode>
                    </TextEquiv>
                </Word>
                <Word id="r4l20_w6" custom="readingOrder {index:5;}">
                    <Coords points="2959,1739 2959,1799 3105,1799 3105,1739"/>
                    <TextEquiv>
                        <Unicode>Mänt,</Unicode>
                    </TextEquiv>
                </Word>
                <Word id="r4l20_w7" custom="readingOrder {index:6;}">
                    <Coords points="3120,1737 3120,1797 3222,1797 3222,1737"/>
                    <TextEquiv>
                        <Unicode>undt</Unicode>
                    </TextEquiv>
                </Word>
                <Word id="r4l20_w8" custom="readingOrder {index:7;}">
                    <Coords points="3252,1733 3252,1793 3428,1793 3428,1733"/>
                    <TextEquiv>
                        <Unicode>Daßage</Unicode>
                    </TextEquiv>
                </Word>
                <TextEquiv>
                    <Unicode>alß an dem Murtz Fhoßnacht Mänt, undt Daßage</Unicode>
                </TextEquiv>
            </TextLine>
            <TextLine id="r4l21" custom="readingOrder {index:20;}">
                <Coords points="2164,1943 2193,1926 2236,1930 2265,1907 2284,1914 2314,1882 2340,1896 2369,1870 2450,1881 2444,1791 2404,1803 2369,1785 2345,1806 2299,1801 2253,1845 2221,1820 2191,1840 2157,1839"/>
                <Baseline points="2168,1880 2195,1880 2222,1880 2249,1878 2277,1875 2304,1873 2331,1871 2359,1869 2386,1867 2413,1866 2441,1865"/>
                <Word id="r4l21_w1" custom="readingOrder {index:0;}">
                    <Coords points="2170,1840 2170,1900 2234,1900 2234,1840"/>
                    <TextEquiv>
                        <Unicode>den</Unicode>
                    </TextEquiv>
                </Word>
                <Word id="r4l21_w2" custom="readingOrder {index:1;}">
                    <Coords points="2259,1834 2259,1894 2309,1894 2309,1834"/>
                    <TextEquiv>
                        <Unicode>6.</Unicode>
                    </TextEquiv>
                </Word>
                <Word id="r4l21_w3" custom="readingOrder {index:2;}">
                    <Coords points="2321,1826 2321,1886 2460,1886 2460,1826"/>
                    <TextEquiv>
                        <Unicode>dito.</Unicode>
                    </TextEquiv>
                </Word>
                <TextEquiv>
                    <Unicode>den 6. dito.</Unicode>
                </TextEquiv>
            </TextLine>
            <TextLine id="r4l22" custom="readingOrder {index:21;}">
                <Coords points="2179,2019 2433,1984 2479,2025 2756,1968 3006,1970 3103,2020 3375,1947 3373,1904 3284,1932 3189,1882 3124,1918 3002,1869 2624,1910 2485,1870 2176,1929"/>
                <Baseline points="2186,2000 2245,1998 2304,1995 2363,1992 2422,1989 2481,1988 2540,1985 2599,1982 2658,1980 2717,1977 2777,1975 2836,1973 2895,1970 2954,1968 3013,1965 3072,1962 3131,1961 3190,1958 3249,1956 3308,1953 3368,1950"/>
                <Word id="r4l22_w1" custom="readingOrder {index:0;}">
                    <Coords points="2191,1956 2191,2016 2362,2016 2362,1956"/>
                    <TextEquiv>
                        <Unicode>Epert.</Unicode>
                    </TextEquiv>
                </Word>
                <Word id="r4l22_w2" custom="readingOrder {index:1;}">
                    <Coords points="2387,1949 2387,2009 2428,2009 2428,1949"/>
                    <TextEquiv>
                        <Unicode>ad</Unicode>
                    </TextEquiv>
                </Word>
                <Word id="r4l22_w3" custom="readingOrder {index:2;}">
                    <Coords points="2453,1947 2453,2007 2532,2007 2532,1947"/>
                    <TextEquiv>
                        <Unicode>hg.</Unicode>
                    </TextEquiv>
                </Word>
                <Word id="r4l22_w4" custom="readingOrder {index:3;}">
                    <Coords points="2545,1942 2545,2002 2624,2002 2624,1942"/>
                    <TextEquiv>
                        <Unicode>fol.</Unicode>
                    </TextEquiv>
                </Word>
                <Word id="r4l22_w5" custom="readingOrder {index:4;}">
                    <Coords points="2637,1938 2637,1998 2728,1998 2728,1938"/>
                    <TextEquiv>
                        <Unicode>63.</Unicode>
                    </TextEquiv>
                </Word>
                <Word id="r4l22_w6" custom="readingOrder {index:5;}">
                    <Coords points="2781,1932 2781,1992 2899,1992 2899,1932"/>
                    <TextEquiv>
                        <Unicode>Wir</Unicode>
                    </TextEquiv>
                </Word>
                <Word id="r4l22_w7" custom="readingOrder {index:6;}">
                    <Coords points="2937,1923 2937,1983 3148,1983 3148,1923"/>
                    <TextEquiv>
                        <Unicode>Richtert.</Unicode>
                    </TextEquiv>
                </Word>
                <Word id="r4l22_w8" custom="readingOrder {index:7;}">
                    <Coords points="3161,1915 3161,1975 3357,1975 3357,1915"/>
                    <TextEquiv>
                        <Unicode>demnach</Unicode>
                    </TextEquiv>
                </Word>
                <TextEquiv>
                    <Unicode>Epert. ad hg. fol. 63. Wir Richtert. demnach</Unicode>
                </TextEquiv>
            </TextLine>
            <TextLine id="r4l23" custom="readingOrder {index:22;}">
                <Coords points="2176,2092 2519,2112 2807,2058 2982,2118 3099,2046 3287,2041 3381,2098 3447,2075 3443,1980 3266,1964 3101,2019 3004,1968 2908,2006 2742,1969 2486,2028 2431,1984 2174,2054"/>
                <Baseline points="2183,2087 2245,2084 2308,2082 2371,2079 2434,2076 2496,2073 2559,2070 2622,2067 2685,2063 2747,2060 2810,2057 2873,2054 2936,2051 2998,2049 3061,2045 3124,2043 3187,2041 3249,2039 3312,2037 3375,2036 3438,2036"/>
                <Word id="r4l23_w1" custom="readingOrder {index:0;}">
                    <Coords points="2190,2045 2190,2105 2229,2105 2229,2045"/>
                    <TextEquiv>
                        <Unicode>in</Unicode>
                    </TextEquiv>
                </Word>
                <Word id="r4l23_w2" custom="readingOrder {index:1;}">
                    <Coords points="2270,2042 2270,2102 2336,2102 2336,2042"/>
                    <TextEquiv>
                        <Unicode>dem</Unicode>
                    </TextEquiv>
                </Word>
                <Word id="r4l23_w3" custom="readingOrder {index:2;}">
                    <Coords points="2416,2032 2416,2092 2616,2092 2616,2032"/>
                    <TextEquiv>
                        <Unicode>Obüschen</Unicode>
                    </TextEquiv>
                </Word>
                <Word id="r4l23_w4" custom="readingOrder {index:3;}">
                    <Coords points="2655,2019 2655,2079 2855,2079 2855,2019"/>
                    <TextEquiv>
                        <Unicode>Susanne</Unicode>
                    </TextEquiv>
                </Word>
                <Word id="r4l23_w5" custom="readingOrder {index:4;}">
                    <Coords points="2922,2008 2922,2068 3096,2068 3096,2008"/>
                    <TextEquiv>
                        <Unicode>Schweyer</Unicode>
                    </TextEquiv>
                </Word>
                <Word id="r4l23_w6" custom="readingOrder {index:5;}">
                    <Coords points="3122,2001 3122,2061 3202,2061 3202,2001"/>
                    <TextEquiv>
                        <Unicode>von</Unicode>
                    </TextEquiv>
                </Word>
                <Word id="r4l23_w7" custom="readingOrder {index:6;}">
                    <Coords points="3229,1996 3229,2056 3442,2056 3442,1996"/>
                    <TextEquiv>
                        <Unicode>Neluwenchge</Unicode>
                    </TextEquiv>
                </Word>
                <TextEquiv>
                    <Unicode>in dem Obüschen Susanne Schweyer von Neluwenchge</Unicode>
                </TextEquiv>
            </TextLine>
            <TextLine id="r4l24" custom="readingOrder {index:23;}">
                <Coords points="2177,2226 2253,2181 2336,2211 2866,2148 2976,2188 3185,2129 3440,2133 3438,2087 3285,2049 3034,2068 2982,2118 2643,2065 2527,2128 2413,2085 2172,2099"/>
                <Baseline points="2183,2162 2245,2163 2307,2162 2370,2162 2432,2160 2495,2159 2557,2157 2619,2154 2682,2151 2744,2150 2807,2146 2869,2143 2931,2139 2994,2136 3056,2134 3119,2131 3181,2129 3243,2126 3306,2123 3368,2121 3431,2120"/>
                <Word id="r4l24_w1" custom="readingOrder {index:0;}">
                    <Coords points="2183,2122 2183,2182 2259,2182 2259,2122"/>
                    <TextEquiv>
                        <Unicode>und</Unicode>
                    </TextEquiv>
                </Word>
                <Word id="r4l24_w2" custom="readingOrder {index:1;}">
                    <Coords points="2281,2122 2281,2182 2347,2182 2347,2122"/>
                    <TextEquiv>
                        <Unicode>H.</Unicode>
                    </TextEquiv>
                </Word>
                <Word id="r4l24_w3" custom="readingOrder {index:2;}">
                    <Coords points="2369,2119 2369,2179 2565,2179 2565,2119"/>
                    <TextEquiv>
                        <Unicode>Albrecht</Unicode>
                    </TextEquiv>
                </Word>
                <Word id="r4l24_w4" custom="readingOrder {index:3;}">
                    <Coords points="2597,2111 2597,2171 2750,2171 2750,2111"/>
                    <TextEquiv>
                        <Unicode>Knecht</Unicode>
                    </TextEquiv>
                </Word>
                <Word id="r4l24_w5" custom="readingOrder {index:4;}">
                    <Coords points="2806,2103 2806,2163 2892,2163 2892,2103"/>
                    <TextEquiv>
                        <Unicode>von</Unicode>
                    </TextEquiv>
                </Word>
                <Word id="r4l24_w6" custom="readingOrder {index:5;}">
                    <Coords points="2957,2094 2957,2154 3099,2154 3099,2094"/>
                    <TextEquiv>
                        <Unicode>allhier</Unicode>
                    </TextEquiv>
                </Word>
                <Word id="r4l24_w7" custom="readingOrder {index:6;}">
                    <Coords points="3133,2085 3133,2145 3383,2145 3383,2085"/>
                    <TextEquiv>
                        <Unicode>woltenden</Unicode>
                    </TextEquiv>
                </Word>
                <TextEquiv>
                    <Unicode>und H. Albrecht Knecht von allhier woltenden</Unicode>
                </TextEquiv>
            </TextLine>
            <TextLine id="r4l25" custom="readingOrder {index:24;}">
                <Coords points="1909,2232 1943,2225 1974,2247 1998,2226 2049,2259 2077,2237 2116,2256 2153,2229 2182,2247 2187,2137 2144,2165 2119,2166 2070,2139 2053,2152 2020,2144 1991,2159 1976,2143 1947,2148 1913,2131"/>
                <Baseline points="1919,2202 1944,2206 1970,2208 1995,2210 2021,2212 2047,2213 2072,2214 2098,2214 2123,2214 2149,2214 2175,2213"/>
                <Word id="r4l25_w1" custom="readingOrder {index:0;}">
                    <Coords points="1910,2168 1910,2228 2034,2228 2034,2168"/>
                    <TextEquiv>
                        <Unicode>Kircht</Unicode>
                    </TextEquiv>
                </Word>
                <Word id="r4l25_w2" custom="readingOrder {index:1;}">
                    <Coords points="2048,2174 2048,2234 2097,2234 2097,2174"/>
                    <TextEquiv>
                        <Unicode>.</Unicode>
                    </TextEquiv>
                </Word>
                <Word id="r4l25_w3" custom="readingOrder {index:2;}">
                    <Coords points="2109,2173 2109,2233 2197,2233 2197,2173"/>
                    <TextEquiv>
                        <Unicode>Cona¬</Unicode>
                    </TextEquiv>
                </Word>
                <TextEquiv>
                    <Unicode>Kircht . Cona¬</Unicode>
                </TextEquiv>
            </TextLine>
            <TextLine id="r4l26" custom="readingOrder {index:25;}">
                <Coords points="2204,2280 2612,2289 2798,2243 2886,2301 2986,2235 3455,2215 3335,2135 3231,2197 2676,2152 2517,2213 2433,2170 2201,2209"/>
                <Baseline points="2210,2253 2271,2253 2333,2253 2395,2253 2457,2253 2519,2252 2580,2250 2642,2247 2704,2246 2766,2243 2828,2240 2889,2237 2951,2234 3013,2230 3075,2226 3137,2223 3198,2219 3260,2216 3322,2212 3384,2208 3446,2204"/>
                <Word id="r4l26_w1" custom="readingOrder {index:0;}">
                    <Coords points="2202,2213 2202,2273 2454,2273 2454,2213"/>
                    <TextEquiv>
                        <Unicode>Consistorial</Unicode>
                    </TextEquiv>
                </Word>
                <Word id="r4l26_w2" custom="readingOrder {index:1;}">
                    <Coords points="2500,2208 2500,2268 2718,2268 2718,2208"/>
                    <TextEquiv>
                        <Unicode>geschäfft</Unicode>
                    </TextEquiv>
                </Word>
                <Word id="r4l26_w3" custom="readingOrder {index:2;}">
                    <Coords points="2752,2202 2752,2262 2799,2262 2799,2202"/>
                    <TextEquiv>
                        <Unicode>Er</Unicode>
                    </TextEquiv>
                </Word>
                <Word id="r4l26_w4" custom="readingOrder {index:3;}">
                    <Coords points="2832,2198 2832,2258 2879,2258 2879,2198"/>
                    <TextEquiv>
                        <Unicode>zu</Unicode>
                    </TextEquiv>
                </Word>
                <Word id="r4l26_w5" custom="readingOrder {index:4;}">
                    <Coords points="2924,2192 2924,2252 3016,2252 3016,2192"/>
                    <TextEquiv>
                        <Unicode>thun</Unicode>
                    </TextEquiv>
                </Word>
                <Word id="r4l26_w6" custom="readingOrder {index:5;}">
                    <Coords points="3050,2184 3050,2244 3153,2244 3153,2184"/>
                    <TextEquiv>
                        <Unicode>ware</Unicode>
                    </TextEquiv>
                </Word>
                <Word id="r4l26_w7" custom="readingOrder {index:6;}">
                    <Coords points="3211,2176 3211,2236 3303,2236 3303,2176"/>
                    <TextEquiv>
                        <Unicode>undt</Unicode>
                    </TextEquiv>
                </Word>
                <Word id="r4l26_w8" custom="readingOrder {index:7;}">
                    <Coords points="3326,2169 3326,2229 3407,2229 3407,2169"/>
                    <TextEquiv>
                        <Unicode>Vor</Unicode>
                    </TextEquiv>
                </Word>
                <TextEquiv>
                    <Unicode>Consistorial geschäfft Er zu thun ware undt Vor</Unicode>
                </TextEquiv>
            </TextLine>
            <TextLine id="r4l27" custom="readingOrder {index:26;}">
                <Coords points="1894,2336 1943,2318 2066,2346 2090,2328 2122,2360 2137,2353 2180,2367 2179,2267 2127,2266 2084,2238 2049,2259 2019,2249 1962,2261 1931,2242 1893,2250"/>
                <Baseline points="1902,2310 1929,2314 1956,2317 1983,2318 2010,2319 2037,2318 2064,2317 2091,2316 2118,2313 2145,2311 2172,2310"/>
                <Word id="r4l27_w1" custom="readingOrder {index:0;}">
                    <Coords points="1906,2278 1906,2338 2066,2338 2066,2278"/>
                    <TextEquiv>
                        <Unicode>dunauler</Unicode>
                    </TextEquiv>
                </Word>
                <Word id="r4l27_w2" custom="readingOrder {index:1;}">
                    <Coords points="2079,2272 2079,2332 2176,2332 2176,2272"/>
                    <TextEquiv>
                        <Unicode>danit</Unicode>
                    </TextEquiv>
                </Word>
                <TextEquiv>
                    <Unicode>dunauler danit</Unicode>
                </TextEquiv>
            </TextLine>
            <TextLine id="r4l28" custom="readingOrder {index:27;}">
                <Coords points="2180,2384 3419,2324 3415,2245 3269,2278 3204,2235 3083,2276 2986,2236 2886,2303 2722,2252 2563,2326 2394,2262 2175,2275"/>
                <Baseline points="2186,2351 2247,2352 2308,2352 2369,2353 2430,2352 2492,2351 2553,2349 2614,2346 2675,2343 2736,2340 2798,2336 2859,2333 2920,2329 2981,2325 3042,2320 3104,2317 3165,2313 3226,2309 3287,2306 3348,2303 3410,2301"/>
                <Word id="r4l28_w1" custom="readingOrder {index:0;}">
                    <Coords points="2189,2311 2189,2371 2289,2371 2289,2311"/>
                    <TextEquiv>
                        <Unicode>Uuß</Unicode>
                    </TextEquiv>
                </Word>
                <Word id="r4l28_w2" custom="readingOrder {index:1;}">
                    <Coords points="2338,2312 2338,2372 2389,2372 2389,2312"/>
                    <TextEquiv>
                        <Unicode>die</Unicode>
                    </TextEquiv>
                </Word>
                <Word id="r4l28_w3" custom="readingOrder {index:2;}">
                    <Coords points="2439,2311 2439,2371 2540,2371 2540,2311"/>
                    <TextEquiv>
                        <Unicode>frag</Unicode>
                    </TextEquiv>
                </Word>
                <Word id="r4l28_w4" custom="readingOrder {index:3;}">
                    <Coords points="2577,2301 2577,2361 2827,2361 2827,2301"/>
                    <TextEquiv>
                        <Unicode>gefallen,</Unicode>
                    </TextEquiv>
                </Word>
                <Word id="r4l28_w5" custom="readingOrder {index:4;}">
                    <Coords points="2864,2291 2864,2351 2915,2351 2915,2291"/>
                    <TextEquiv>
                        <Unicode>ob</Unicode>
                    </TextEquiv>
                </Word>
                <Word id="r4l28_w6" custom="readingOrder {index:5;}">
                    <Coords points="2952,2281 2952,2341 3103,2341 3103,2281"/>
                    <TextEquiv>
                        <Unicode>daniel</Unicode>
                    </TextEquiv>
                </Word>
                <Word id="r4l28_w7" custom="readingOrder {index:6;}">
                    <Coords points="3152,2266 3152,2326 3390,2326 3390,2266"/>
                    <TextEquiv>
                        <Unicode>dunaulers</Unicode>
                    </TextEquiv>
                </Word>
                <TextEquiv>
                    <Unicode>Uuß die frag gefallen, ob daniel dunaulers</Unicode>
                </TextEquiv>
            </TextLine>
            <TextLine id="r4l29" custom="readingOrder {index:28;}">
                <Coords points="2126,2481 2374,2490 2601,2428 2861,2480 3022,2408 3353,2424 3383,2357 3236,2314 3010,2384 2684,2349 2434,2415 2346,2364 2302,2409 2120,2372"/>
                <Baseline points="2132,2451 2194,2450 2256,2449 2318,2447 2381,2444 2443,2442 2505,2439 2567,2436 2630,2433 2692,2430 2754,2427 2816,2424 2879,2420 2941,2417 3003,2413 3065,2410 3128,2406 3190,2402 3252,2399 3314,2397 3377,2393"/>
                <Word id="r4l29_w1" custom="readingOrder {index:0;}">
                    <Coords points="2156,2409 2156,2469 2250,2469 2250,2409"/>
                    <TextEquiv>
                        <Unicode>von</Unicode>
                    </TextEquiv>
                </Word>
                <Word id="r4l29_w2" custom="readingOrder {index:1;}">
                    <Coords points="2296,2403 2296,2463 2471,2463 2471,2403"/>
                    <TextEquiv>
                        <Unicode>Karsatz</Unicode>
                    </TextEquiv>
                </Word>
                <Word id="r4l29_w3" custom="readingOrder {index:2;}">
                    <Coords points="2495,2397 2495,2457 2588,2457 2588,2397"/>
                    <TextEquiv>
                        <Unicode>undt</Unicode>
                    </TextEquiv>
                </Word>
                <Word id="r4l29_w4" custom="readingOrder {index:3;}">
                    <Coords points="2611,2391 2611,2451 2716,2451 2716,2391"/>
                    <TextEquiv>
                        <Unicode>seiner</Unicode>
                    </TextEquiv>
                </Word>
                <Word id="r4l29_w5" custom="readingOrder {index:4;}">
                    <Coords points="2753,2379 2753,2439 3010,2439 3010,2379"/>
                    <TextEquiv>
                        <Unicode>schwangeren</Unicode>
                    </TextEquiv>
                </Word>
                <Word id="r4l29_w6" custom="readingOrder {index:5;}">
                    <Coords points="3067,2361 3067,2421 3325,2421 3325,2361"/>
                    <TextEquiv>
                        <Unicode>Ehefrauten</Unicode>
                    </TextEquiv>
                </Word>
                <TextEquiv>
                    <Unicode>von Karsatz undt seiner schwangeren Ehefrauten</Unicode>
                </TextEquiv>
            </TextLine>
            <TextLine id="r4l30" custom="readingOrder {index:29;}">
                <Coords points="2159,2599 2295,2600 2397,2538 2537,2592 2615,2554 2687,2595 2910,2543 2982,2584 3052,2542 3154,2564 3320,2512 3318,2454 3006,2501 2825,2450 2761,2501 2671,2459 2559,2501 2479,2458 2345,2494 2229,2458 2156,2508"/>
                <Baseline points="2165,2544 2222,2541 2279,2538 2336,2537 2394,2535 2451,2534 2508,2532 2566,2531 2623,2529 2680,2528 2738,2528 2795,2526 2852,2525 2909,2523 2967,2521 3024,2518 3081,2515 3139,2512 3196,2508 3253,2504 3311,2498"/>
                <Word id="r4l30_w1" custom="readingOrder {index:0;}">
                    <Coords points="2171,2499 2171,2559 2316,2559 2316,2499"/>
                    <TextEquiv>
                        <Unicode>diesers</Unicode>
                    </TextEquiv>
                </Word>
                <Word id="r4l30_w2" custom="readingOrder {index:1;}">
                    <Coords points="2342,2494 2342,2554 2527,2554 2527,2494"/>
                    <TextEquiv>
                        <Unicode>handels</Unicode>
                    </TextEquiv>
                </Word>
                <Word id="r4l30_w3" custom="readingOrder {index:2;}">
                    <Coords points="2566,2489 2566,2549 2671,2549 2671,2489"/>
                    <TextEquiv>
                        <Unicode>halb</Unicode>
                    </TextEquiv>
                </Word>
                <Word id="r4l30_w4" custom="readingOrder {index:3;}">
                    <Coords points="2723,2485 2723,2545 2921,2545 2921,2485"/>
                    <TextEquiv>
                        <Unicode>gethane</Unicode>
                    </TextEquiv>
                </Word>
                <Word id="r4l30_w5" custom="readingOrder {index:4;}">
                    <Coords points="2974,2473 2974,2533 3263,2533 3263,2473"/>
                    <TextEquiv>
                        <Unicode>außdragen,</Unicode>
                    </TextEquiv>
                </Word>
                <TextEquiv>
                    <Unicode>diesers handels halb gethane außdragen,</Unicode>
                </TextEquiv>
            </TextLine>
            <TextEquiv>
                <Unicode></Unicode>
            </TextEquiv>
        </TextRegion>
    </Page>
</PcGts>
