4032 3024
436 294 527 354 90f

734 321 841 381 welche
861 314 932 374 von
967 302 1094 362 Uasher
1112 290 1238 350 bhl.
1256 279 1474 339 Schultkoß
1527 277 1689 337 Knrcht
1727 289 1798 349 Son

710 423 913 483 Bugdorff
927 410 1035 470 nicht
1062 398 1210 458 allein
1250 387 1401 447 heiter
1427 385 1685 445 vermeinret,
1698 398 1862 458 sondern

735 515 852 575 beyden
878 508 944 568 alß
1008 496 1231 556 Geseugen
1256 483 1530 543 verwooffen
1556 479 1726 539 worden,
1739 481 1829 541 also

713 607 858 667 hültig
871 600 1076 660 ansprechen
1149 589 1270 649 undt
1294 582 1366 642 der
1390 575 1572 635 Ehemann
1609 571 1741 631 seine
1779 571 1852 631 mit

727 707 794 767 dem
836 701 931 761 Eydt
971 689 1283 749 zubestätigen
1310 677 1405 737 habe
1432 670 1527 730 solle
1554 664 1636 724 oder
1663 659 1744 719 mit
1758 655 1784 715 2

713 802 784 862 da
825 795 937 855 dann
966 788 1119 848 Ubehern
1148 777 1372 837 Schultheiß
1428 768 1470 828 zu
1526 755 1834 815 behaubtung

725 892 846 952 seines
887 880 1156 940 Recuisation
1224 871 1493 931 angefügt,
1521 861 1589 921 daß
1642 850 1751 910 weile

730 976 911 1036 gemelter
947 967 1178 1027 dunauter
1202 960 1274 1020 sich
1300 954 1458 1014 berets
1494 947 1603 1007 dahin
1627 941 1871 1001 außgelaßen

719 1063 800 1123 mit
814 1060 895 1120 Ihme
922 1055 1112 1115 innahmen
1139 1049 1220 1109 nuß
1275 1042 1423 1102 Sohns
1437 1038 1478 1098 in
1518 1034 1640 1094 Einen
1682 1029 1817 1089 solchen

718 1159 903 1219 Veöglich
916 1151 1102 1211 getrtten
1128 1144 1314 1204 sisein,
1340 1140 1405 1200 daß
1459 1137 1498 1197 zu
1539 1130 1790 1190 verdokung

723 1248 1019 1308 quaestonirlich
1048 1246 1197 1306 fähles
1226 1242 1447 1302 derselbige
1476 1234 1551 1294 sich
1581 1229 1654 1289 alß
1700 1217 1773 1277 Ein

691 1348 895 1408 Kippko
940 1342 1231 1402 dargestellt,
1245 1337 1536 1397 einfolglich
1565 1324 1666 1384 nach
1711 1312 1768 1372 der

733 1438 928 1498 Ordnung
969 1435 1193 1495 härtiglich
1234 1433 1459 1493 gestafft
1486 1432 1597 1492 undt
1611 1429 1820 1489 angesehen

729 1528 861 1588 werden
909 1529 1005 1589 solle
1041 1530 1150 1590 undt
1173 1529 1258 1589 also
1282 1527 1353 1587 zum
1426 1520 1653 1580 heögnuß,
1678 1510 1749 1570 wie

744 1616 845 1676 auch
862 1620 979 1680 seine
1012 1623 1078 1683 Ehe
1096 1625 1246 1685 damls
1263 1625 1312 1685 in
1347 1622 1481 1682 dieser
1497 1608 1814 1668 sachalledinges

748 1722 868 1782 mich,
896 1720 990 1780 war
1003 1720 1110 1780 umb
1138 1720 1177 1780 so
1205 1720 1392 1780 weniger
1445 1710 1715 1770 zuläßlich
1741 1687 1821 1747 sein

738 1809 876 1869 konne
921 1814 1012 1874 alß
1073 1818 1120 1878 Er
1135 1820 1226 1880 sich
1271 1820 1470 1880 zugleich
1500 1815 1576 1875 alß
1637 1801 1775 1861 einen

740 1911 883 1971 Kleger
925 1911 1026 1971 gegen
1071 1916 1200 1976 Ihme
1228 1930 1474 1990 auffbroffe
1502 1934 1589 1994 etc,
1617 1930 1704 1990 daß

751 1999 868 2059 daran
904 2001 973 2061 Ihm
1021 2009 1162 2069 WWis
1174 2014 1256 2074 nach
1291 2021 1573 2081 gründtliches
1597 2009 1820 2069 erdaubung

732 2077 922 2137 Drsachen
972 2089 1048 2149 und
1087 2100 1339 2160 überlegung
1378 2106 1415 2166 ob
1440 2104 1642 2164 vermelt
1681 2095 1832 2155 ange¬

771 2162 955 2222 brachten
999 2175 1169 2235 grunden
1211 2189 1439 2249 einmütig
1469 2190 1667 2250 hierdurch
1695 2174 1809 2234 he¬

751 2242 901 2302 funden
938 2248 1013 2308 und
1052 2259 1202 2319 Erbent,
1214 2267 1289 2327 daß
1326 2272 1364 2332 in
1413 2276 1639 2336 bedenken
1663 2261 1838 2321 Worge¬

737 2327 931 2387 dachter
960 2339 1170 2399 dunauloer
1197 2351 1294 2411 seine
1323 2358 1574 2418 Deposition
1614 2347 1727 2407 auff

756 2410 947 2470 pehorden
981 2420 1052 2480 deß
1103 2431 1277 2491 Richtes
1314 2439 1505 2499 Sonsich
1539 2430 1818 2490 gebnmüeßen

1927 1238 2143 1298 bollingen

1920 1328 2080 1388 hättaig

1897 1407 2026 1467 Veigesh
2090 1394 2171 1454 e¬

3347 247 3403 307 91

2212 300 2399 360 Mittihm
2438 293 2599 353 dieselbe
2625 299 2693 359 das
2732 306 2866 366 gleiche
2893 317 3107 377 geschäfft
3134 319 3254 379 darein
3268 313 3347 373 stein

2221 383 2429 443 Vermeint
2456 379 2650 439 Verbehn
2663 386 2938 446 Versimsel,
2977 395 3186 455 betreffen
3237 392 3341 452 thut

2220 469 2385 529 stodann
2420 467 2561 527 annoch
2586 470 2939 530 ohnbeurtheilet
2964 476 3045 536 ist,
3070 478 3175 538 auff
3211 478 3293 538 woas
3316 478 3399 538 fuß

2213 558 2261 618 Er
2285 548 2512 608 dunaules
2549 541 2813 601 anzusechen
2848 541 2933 601 sein
3005 542 3137 602 wolle
3197 545 3293 605 Also
3317 548 3412 608 solle

2226 645 2280 705 Er
2319 640 2345 700 so
2372 634 2465 694 wohl
2504 627 2570 687 alß
2611 621 2716 681 seine
2783 615 3034 675 Ehesraut
3086 613 3127 673 zu
3166 614 3338 674 zeügen

2233 725 2472 785 admittiot
2496 712 2622 772 sein,
2646 705 2759 765 undt
2784 700 2998 760 demnach
3049 694 3148 754 seine
3174 692 3388 752 außaage¬

2216 811 2309 871 mit
2335 809 2389 869 dem
2454 800 2773 860 Erdafbegeben
2814 785 3040 845 bestltiget
3079 778 3200 838 werden
3227 778 3281 838 etc.

2214 932 2358 992 Winet
2384 931 2436 991 2o
2462 928 2581 988 fegn:
2594 926 2661 986 4.
2674 923 2752 983 sub
2780 919 2858 979 Fol.
2871 915 2950 975 78.
2976 908 3108 968 Mis
3134 897 3292 957 Richtes
3318 887 3372 947 etc.

2188 1024 2403 1084 alßdann
2443 1015 2538 1075 Unß
2578 1005 2833 1065 mißfellig
2873 986 3169 1046 hinderbracht
3196 969 3344 1029 worden

2198 1115 2251 1175 ob
2265 1107 2373 1167 wäre
2415 1090 2713 1150 vergangenen
2753 1081 2835 1141 huch
2875 1075 3039 1135 bätter
3065 1067 3174 1127 beym
3216 1050 3393 1110 Bodt¬

2226 1198 2329 1258 hauß
2367 1185 2407 1245 in
2432 1178 2510 1238 des
2549 1166 2873 1226 morgenpfredig
2899 1157 3027 1217 Erlyn
3067 1140 3405 1200 Sieckenhauß¬

2225 1272 2551 1332 vinderheitlich
2580 1256 2680 1316 aber
2708 1252 2750 1312 in
2806 1249 2892 1309 der
2934 1245 3119 1305 Abende
3149 1233 3333 1293 Pfredig
3361 1217 3404 1277 zu

2204 1378 2420 1438 Hollingen
2461 1363 2543 1423 eine
2569 1356 2650 1416 sehr
2665 1349 2921 1409 anstößige
2961 1342 3166 1402 Ergernuß
3206 1333 3451 1393 vorgegangen,

2188 1480 2338 1540 Jahres
2369 1465 2474 1525 Unß
2504 1453 2744 1513 pflichts
2760 1442 2910 1502 halben
2939 1432 3240 1492 Lauttheiler

2204 1565 2469 1625 geschwornen
2535 1546 2668 1606 Eyden
2735 1534 2933 1594 billiches
2959 1524 3131 1584 maßen
3172 1510 3357 1570 obliget

2190 1674 2309 1734 alleß
2363 1660 2443 1720 das
2469 1649 2603 1709 Jenige
2642 1634 2936 1694 vorzukehren
3029 1619 3136 1679 auch
3176 1613 3323 1673 damit
3349 1608 3441 1668 sicht

2212 1755 2309 1815 undt
2322 1743 2558 1803 Ehrbarkeit
2572 1731 2849 1791 erhalten,
2891 1718 3168 1778 dergleichen
3196 1701 3376 1761 traubte

2191 1846 2345 1906 große
2372 1828 2623 1888 Seandala
2680 1819 2735 1879 an
2777 1816 2916 1876 solchen
2945 1810 3070 1870 He.
3099 1791 3335 1851 Cristagen

2197 1927 2463 1987 entdebet,
2475 1920 2564 1980 undt
2602 1916 2652 1976 die
2691 1911 2956 1971 fählbaren
3019 1904 3058 1964 in
3083 1902 3145 1962 die
3170 1891 3411 1951 gebührende

2197 2032 2363 2092 straff
2403 2017 2568 2077 gesogen
2595 2010 2723 2070 werden
2774 2002 2979 2062 kömind,
3004 1994 3184 2054 habendt
3209 1985 3312 2045 Wir
3337 1976 3427 2036 auch

2210 2124 2490 2184 alsobaldt
2505 2110 2623 2170 auff
2638 2106 2710 2166 die
2740 2101 2785 2161 an
2829 2098 2947 2158 Vuß
3020 2092 3228 2152 beschehen
3257 2082 3448 2142 pommerung

2207 2214 2255 2274 Im
2318 2210 2390 2270 die
2428 2203 2674 2263 Ehebarket
2711 2197 2748 2257 zu
2809 2190 3056 2250 bollingen
3081 2178 3339 2238 ansinnen

2185 2316 2375 2376 laßen,
2404 2309 2477 2369 mit
2522 2300 2784 2360 befinderung
2830 2290 2888 2350 die
2931 2283 3078 2343 gantze
3107 2272 3414 2332 hergangnheit

2187 2405 2289 2465 undt
2315 2402 2393 2462 bey
2431 2400 2482 2460 der
2508 2397 2716 2457 Nohebers
2741 2393 2805 2453 der
2843 2392 2882 2452 zu
2934 2387 3102 2447 höchster
3128 2380 3410 2440 entheiligung

2194 2500 2267 2560 deß
2311 2491 2636 2551 angeordneten
2695 2486 2769 2546 buß
2813 2482 2917 2542 undt
2961 2476 3153 2536 bättagt
3197 2464 3403 2524 gegebene
