4032 3024
444 262 574 322 4.

729 305 892 365 fagrnuß
930 294 1006 354 sein
1031 287 1130 347 möge
1181 281 1219 341 zu
1243 275 1507 335 überschrieben
1621 276 1695 336 Ehe
1722 280 1809 340 undt

715 419 842 479 hevor
857 406 942 466 aber
970 395 1085 455 dieses
1127 381 1312 441 Sschreiben
1370 372 1412 432 an
1469 370 1527 430 die
1555 370 1811 430 Ehrbarbeit

726 509 944 569 gelanget,
959 499 1037 559 hat
1070 493 1131 553 der
1163 484 1240 544 H.
1272 471 1536 531 Pfredicent
1568 463 1614 523 an
1646 460 1834 520 Uaß¬

731 602 883 662 mitdem
933 597 998 657 17.
1023 592 1100 652 76.
1112 578 1367 638 ablauffen
1379 563 1519 623 laßen,
1544 559 1633 619 war
1671 562 1813 622 Ergl.

724 689 813 749 auß
842 679 1165 739 mittkommendes
1194 668 1328 728 Copia
1386 661 1474 721 mit
1503 658 1651 718 Har.
1666 658 1829 718 beheich¬

705 779 804 839 nuet
843 771 1042 831 zursechen
1055 765 1168 825 haben
1194 758 1381 818 werden.
1406 749 1607 809 Hierüber
1644 740 1744 800 nun

730 879 918 939 habendt
952 865 1069 925 Wir
1105 858 1152 918 die
1163 855 1199 915 in
1234 851 1269 911 ob
1293 841 1621 901 kewambsetem
1667 833 1831 893 schreiben

704 966 980 1026 Interthirte
1019 949 1230 1009 Hrorn,
1256 938 1321 998 wie
1336 933 1427 993 auf
1467 928 1532 988 den
1558 924 1638 984 H.
1651 922 1836 982 Sraiden¬

714 1060 806 1120 nach
845 1052 950 1112 Stege
990 1044 1095 1104 von
1159 1029 1567 1089 Ostermundigen,
1580 1015 1723 1075 welchen
1738 1011 1802 1071 die

749 1147 812 1207 sach
850 1143 915 1203 zum
965 1138 1131 1198 meistern
1183 1130 1387 1190 berühret,
1412 1122 1502 1182 vor
1540 1115 1642 1175 Raß
1693 1103 1833 1163 Citisen

750 1243 942 1303 läßen,
979 1238 1027 1298 da
1076 1234 1184 1294 dann
1244 1228 1305 1288 die
1352 1218 1534 1278 Ersteren
1557 1206 1666 1266 über
1690 1195 1763 1255 die

721 1332 777 1392 an
805 1330 876 1390 Sie
904 1328 1073 1388 gethane
1117 1323 1357 1383 mundtliche
1385 1316 1611 1376 ernstliche
1639 1304 1866 1364 vorstellung

711 1423 849 1483 rgenn
882 1421 944 1481 Ihr
975 1418 1209 1478 außagen
1240 1414 1286 1474 von
1302 1412 1381 1472 sich
1411 1407 1567 1467 gegeben
1598 1399 1662 1459 Sie
1692 1390 1769 1450 auß

713 1520 861 1580 Noct.
878 1519 967 1579 Ihro
997 1519 1191 1579 berichten
1251 1514 1519 1574 zursechen.
1550 1496 1805 1556 Nachdeme

719 1612 829 1672 Wir
842 1612 909 1672 auch
951 1612 1005 1672 Ihr
1047 1614 1114 1674 H.
1143 1616 1306 1676 Steiger
1361 1611 1538 1671 darüber
1565 1602 1607 1662 zu
1647 1587 1770 1647 Redt

726 1708 896 1768 gestelt
923 1711 979 1771 hat
1009 1712 1178 1772 dierselbe
1220 1707 1502 1767 anfängklich
1544 1693 1616 1753 sich
1644 1677 1827 1737 sämblich

725 1808 1029 1868 ohngebühlich
1046 1814 1317 1874 aufgesucht
1333 1812 1385 1872 so
1402 1809 1468 1869 daß
1536 1797 1637 1857 Wir
1671 1782 1722 1842 zu

725 1908 915 1968 rettung
942 1916 1295 1976 deßgebührenden
1323 1905 1582 1965 Respects
1608 1882 1785 1942 Unsers

737 1999 944 2059 Tibwold
985 2005 1275 2065 bemürßiget
1318 2004 1511 2064 worden,
1539 1996 1636 2056 Ihme
1663 1989 1718 2049 die

736 2083 897 2143 mehren
924 2089 1233 2149 Eherbiettung
1274 2099 1395 2159 gantz
1409 2092 1759 2152 ernsmeinendt

740 2174 1052 2234 einzuschrochfen
1101 2184 1216 2244 undt
1249 2188 1283 2248 zu
1316 2191 1496 2251 detieitz
1547 2180 1628 2240 Alß
1679 2158 1776 2218 Wir

741 2267 828 2327 nun
867 2268 941 2328 Ihne
978 2278 1293 2338 punctilation
1330 2285 1443 2345 über
1480 2282 1542 2342 die
1556 2279 1593 2339 in
1618 2268 1805 2328 ange¬

724 2354 892 2414 vogten
933 2365 1114 2425 schieben
1144 2374 1366 2434 enthalter
1409 2375 1520 2435 Klag
1547 2365 1731 2425 zsumte

726 2439 994 2499 Examimirt,
1008 2450 1078 2510 hat
1106 2459 1290 2519 derselbe
1318 2464 1445 2524 baldt
1459 2465 1515 2525 die
1544 2463 1699 2523 Einten

3345 243 3472 303 93.

2204 311 2445 371 Verneinet,
2470 308 2522 368 der
2535 307 2674 367 anderen
2699 306 2776 366 aber
2789 305 2853 365 mit
2878 305 3209 365 herumbschleffen
3246 304 3310 364 zum
3348 302 3450 362 Theil

2210 395 2421 455 bekantlich
2442 386 2620 446 gewesen,
2642 386 2676 446 so
2698 386 2754 446 daß
2797 388 2975 448 derselbe
3008 391 3064 451 gar
3085 391 3196 451 wohl
3252 384 3462 444 vermittlß

2194 489 2268 549 der
2292 482 2404 542 lider
2429 478 2504 538 Ihe
2529 476 2702 536 gethanen
2727 473 3000 533 depositiben
3037 469 3161 529 hätte
3186 461 3408 521 überfüßt

2201 570 2354 630 werden
2389 562 2620 622 können,
2641 557 2807 617 weilen
2829 556 2907 616 aber
2939 553 3127 613 derselbe
3149 550 3203 610 sich
3236 545 3423 605 beschwärt

2200 665 2339 725 diesers
2351 652 2516 712 scheiben
2528 645 2628 705 seye
2653 642 2730 702 nur
2755 639 2844 699 von
2894 636 2957 696 dem
2996 634 3071 694 Herr
3096 628 3387 688 Efedicanten

2216 757 2281 817 auf
2348 741 2572 801 berichtel,
2599 730 2638 790 so
2664 725 2718 785 Er
2744 720 2823 780 von
2849 710 3140 770 Particularen
3152 696 3404 756 eingehelt

2210 836 2438 896 inschrifft
2464 824 2679 884 verfaßet
2719 814 2781 874 der
2806 805 3036 865 Ebbarbeit
3061 797 3099 857 zu
3150 788 3391 848 Böllingen

2205 934 2306 994 auch
2331 927 2396 987 nit
2421 916 2624 976 vorgebeßen
2651 905 2777 965 worden
2867 892 3020 952 wurde
3045 883 3148 943 Ihme
3173 870 3389 930 verdeüket

2211 1015 2295 1075 Wan
2344 1006 2452 1066 deme
2476 999 2596 1059 also,
2608 994 2646 1054 so
2669 989 2766 1049 werde
2790 983 2875 1043 man
2910 975 2982 1035 Herr.
3007 957 3283 1017 Pfondicanten

2190 1094 2430 1154 zuscheben
2520 1079 2608 1139 das
2647 1066 2863 1126 horgericht
2888 1048 3205 1108 sundersambst
3218 1035 3256 1095 zu
3283 1027 3408 1087 ver¬

2196 1182 2438 1242 Namblen
2491 1167 2573 1227 die
2600 1156 2910 1216 Chor-Richter
2950 1143 3016 1203 bey
3056 1136 3111 1196 Ihm
3151 1126 3260 1186 Eyden
3273 1113 3380 1173 undt

2203 1265 2405 1325 pflichten
2477 1244 2809 1304 vermehnen,
2837 1236 2924 1296 daß
2968 1231 3039 1291 Sie
3055 1227 3097 1287 so
3126 1222 3227 1282 viel
3257 1213 3386 1273 Ihnen

2195 1353 2231 1413 in
2267 1346 2461 1406 wüßen,
2486 1338 2595 1398 ling
2631 1329 2886 1389 verhafften
2910 1320 3018 1380 undt
3042 1306 3432 1366 umbschändtlichen

2189 1442 2358 1502 beacht
2388 1428 2657 1488 abstatten,
2670 1415 2827 1475 deßen
2869 1407 2913 1467 so
2927 1403 2998 1463 sich
3026 1398 3068 1458 in
3098 1393 3167 1453 der
3195 1384 3366 1444 Abendt

2177 1528 2385 1588 Pedigam
2441 1514 2608 1574 Bättag
2650 1505 2914 1565 zugefragen,
2942 1497 3053 1557 Alß
3096 1491 3192 1551 nun
3221 1478 3401 1538 darüber

2192 1616 2259 1676 hin
2286 1611 2489 1671 umbfrag
2516 1605 2651 1665 sollte
2704 1599 2894 1659 gehalten
2921 1590 3109 1650 werden,
3124 1579 3273 1639 sagte
3299 1568 3395 1628 H.

2163 1707 2327 1767 Steiged
2354 1702 2394 1762 um
2436 1693 2680 1753 hinausgehyn
2708 1686 2762 1746 bey
2804 1682 2871 1742 der
2912 1677 3034 1737 Thur,
3048 1669 3252 1729 dannman
3280 1659 3334 1719 Es
3361 1651 3442 1711 doch

2200 1801 2238 1861 ss
2263 1798 2367 1858 wolle
2394 1791 2561 1851 haben,
2588 1784 2704 1844 wolle
2742 1777 2780 1837 er
2807 1771 2936 1831 lieber
2961 1762 3090 1822 alleß
3143 1749 3337 1809 bekennen

2197 1888 2356 1948 begebre
2380 1878 2479 1938 nit,
2504 1871 2577 1931 daß
2601 1861 2762 1921 mehren
2798 1844 3106 1904 Infornation
3130 1825 3400 1885 auffgenommen

2245 1975 2373 2035 werde
2431 1966 2513 2026 alß
2571 1959 2630 2019 bey
2664 1950 2757 2010 seinen
2804 1936 2990 1996 Einhritt
3025 1922 3118 1982 Ihme
3153 1908 3398 1968 vorgestellet

2169 2062 2375 2122 worden,
2401 2055 2466 2115 daß
2505 2051 2583 2111 man
2621 2043 2725 2103 diese
2776 2032 2918 2092 Reden
2971 2020 3062 2080 für
3088 2011 3204 2071 keine
3243 1994 3451 2054 bekant¬

2180 2150 2283 2210 muß
2317 2142 2467 2202 ansechen
2490 2133 2651 2193 könne,
2674 2122 2790 2182 wurde
2824 2113 2917 2173 Ihme
2940 2105 3031 2165 auch
3054 2099 3124 2159 nit
3158 2083 3459 2143 zugemuthet,

2190 2235 2462 2295 Einmehrers
2504 2227 2548 2287 zu
2577 2218 2805 2278 bekennen,
2835 2208 2906 2268 alß
2964 2200 3092 2260 deße
3122 2194 3164 2254 Er
3178 2192 3250 2252 sich
3278 2186 3379 2246 wohl

2190 2330 2413 2390 schuldig
2443 2315 2622 2375 wüße,
2652 2307 2802 2367 bekente
2831 2301 3203 2361 froffenhetzig,
3235 2292 3279 2352 Er
3308 2284 3427 2344 lüße

2203 2426 2274 2486 sich
2298 2413 2488 2473 schuldig
2523 2404 2632 2464 aller
2667 2400 2727 2460 dem
2774 2397 2952 2457 articlen
2976 2395 3012 2455 so
3036 2393 3071 2453 im
3096 2391 3191 2451 Herren
3202 2385 3451 2445 Pferdicanten

2193 2514 2362 2574 Pchreibe
2379 2499 2688 2559 enthalten,
2703 2487 2874 2547 dennoch
2920 2480 2965 2540 zu
3013 2473 3229 2533 mehrerer
3244 2466 3460 2526 Erheitrung
