4032 3024
429 293 480 353 91

703 354 809 414 Vnte
824 335 913 395 sach
928 320 1048 380 würde
1077 309 1137 369 Ein
1152 300 1316 360 Scheiben
1330 294 1374 354 Eir
1391 289 1688 349 obvermeltan
1702 285 1763 345 die

719 418 1109 478 Toberheiterkemnet.
1135 393 1226 453 Wie
1252 386 1317 446 auch
1357 381 1370 441 p
1408 376 1539 436 hedul
1577 370 1616 430 an
1642 364 1813 424 WWrsh.

712 528 738 588 H
792 508 1004 568 Hubtmann
1043 492 1136 552 Joh.
1163 484 1310 544 Anthoi
1349 471 1522 531 Stücker,
1535 464 1574 524 so
1587 458 1628 518 in
1641 450 1748 510 Einer

730 602 843 662 Baden
857 596 915 656 fir
944 593 1000 653 bey
1043 587 1101 647 dem
1156 577 1370 637 Badthauß
1412 563 1612 623 begriffen,
1639 551 1725 611 undt
1740 543 1782 603 im

708 694 772 754 die
785 686 1080 746 morgenzfredig
1120 678 1184 738 bey
1222 674 1287 734 dem
1339 659 1776 719 Sirchenhaußware

708 780 761 840 und
775 779 828 839 thr
856 776 1005 836 Ebistian
1045 768 1316 828 Willading
1369 758 1411 818 so
1424 755 1464 815 in
1491 751 1559 811 der
1586 741 1761 801 Abendt

680 893 845 953 Pfedis
860 884 904 944 hn
948 873 1159 933 bollingen,
1174 865 1233 925 des
1265 860 1429 920 nechste
1474 852 1623 912 beyl.
1653 846 1773 906 Seigen

713 985 895 1045 geseßen
950 972 1145 1032 viersuchn
1159 962 1342 1022 laßen,
1370 955 1425 1015 Ihn
1453 948 1733 1008 dißortigen

725 1073 888 1133 bericht
902 1064 984 1124 auch
1011 1055 1284 1115 Einzuschiben.
1326 1045 1571 1105 Danstart
1598 1040 1652 1100 den
1679 1035 1817 1095 257b.

703 1171 824 1231 lanst
854 1166 884 1226 so
914 1163 1005 1223 wohl
1035 1159 1096 1219 die
1111 1152 1383 1212 anbefohlen
1414 1133 1716 1193 Information

721 1264 806 1324 von
842 1257 904 1317 der
928 1247 1159 1307 Ehrbarkeit
1183 1241 1219 1301 zu
1269 1234 1500 1294 bollingen,
1512 1222 1597 1282 alß
1645 1210 1719 1270 die

705 1345 921 1405 verlangte
964 1334 1210 1394 nachrichten
1263 1323 1344 1383 von
1365 1317 1438 1377 H.
1458 1305 1737 1365 Haubtmann

691 1431 1133 1491 Srukerschäfftlich
1169 1424 1238 1484 Her
1261 1419 1483 1479 Schultheß
1529 1397 1774 1457 Willading

726 1526 822 1586 aber
863 1526 961 1586 keste
1002 1526 1085 1586 sein
1127 1522 1334 1582 dißtettige
1361 1503 1693 1563 wüßenschafft

723 1611 915 1671 mundtlich
942 1612 1006 1672 ob,
1033 1612 1096 1672 wie
1122 1612 1239 1672 solches
1252 1609 1328 1669 sub
1368 1606 1458 1666 Mo
1496 1600 1549 1660 3.
1574 1589 1768 1649 zursehn
1781 1575 1859 1635 ist.

703 1712 800 1772 Alßo
827 1707 924 1767 Wie
937 1705 1019 1765 nun
1061 1700 1337 1760 widermahlen
1379 1693 1461 1753 Ihne
1490 1687 1571 1747 H.
1598 1677 1751 1737 Stegen

735 1793 853 1853 dieses
868 1792 1017 1852 gegeben
1061 1792 1165 1852 undt
1181 1790 1314 1850 große
1360 1780 1611 1840 anstößigen
1642 1759 1821 1819 Landel.

719 1879 761 1939 in
774 1877 1126 1937 verantwortung
1156 1879 1323 1939 gezogen
1366 1874 1451 1934 hat
1478 1863 1647 1923 dieselbe
1689 1837 1803 1897 bey¬

730 1966 938 2026 ablesung
970 1967 1019 2027 daß
1066 1969 1115 2029 ein
1131 1973 1292 2033 gelaugt
1308 1971 1485 2031 scheibent
1501 1962 1597 2022 seine
1629 1943 1774 2003 fähler

728 2052 801 2112 auf
830 2057 1037 2117 einmener
1066 2062 1302 2122 bekennet,
1331 2060 1420 2120 undt
1449 2055 1538 2115 Maß
1582 2036 1818 2096 inständigst

740 2149 917 2209 ersicht,
933 2150 1047 2210 dieser
1063 2150 1094 2210 so
1128 2149 1433 2209 verdießliche
1467 2140 1579 2200 stach
1612 2124 1855 2184 subeledig.

723 2259 964 2319 Nachdeme
1001 2255 1086 2315 nun
1121 2254 1218 2314 Wit
1254 2252 1338 2312 über
1350 2250 1435 2310 diese
1472 2237 1823 2297 swohnbedacht¬

721 2338 878 2398 samme
902 2338 1012 2398 undt
1036 2339 1219 2399 gröbliche
1231 2341 1523 2401 entheligung
1571 2328 1645 2388 deß
1693 2306 1850 2366 Gottes¬

748 2416 912 2476 dienste
928 2418 1044 2478 undt
1076 2425 1273 2485 dadurch
1289 2431 1389 2491 auch
1421 2432 1618 2492 gegeben
1634 2418 1798 2478 großen

2215 299 2435 359 anstößige
2464 295 2669 355 Kandalo
2699 296 2728 356 In
2773 299 2935 359 bedenken
2950 303 3037 363 auch
3066 305 3170 365 dieser
3199 304 3257 364 buß
3317 300 3404 360 undt

2208 389 2361 449 bättag
2404 381 2469 441 von
2502 379 2557 439 den
2590 380 2775 440 sambtl.
2797 386 3135 446 protestirenden
3147 387 3298 447 Orthen
3321 381 3464 441 Lobl.

2218 474 2594 534 Eydtgnoßschafft
2619 466 2670 526 )
2707 464 2771 524 dem
2820 464 2909 524 Endt
2921 464 2985 524 ist
3009 466 3235 526 angordnet
3272 466 3398 526 worden

2209 578 2331 638 damit
2359 568 2427 628 sich
2453 563 2507 623 sin
2549 557 2657 617 Jetr
2684 553 2861 613 Bordem
2930 551 3147 611 angesicht
3174 550 3243 610 deß
3297 548 3404 608 herrn

2211 676 2247 736 in
2283 664 2403 724 Saub
2439 654 2512 714 und
2547 646 2800 706 Eschensetzen
2836 639 2933 699 seine
2980 637 3113 697 Sunde
3148 629 3340 689 bedrüten

2210 754 2275 814 und
2315 747 2510 807 denselben
2538 740 2589 800 zu
2642 728 2942 788 beybehaltung
2968 713 3086 773 seineß
3126 704 3295 764 allsegen
3321 697 3441 757 Wollen

2213 836 2534 896 machtschutten
2557 825 2761 885 demmth
2784 815 2903 875 seines
2939 805 3140 865 hertzend
3177 791 3367 851 auflehe

2211 937 2347 997 statt
2389 923 2525 983 deßen
2552 914 2608 974 Ein
2635 906 2771 966 solcher
2799 896 2922 956 Wot,
2949 888 3031 948 undt
3058 873 3372 933 Entsetzlicher

2198 1021 2389 1081 gientel
2426 1002 2724 1062 vorgegangen,
2760 981 2975 1041 dadurch
3012 968 3084 1028 die
3119 957 3275 1017 gantze

2192 1115 2394 1175 gemeindt
2406 1104 2494 1164 sehr
2519 1093 2706 1153 gezogen
2770 1077 2883 1137 undt
2908 1071 2934 1131 in
2971 1063 3072 1123 Ihre
3097 1051 3273 1111 andacht
3310 1032 3475 1092 gäntz¬

2177 1215 2307 1275 lich
2339 1193 2537 1253 gestört
2569 1174 2749 1234 worden,
2781 1162 2929 1222 Unser
2995 1147 3207 1207 gedanken
3223 1131 3403 1191 walter

2207 1303 2365 1363 lasen
2431 1275 2628 1335 habendt
2668 1260 2774 1320 Wir
2800 1248 3024 1308 einmultig
3050 1234 3248 1294 befunden
3274 1219 3405 1279 undt

2209 1391 2352 1451 mitte
2381 1371 2526 1431 dinge,
2555 1357 2656 1417 auch
2700 1347 2801 1407 auß
2844 1338 3032 1398 andern
3060 1329 3234 1389 gehabten
3248 1319 3453 1379 sounide¬

2211 1474 2411 1534 sationen
2455 1461 2497 1521 zu
2555 1453 2641 1513 sein
2683 1447 2784 1507 doß
2828 1439 2914 1499 H.
2928 1433 3114 1493 Stügers
3156 1417 3431 1477 künfftig¬

2178 1575 2502 1635 verhoffender
2546 1551 2787 1611 beßerung
2814 1538 2928 1598 undt
2956 1526 3182 1586 Warnung
3210 1513 3379 1573 erkent

2202 1697 2268 1757 1)
2295 1682 2377 1742 daß
2431 1667 2457 1727 Er
2499 1657 2579 1717 von
2633 1645 2728 1705 Vnß
2768 1636 2850 1696 eine
2890 1618 3255 1678 Remonstranen
3281 1604 3377 1664 bege

2213 1770 2357 1830 diesers
2381 1753 2490 1813 seines
2514 1740 2658 1800 gröbsc
2695 1724 2948 1784 übersehens
2972 1710 3249 1770 empfachen,
3273 1702 3381 1762 undt

2210 1868 2252 1928 zu
2310 1851 2509 1911 beßeren
2596 1824 2853 1884 Räbtwesen
2881 1806 3166 1866 angewahnt
3196 1798 3454 1858 werden,

2184 1959 2232 2019 2.
2244 1956 2292 2016 Er
2329 1949 2366 2009 zu
2402 1935 2621 1995 handen,
2633 1925 2693 1985 seo
2730 1915 2851 1975 wenn
2889 1907 2961 1967 der
3009 1898 3217 1958 Gemendt
3229 1894 3449 1954 bollingen

2230 2039 2453 2099 Gryßig
2479 2022 2596 2082 bäin
2648 2010 2792 2070 fornen
2845 1997 3093 2057 Erleggen,
3119 1988 3211 2048 undt
3237 1980 3419 2040 damit

2200 2155 2245 2215 3u
2292 2146 2367 2206 der
2398 2133 2626 2193 gefogeten
2656 2116 2854 2176 gemeindt
2869 2105 2976 2165 auch
2991 2095 3280 2155 wehenschafft
3295 2087 3479 2147 getragen

2183 2237 2381 2297 werde,
2407 2231 2446 2291 so
2474 2224 2631 2284 habend
2685 2213 2803 2273 Wie
2842 2204 2935 2264 Ihne
2961 2197 3053 2257 H.
3079 2190 3225 2250 Steiger
3251 2186 3357 2246 auch

2207 2338 2333 2398 dahin
2381 2322 2618 2382 verfellt,
2635 2310 2730 2370 daß
2792 2301 2840 2361 Er
2871 2295 2951 2355 sich
2982 2290 3030 2350 zu
3061 2284 3331 2344 bollingen

2206 2427 2253 2487 an
2288 2422 2406 2482 Einen
2489 2410 2654 2470 Sontag
2712 2401 2748 2461 so
2772 2395 2865 2455 man
2901 2388 2995 2448 Ihme
3020 2376 3266 2436 notificiren
3289 2363 3419 2423 werden

2192 2509 2237 2569 in
2267 2509 2343 2569 der
2372 2506 2523 2566 Morgen
2552 2500 2703 2560 hendig
2732 2491 2959 2551 einfinde,
2973 2480 3077 2540 Herre
3109 2468 3363 2528 fordicant
