4032 3024
438 279 562 339 96)

434 1934 525 1994 Rätt
556 1936 647 1996 Aene

430 2013 556 2073 Ruchti
581 2015 721 2075 bendicht

719 322 878 382 Pfedil
894 305 925 365 zu
958 290 1102 350 wüßen
1148 269 1339 329 gethan,
1356 259 1467 319 seine
1498 257 1658 317 Action
1691 264 1817 324 daonoc

722 399 969 459 einzubichten
1036 378 1118 438 ohne
1147 371 1187 431 zu
1242 351 1653 411 pasticularisiten
1694 349 1776 409 auch

711 492 779 552 mit
813 481 1006 541 MnHr
1231 451 1282 511 bth
1319 443 1387 503 ls
1439 430 1578 490 dener
1595 423 1683 483 deß

718 584 829 644 Landt
858 570 1023 630 Reichts
1052 556 1121 616 deß
1162 543 1259 603 tagt
1301 529 1426 589 halber
1453 512 1675 572 Convenum

713 670 827 730 under
857 666 987 726 deßen
1015 646 1318 706 Graesidionach
1375 620 1448 680 der
1462 609 1649 669 Pfedig
1694 605 1765 665 die

710 768 910 828 Erbacket
926 746 1161 806 Worsambbet
1212 728 1294 788 H.
1329 717 1428 777 Stige
1463 705 1629 765 Jchdoch
1662 696 1730 756 bey

714 858 957 918 beschloßene
997 842 1091 902 thür
1118 833 1226 893 seinen
1253 818 1455 878 göblichen
1469 805 1618 865 fähler
1658 798 1753 858 vom

698 963 792 1023 Mu
1014 926 1252 986 erkeistlich
1283 901 1586 961 vorgehalten,
1617 889 1824 949 Erden¬

721 1049 866 1109 stelben
879 1042 944 1102 mit
971 1033 1089 1093 Reüt
1129 1011 1377 1071 bezeügung
1418 985 1655 1045 erkennen,
1668 979 1826 1039 nach¬

709 1125 835 1185 werts
849 1121 961 1181 denn
975 1115 1044 1175 mit
1087 1105 1199 1165 fures
1227 1090 1451 1150 krefftigen
1465 1068 1788 1128 Vermahnung.

712 1210 919 1270 dimittirt
933 1200 1085 1260 werden,
1114 1189 1224 1249 undt
1253 1178 1419 1238 hiemit
1447 1167 1585 1227 solches
1613 1159 1751 1219 Einen

717 1289 1014 1349 außgemachte
1028 1278 1102 1338 sach
1132 1274 1177 1334 sen
1206 1273 1339 1333 solle,
1355 1274 1398 1334 so

830 1468 1091 1528 Sambsags
1110 1466 1162 1526 de.
1179 1465 1232 1525 1.
1249 1464 1354 1524 A.
1371 1455 1512 1515 1732.

841 1591 965 1651 Iuson
1012 1588 1104 1648 Den
1136 1586 1322 1646 Praesidis
1352 1580 1540 1640 Jenner.

716 1800 1077 1860 Rappeorhalb.
1109 1812 1208 1872 Hanß
1256 1815 1355 1875 Vätz
1373 1814 1437 1874 der
1453 1810 1570 1870 Anna
1602 1795 1751 1855 Nät¬

730 1885 869 1945 Vatter
917 1890 988 1950 von
1034 1900 1280 1960 Rupperwerdt
1315 1906 1502 1966 Kiochhöw
1561 1891 1748 1951 Meßen

727 1968 805 2028 habei
896 1973 909 2033 M
922 1974 960 2034 in
987 1978 1078 2038 ndigen
1091 1983 1181 2043 Hrre
1194 1987 1376 2047 beklagt
1416 1987 1519 2047 seine
1546 1979 1715 2039 Techter

748 2061 919 2121 gefinde
947 2065 1003 2125 sich
1033 2067 1102 2127 sch
1118 2069 1273 2129 wanger
1301 2069 1400 2129 Son
1444 2062 1643 2122 Bendicht
1671 2042 1798 2102 Musti

727 2147 816 2207 auß
859 2150 919 2210 dem
993 2161 1276 2221 Sogelgesang
1305 2166 1408 2226 Ihren
1439 2157 1705 2217 angehorigen

734 2236 910 2296 derlegn
939 2246 1088 2306 dieselben
1103 2254 1161 2314 Ihm
1206 2269 1472 2329 auffgetragen
1486 2268 1605 2328 haben
1619 2248 1796 2308 wollente

722 2321 783 2381 Ihr
828 2335 967 2395 Racht.
1000 2347 1091 2407 Vor
1106 2353 1184 2413 Sie
1199 2358 1247 2418 zu
1277 2360 1477 2420 bescheiden
1525 2353 1631 2413 undt
1664 2339 1755 2399 Ihne

722 2411 832 2471 dieser
847 2424 1021 2484 anklagdt
1037 2434 1131 2494 halb
1147 2443 1320 2503 ernstlich
1338 2447 1478 2507 zuredt
1511 2436 1762 2496 zuserstenn

2197 326 2358 386 gestehet
2373 321 2402 381 Er
2433 319 2477 379 die
2491 319 2566 379 Vaot
2580 317 2669 377 Rohl
2698 319 2757 379 und
2788 320 2889 380 gut:
2906 322 3038 382 Womit,
3068 323 3142 383 und
3157 323 3260 383 sihen
3275 320 3379 380 Sie¬

2198 425 2304 485 Räth
2336 416 2400 476 bey
2432 410 2517 470 Ihren
2560 405 2710 465 Vatter
2741 402 2891 462 Kindter
2933 401 3114 461 daander
3135 400 3274 460 kommen
3295 395 3390 455 will

2195 518 2279 578 habe
2328 504 2376 564 e
2401 497 2472 557 ndge
2484 491 2581 551 Hrren
2606 488 2654 548 die
2666 485 2836 545 anstalt
2883 485 2944 545 bey
2980 484 3029 544 der
3041 483 3221 543 Ehrbarb.

2201 596 2383 656 Weßen
2410 579 2647 639 verfürgen
2677 571 2872 631 laßen,
2900 570 2985 630 daß
3054 568 3109 628 Sie
3139 567 3166 627 in
3194 564 3263 624 dor
3291 558 3417 618 geift

2214 682 2295 742 nach
2318 676 2388 736 der
2423 667 2632 727 Ordnung
2679 659 2760 719 den
2783 655 2854 715 40
2900 651 2959 711 17
2982 648 3028 708 12
3062 641 3342 701 Examinct

2208 773 2304 833 undt
2327 761 2507 821 dieselben
2519 752 2580 812 deß
2628 735 3000 795 heraußkommenden
3047 715 3239 775 berichtet
3265 706 3407 766 werden

2187 843 2456 903 sollindt.

2212 955 2467 1015 Meßsen
2529 932 2614 992 Sie
2637 918 2805 978 daße
2828 897 3081 957 alleßen
3104 882 3210 942 auch
3251 871 3466 931 verstän¬

1959 1018 2126 1078 o61d.

2192 1040 2317 1100 dage

2186 1173 2265 1233 Juh.
2296 1163 2360 1223 Sub
2376 1156 2456 1216 pag
2502 1148 2566 1208 6n.
2598 1137 2739 1197 Wis
2757 1125 2914 1185 Ribser
3010 1107 3200 1167 Dennach
3231 1095 3295 1155 vor
3326 1088 3421 1148 Unß

2198 1243 2431 1303 gelanget
2467 1229 2523 1289 die
2540 1218 2738 1278 Müuschen
2774 1204 2865 1264 dem
2918 1189 3154 1249 Fredicto
3172 1179 3243 1239 H.
3260 1171 3423 1231 Erauel

2188 1336 2276 1396 kund
2313 1325 2402 1385 yber
2439 1315 2515 1375 Von
2566 1299 2755 1359 Parnulo
2780 1285 2905 1345 Eines:
2931 1277 2993 1337 So
3006 1269 3133 1329 denne
3170 1259 3309 1319 Beden

2169 1423 2371 1483 Schundt
2406 1401 2490 1461 von
2523 1385 2692 1445 Notsam
2743 1368 2895 1428 andern
2912 1356 3013 1416 theil
3045 1339 3282 1399 voltenden

1887 1383 2027 1443 häuzigke
2048 1371 2177 1431 Rifmaug

2181 1486 2438 1546 Consiotorial
2478 1469 2580 1529 soch,
2605 1459 2696 1519 umb
2734 1452 2760 1512 zu
2800 1441 2992 1501 wußen,
3018 1432 3069 1492 ob
3094 1426 3134 1486 Er
3160 1423 3211 1483 H.
3236 1412 3429 1472 Hunzigkre

1868 1465 1993 1525 Sschandt
2006 1448 2104 1508 Srne

2198 1575 2305 1635 begen
2329 1568 2388 1628 deß
2448 1558 2531 1618 von
2567 1550 2638 1610 der
2673 1537 2864 1597 Klegerin
2923 1522 3031 1582 Ihme
3079 1513 3162 1573 Stot
3198 1503 3293 1563 Inn,
3316 1497 3423 1557 undt

2210 1654 2308 1714 nach
2329 1647 2385 1707 der
2428 1637 2592 1697 Grußt
2624 1621 2864 1681 zugefignet
2920 1605 3082 1665 Kindts
3116 1594 3213 1654 zum
3257 1582 3444 1642 purga¬

2177 1750 2302 1810 psiben
2330 1737 2427 1797 Eydt
2454 1730 2497 1790 zu
2538 1719 2720 1779 Adeittik
2776 1708 2858 1768 seye
2887 1700 2971 1760 oder
2999 1692 3083 1752 nit
3166 1678 3305 1738 vndt

2191 1846 2314 1906 Wir
2355 1829 2533 1889 darüber
2560 1814 2710 1874 unserf
2752 1798 2944 1858 gedacken
2971 1784 3121 1844 wolten
3148 1770 3286 1830 laßen

2178 1924 2273 1984 sindt
2304 1917 2399 1977 Wir
2420 1909 2526 1969 bar
2558 1901 2589 1961 in
2632 1891 2801 1951 unseren
2822 1873 3096 1933 meinungen
3117 1857 3327 1917 zepfollen

2185 2002 2276 2062 mit
2300 1998 2356 2058 der
2379 1991 2563 2051 mehreren
2596 1980 2700 2040 aber
2745 1966 2905 2026 habende
2950 1955 3064 2015 Wir
3100 1947 3271 2007 erbent

2179 2091 2250 2151 daß
2310 2081 2441 2141 weilen
2488 2073 2560 2133 Sie
2596 2066 2691 2126 Ihne
2750 2058 2834 2118 Voc
2893 2049 3012 2109 Inn,
3024 2041 3143 2101 undt
3180 2033 3262 2093 nach
3287 2027 3346 2087 der

2194 2170 2398 2230 bemißet
2430 2154 2689 2214 angeben,
2711 2145 2753 2205 er
2798 2140 2894 2200 laut
2938 2134 3034 2194 Hanß
3087 2121 3238 2181 Zoberst
3272 2108 3347 2168 von

2161 2265 2462 2325 Rupperolil
2526 2247 2613 2307 Vor
2638 2242 2726 2302 Uuß
2763 2234 2915 2294 gethann
2940 2223 3167 2283 außaag,
3179 2214 3241 2274 die
3266 2206 3317 2266 Er

2172 2358 2370 2418 Eydtlich
2407 2347 2444 2407 zu
2482 2339 2705 2399 bestätigg
2741 2333 2804 2393 sich
2829 2327 3088 2387 erleüteret
3139 2302 3386 2362 beyligenden

2161 2457 2249 2517 mit
2301 2452 2364 2512 Ao
2402 2448 2427 2508 1
2466 2438 2732 2498 bezeifnett
2796 2418 3087 2478 Eigenhändige
3114 2395 3432 2455 Versicherungs¬

2169 2543 2339 2603 schafft
2352 2534 2465 2594 wels
2479 2526 2719 2586 nemblichen
2747 2518 2831 2578 mit
2859 2515 2930 2575 der
2958 2506 3141 2566 Mutter
3156 2491 3381 2551 Kindtbett
