4032 3024
418 289 528 349 96)

705 322 785 382 Und
811 315 877 375 deß
903 307 1036 367 Kindts
1061 295 1353 355 Mimentation
1392 289 1576 349 gehalten
1604 289 1709 349 werden
1735 294 1814 354 allen

692 409 762 469 Von
776 403 834 463 sich
848 394 1033 454 gegebenen,
1061 386 1189 446 anbey
1217 383 1303 443 auch
1317 382 1502 442 bekennet
1546 382 1602 442 der
1616 383 1801 443 Klägerin

712 501 803 561 zir
816 487 935 547 seinen
1000 472 1172 532 vergelben
1198 469 1276 529 noch
1315 467 1421 527 auff
1447 466 1513 526 Ihr
1552 466 1697 526 fondern
1710 463 1814 523 unden

706 580 1067 640 außfebembdenn
1102 564 1186 624 alt
1222 558 1379 618 hembt
1414 556 1510 616 von
1583 556 1655 616 den
1690 557 1824 617 Er¬

706 690 758 750 su
786 678 891 738 fast
906 671 959 731 die
985 661 1133 721 frmmel
1185 651 1225 711 so
1240 648 1318 708 noch
1359 644 1638 704 gutwären,
1665 651 1813 711 abge¬

708 783 816 843 1lst
841 768 938 828 geben
974 757 1071 817 undt
1083 751 1169 811 mit
1193 745 1291 805 Ihren
1363 737 1545 797 Vatter
1607 729 1643 789 so
1667 725 1741 785 H.

700 866 967 926 Sekelmeister
980 848 1193 908 huntzigker
1221 841 1260 901 zu
1286 835 1447 895 Praute
1501 830 1554 890 bey
1595 826 1740 886 welchem

682 959 933 1019 Aattortein
959 948 1157 1008 Condition
1196 940 1407 1000 stuhnde,
1433 929 1776 989 geoffenbahret

703 1052 784 1112 daß
811 1048 892 1108 sein
933 1042 1080 1102 Tohter
1122 1038 1203 1098 von
1243 1036 1352 1096 Ihme
1418 1032 1486 1092 dem
1541 1026 1784 1086 beklagten

718 1136 775 1196 Ich
799 1135 937 1195 wangel
949 1134 1030 1194 seye
1088 1131 1192 1191 dahin
1226 1125 1457 1185 Commerciten
1480 1117 1665 1177 wollen,
1688 1111 1758 1171 daß

697 1231 794 1291 Ihne
822 1234 892 1294 mit
920 1232 1032 1292 dieser
1060 1228 1171 1288 Klag
1200 1220 1423 1280 verschrieft
1450 1213 1549 1273 undt
1576 1210 1758 1270 hingegen

705 1318 801 1378 was
814 1318 868 1378 für
895 1318 977 1378 Eine
1004 1315 1181 1375 getüuste
1223 1310 1359 1370 Suma
1400 1304 1522 1364 gebts
1549 1300 1795 1360 mannselben

702 1414 911 1474 deßthalb
939 1406 1175 1466 fordertn,
1203 1401 1426 1461 verdeutet
1453 1396 1578 1456 werden
1594 1388 1774 1448 möchten

709 1510 787 1570 H.
800 1502 998 1562 Hntzigkor
1011 1497 1077 1557 sich
1103 1495 1196 1555 durch
1221 1492 1327 1552 diesen
1340 1489 1550 1549 umbgang
1578 1480 1669 1540 sehr

710 1603 945 1663 Verdächtig
958 1599 1153 1659 gemachet,
1181 1598 1337 1658 hiemit
1364 1597 1428 1657 deß
1468 1591 1703 1651 Puratons
1728 1577 1820 1637 Eyte

712 1696 907 1756 abgelisen
980 1696 1078 1756 undt
1102 1694 1273 1754 selbigen
1333 1692 1395 1752 der
1431 1684 1651 1744 Klegerin
1675 1667 1785 1727 kindt

711 1786 790 1846 Alß
821 1789 1057 1849 ohnehelicht
1090 1787 1121 1847 zu
1151 1785 1294 1845 bekent
1309 1780 1372 1840 sen
1388 1772 1548 1832 solte.

703 1947 805 2007 Mit
830 1943 883 2003 des
896 1941 1037 2001 mindern
1063 1940 1230 2000 meinung
1255 1939 1359 1999 dann
1397 1936 1526 1996 wardt
1539 1928 1731 1988 befunden

713 2018 779 2078 daß
812 2020 936 2080 weilen
958 2022 1048 2082 Herrn
1059 2023 1271 2083 huntzigker
1304 2020 1361 2080 die
1394 2016 1507 2076 Klag
1540 1999 1752 2059 gäntzlichen

721 2098 814 2158 undt
840 2100 958 2160 anbey
997 2107 1222 2167 Vermeilnet
1247 2111 1445 2171 angerote
1471 2107 1550 2167 mit
1576 2094 1748 2154 Hor¬

708 2184 935 2244 beheihertte
962 2185 990 2245 so
1004 2189 1216 2249 genannte
1274 2196 1570 2256 Versicherungs
1585 2182 1740 2242 schrifft

710 2269 904 2329 gebenoder
917 2272 1111 2332 geschiben
1140 2280 1334 2340 zuhaben,
1362 2284 1488 2344 solches
1501 2280 1585 2340 auch
1598 2273 1654 2333 mit
1668 2259 1779 2319 gesahe

717 2351 886 2411 gmeßig
924 2356 1120 2416 belisen,
1133 2365 1302 2425 ratione
1355 2369 1420 2429 deß
1471 2365 1589 2425 allten
1614 2344 1771 2404 hembdt

728 2431 764 2491 Er
789 2429 849 2489 Ihn
875 2431 1008 2491 solches
1032 2436 1094 2496 und
1106 2444 1400 2504 außerbärmb
1424 2445 1521 2505 undt
1545 2435 1631 2495 auff
1644 2425 1704 2485 der

733 2507 887 2567 Klegen
914 2514 1137 2574 inständigs
1150 2524 1304 2584 ersuchen
1317 2528 1554 2588 mittleidig
1583 2506 1791 2566 gescheket,

3318 258 3377 318 9.

2150 296 2205 356 In
2239 289 2305 349 der
2327 286 2483 346 mehren
2504 287 2671 347 meinung
2704 295 2969 355 bestertehnter
3003 301 3147 361 grundt
3180 301 3236 361 deß
3269 296 3368 356 mit

2165 393 2234 453 der
2258 377 2397 437 Klgen
2442 367 2605 427 Gatter
2628 368 2802 428 gehabten
2825 374 3009 434 Comcehii
3022 377 3101 437 nur
3137 374 3276 434 darim

2160 476 2364 536 bestehe,
2392 461 2473 521 daß
2500 457 2732 517 antworter
2774 458 2897 518 kelchen
2924 458 2978 518 der
3005 456 3169 516 Schmidt
3196 445 3386 505 Vatter

2170 576 2237 636 bey
2264 559 2345 619 H.
2359 544 2657 604 Sekelmeister
2684 542 2927 602 hantigker
2954 542 3224 602 alßurleber
3252 530 3345 590 seine

2170 648 2359 708 Tochter
2385 633 2724 693 schwangeschafft
2779 628 3008 688 beklaget
3036 627 3130 687 undt
3145 623 3320 683 angeben

2173 753 2228 813 Ihr
2250 742 2340 802 Ihme
2384 728 2564 788 hierauff
2586 721 2687 781 Einen
2698 718 2821 778 Ehren,
2843 715 2966 775 Mann
3032 710 3122 770 nach
3155 705 3256 765 Rohr

2181 834 2407 894 geschiket
2446 816 2553 876 umb
2579 811 2633 871 zu
2659 805 2898 865 beronemen,
2912 801 2964 861 ob
2992 797 3031 857 Es
3070 791 3177 851 dieses
3190 782 3283 842 Mat

2179 924 2425 984 geständig
2452 907 2522 967 sin
2549 898 2673 958 wolle
2727 891 2811 951 der
2838 886 2892 946 da
2933 883 3043 943 Irer
3070 880 3235 940 mitha
3276 877 3443 937 geant¬

2198 1017 2351 1077 wortet
2399 996 2576 1056 dennoch
2611 986 2694 1046 aber
2729 976 3013 1036 beygefüegt,
3036 966 3131 1026 wann
3154 961 3191 1021 Er
3237 951 3357 1011 Mey¬

2146 1024 2156 1084 1

2165 1111 2259 1171 oder
2286 1096 2367 1156 dey
2393 1086 2488 1146 dubh
2542 1077 2663 1137 geben
2691 1072 2812 1132 würde
2865 1069 3027 1129 wollte
3055 1066 3108 1126 Erd
3135 1062 3244 1122 nicht
3271 1054 3420 1114 auß¬

2155 1199 2373 1259 beingen,
2388 1179 2563 1239 welches
2577 1170 2679 1230 dann
2708 1166 2795 1226 Ihne
2826 1162 2913 1222 H.
2942 1156 3189 1216 hüntzigker
3205 1146 3335 1206 Heran

2183 1293 2327 1353 loßet
2355 1281 2496 1341 selben
2510 1272 2653 1332 tragen
2681 1264 2725 1324 zu
2753 1257 2894 1317 laßen
2938 1249 3023 1309 wie
3051 1242 3165 1302 viel
3193 1237 3236 1297 Er
3264 1232 3378 1292 dann

2158 1378 2395 1438 eigentlich
2418 1364 2608 1424 fordern,
2632 1353 2774 1413 damit
2798 1346 2845 1406 er
2857 1340 2988 1400 selben
2999 1328 3238 1388 nachterts
3249 1317 3332 1377 mit

2171 1466 2328 1526 grundt
2364 1457 2424 1517 dem
2484 1446 2654 1506 Richtes
2680 1435 2873 1495 verbeiden
2897 1423 3079 1483 könne.
3103 1411 3345 1471 Endtlichen

2151 1550 2256 1610 dann
2300 1543 2416 1603 werde
2449 1537 2512 1597 der
2544 1532 2619 1592 H.
2640 1523 2896 1583 hüntzigber
2938 1512 3024 1572 von
3076 1504 3150 1564 H.
3173 1496 3406 1556 Pfodicant

2152 1631 2310 1691 Ullrich
2343 1625 2423 1685 von
2480 1618 2649 1678 Thuonen
2729 1609 2808 1669 bey
2830 1602 2977 1662 wolchem
3022 1590 3192 1650 derselbe
3237 1576 3339 1636 Eine

2155 1719 2251 1779 Zeit
2274 1714 2382 1774 lang
2419 1711 2454 1771 in
2478 1705 2707 1765 Condition
2767 1693 3006 1753 gestanden
3041 1679 3174 1739 solchen
3198 1664 3378 1724 Ehrbarn

2153 1808 2351 1868 Wandelt
2375 1800 2487 1860 undt
2526 1795 2636 1855 guten
2723 1783 2972 1843 Lümbdeit
3021 1769 3257 1829 beschriben,
3282 1754 3420 1814 der¬

2165 1895 2325 1955 gleichen
2338 1887 2512 1947 Villeicht
2538 1878 2645 1938 nicht
2684 1868 2818 1928 baldt
2844 1862 2883 1922 in
2964 1850 3150 1910 Vorschein
3178 1834 3418 1894 gekommen,

2133 1987 2210 2047 wie
2233 1982 2377 2042 solches
2410 1976 2466 2036 daß
2499 1966 2688 2026 mehrere
2733 1953 2821 2013 auß
2877 1936 3166 1996 beyligenden
3199 1918 3388 1978 Origiual

2166 2082 2314 2142 schalbz
2345 2072 2567 2132 zuersehen
2611 2054 2818 2114 derselbe
2864 2036 2982 2096 Von
3011 2025 3086 2085 den
3132 2010 3429 2070 Purptions¬

2147 2171 2377 2231 Eydtnicht
2435 2158 2724 2218 verschallten,
2753 2143 2912 2203 sondern
2942 2132 2999 2192 der
3028 2125 3070 2185 zu
3115 2112 3360 2172 admittirt

2127 2263 2300 2323 werden
2327 2263 2499 2323 solle.
2514 2280 2594 2340 e.
