4032 3024
413 263 473 323 109

400 491 561 551 Morandin
586 478 672 538 Pierl

391 560 506 620 Lemaz
532 546 674 606 Seerne¬

691 315 710 375 V
808 288 884 348 Har
906 275 963 335 8.
1002 262 1121 322 Mid
1140 250 1375 310 Richtr.
1394 252 1590 312 dennach
1609 265 1765 325 Sere

706 384 911 444 Aoandin
959 356 1038 416 von
1069 347 1115 407 Es
1148 341 1227 401 Pre
1289 338 1385 398 Unß
1416 342 1636 402 klagend
1668 359 1827 419 ange¬

725 473 847 533 becht
878 455 940 515 wie
985 444 1047 504 daß
1078 438 1140 498 sein
1155 432 1340 492 Ehefrauw
1385 430 1510 490 Gecale
1540 431 1678 491 Leman
1695 433 1771 493 sich

716 554 869 614 dahrent
901 538 1009 598 seiner
1039 521 1317 581 abliesenheit
1332 513 1457 573 gantz
1472 517 1828 577 Ergerlichachtge¬

702 646 879 706 füehet,
892 633 961 693 daß
988 627 1029 687 so
1043 622 1109 682 gad
1138 616 1206 676 No
1233 610 1341 670 1725.
1368 606 1436 666 Ein
1463 604 1655 664 gelüßter
1682 607 1819 667 Wiclo¬

686 746 847 806 Crisied
860 732 896 792 in
922 722 1021 782 Ihren
1047 711 1170 771 betth
1196 700 1332 760 ligendt
1369 693 1469 753 gegen
1494 687 1667 747 Blölst
1705 684 1791 744 Uhre

709 834 777 894 dß
813 816 932 876 nichts
968 801 1089 861 behorgn
1106 791 1296 851 werdend,
1330 781 1468 841 wolche
1504 777 1589 837 dan
1642 773 1710 833 die

704 911 904 971 damalig
948 893 1191 953 allhiesigen
1206 884 1277 944 Herr
1335 876 1565 936 EheRichter
1593 868 1794 928 nachdemme

696 1010 805 1070 dieser
818 1003 885 1063 sach
912 999 981 1059 Vor
1008 993 1075 1053 Sie
1103 986 1306 1046 gelanget
1333 975 1578 1035 zuErbenn
1618 971 1795 1031 bewogen

694 1105 767 1165 daß
812 1099 929 1159 beyde
945 1091 1047 1151 alßo
1061 1079 1327 1139 Ehebrächern
1372 1063 1650 1123 abgestrafft
1696 1060 1754 1120 Ihm

707 1201 774 1261 der
808 1191 943 1251 fernere
976 1178 1191 1238 umbgang
1225 1167 1281 1227 bey
1327 1155 1540 1215 Ehebrucht
1574 1144 1709 1204 straff

695 1282 915 1342 verbotten
929 1273 1062 1333 sein,
1091 1267 1195 1327 Jets
1210 1264 1297 1324 aber
1328 1261 1357 1321 su
1386 1256 1534 1316 gleichen
1563 1248 1710 1308 theolen

704 1370 764 1430 die
779 1367 841 1427 diß
888 1364 995 1424 bethst
1010 1363 1209 1423 ergangen
1254 1357 1407 1417 Costen
1422 1347 1621 1407 ertragen
1636 1329 1743 1389 unde

710 1453 911 1513 abfiehen
924 1453 1083 1513 solle.

722 1570 783 1630 die
809 1565 958 1625 Lemar
995 1562 1082 1622 aber
1106 1561 1293 1621 darlider
1343 1556 1579 1616 Cpponirt
1604 1542 1715 1602 undt

710 1649 959 1709 verdeütet,
972 1644 1051 1704 daß
1089 1643 1155 1703 der
1194 1641 1456 1701 Morandin,
1468 1633 1639 1693 welcher
1664 1623 1730 1683 Sie

718 1732 794 1792 nach
832 1726 1100 1786 vorgangerd
1138 1726 1203 1786 Ehe
1216 1723 1535 1783 versprechung
1573 1708 1842 1768 geschwän¬

711 1826 848 1886 geret
875 1822 944 1882 sich
985 1820 1165 1880 Iderheit
1192 1820 1261 1880 alß
1316 1818 1385 1878 Ein
1412 1808 1756 1868 halßsbrriger

687 1916 1185 1976 Wentschauffgeführt,
1197 1912 1234 1972 in
1246 1909 1346 1969 dene
1371 1906 1409 1966 Eß
1458 1898 1620 1958 obschon
1645 1884 1708 1944 Sie

709 2000 797 2060 Ihme
830 2000 909 2060 von
964 2000 1131 2060 hierauß
1164 1998 1232 2058 alß
1276 1994 1399 2054 Ehelich
1454 1980 1689 2040 zubekennet
1711 1957 1810 2017 worden

707 2087 787 2147 die
803 2089 992 2149 Ehemit
1023 2090 1087 2150 Ihr
1118 2089 1229 2149 nicht
1260 2085 1465 2145 beheusen
1481 2074 1607 2134 wolle,
1639 2059 1687 2119 bes
1703 2049 1750 2109 he

722 2181 827 2241 durch
866 2179 1128 2239 Richterlichen
1141 2176 1351 2236 gewallt
1377 2170 1443 2230 N.
1456 2164 1574 2224 1720.
1599 2150 1730 2210 darzu

726 2264 875 2324 gehalten
899 2260 986 2320 werden
1011 2260 1210 2320 müeßen,
1234 2263 1419 2323 darauff
1431 2260 1519 2320 aber
1568 2247 1767 2307 alsobalt

734 2344 801 2404 den
840 2341 986 2401 meithen
1040 2344 1225 2404 genumn,
1238 2345 1345 2405 sichin
1371 2341 1597 2401 Sfannische
1623 2322 1756 2382 diest

730 2424 872 2484 bgeben
915 2425 1003 2485 undt
1035 2430 1266 2490 Siesamkt
1298 2435 1440 2495 Seinen
1484 2431 1582 2491 mit
1615 2419 1703 2479 Ihra

738 2500 980 2560 erzeügetem
1052 2509 1180 2569 kindt
1194 2514 1295 2574 gantz
1309 2518 1365 2578 tro
1381 2518 1509 2578 floot
1523 2508 1824 2568 hinderlaßen,

3290 253 3389 313 101

2168 322 2322 382 Dahero
2349 310 2406 370 Sie
2420 306 2517 366 umb
2547 303 2602 363 Ihe
2630 302 2714 362 stub
2742 304 2839 364 brot
2854 309 3133 369 zugekommen
3162 316 3399 376 gezhunge

2204 393 2368 453 worden,
2399 382 2533 442 Etwes
2565 380 2842 440 vorzunenten
2893 383 3017 443 undt
3039 385 3090 445 da
3141 387 3224 447 Ihra
3254 386 3327 446 lien

2187 475 2511 535 anvertaufet
2537 465 2698 525 worden,
2725 463 2848 523 solchen
2861 466 3211 526 außgeschrikt.
3223 479 3287 539 No
3311 488 3398 548 1725

2177 581 2267 641 habe
2302 570 2346 630 Es
2380 561 2436 621 sich
2471 550 2751 610 zugetragen,
2786 547 2876 607 daß
2933 547 3249 607 Vorangewester
3260 548 3383 608 suspier

2182 666 2227 726 an
2263 655 2388 715 Einen
2435 641 2607 701 abendt
2630 635 2675 695 zu
2722 631 2802 691 Ihre
2848 628 2986 688 kommen
3009 625 3112 685 undt
3136 625 3170 685 zu
3205 625 3353 685 fruben

2187 744 2352 804 begehlt,
2365 735 2442 795 alß
2480 729 2545 789 Sie
2582 723 2685 783 aber
2723 715 2965 775 berbahtet,
2992 710 3068 770 daß
3120 707 3145 767 Er
3170 706 3285 766 schon

2196 824 2432 884 betauken
2516 806 2610 866 habe
2646 800 2706 860 Sie
2741 796 2835 856 Ihne
2872 792 3001 852 heißen
3062 787 3298 847 fetgehen

2172 926 2258 986 der
2283 902 2504 962 aberstatt
2530 886 2665 946 deßen
2739 881 2801 941 sich
2850 880 2936 940 Ihra
2986 875 3258 935 hinderruts
3282 865 3393 925 auff

2179 1014 2230 1074 Ih
2255 1002 2386 1062 betth
2399 989 2578 1049 geleget,
2591 982 2631 1042 so
2656 977 2747 1037 daß
2785 972 2838 1032 sie
2850 965 3005 1025 selben
3070 951 3146 1011 alß
3199 939 3262 999 Sie

2167 1097 2343 1157 breits
2374 1084 2446 1144 das
2475 1077 2610 1137 licht
2639 1065 2846 1125 gelöschen
2904 1051 3022 1111 undt
3037 1044 3111 1104 Ihr
3140 1033 3273 1093 Richts
3289 1024 3333 1084 zu

2173 1174 2261 1234 such
2312 1164 2464 1224 villens
2476 1157 2653 1217 ware,
2678 1152 2779 1212 auff
2804 1143 3058 1203 demselben
3082 1125 3284 1185 ligende

2178 1243 2549 1303 angetroffen,
2586 1236 2664 1296 bey
2702 1233 2779 1293 den
2817 1230 2932 1290 harn
2997 1221 3189 1281 ergiffen
3227 1202 3367 1262 undt

2175 1350 2223 1410 an
2260 1342 2334 1402 den
2371 1334 2494 1394 boden
2568 1326 2751 1386 dehogen
2838 1320 2874 1380 in
2912 1316 3035 1376 Lellh
3059 1308 3219 1368 gleiches
3243 1295 3342 1355 Zeith

2157 1432 2729 1492 Zeyfhor-Richteren,
2766 1414 2841 1474 dem
2890 1409 3015 1469 Einer
3040 1402 3164 1462 Todt,
3189 1395 3251 1455 der
3276 1387 3400 1447 ander

2177 1545 2288 1605 aber
2317 1530 2398 1590 Ihres
2441 1515 2635 1575 Ehemans
2677 1496 2982 1556 Verbandter
3023 1487 3065 1547 an
3135 1482 3203 1542 dem
3259 1478 3356 1538 Hauß

2173 1625 2482 1685 geklopfet,
2510 1603 2679 1663 welchen
2706 1595 2762 1655 Sie
2776 1583 3085 1643 anfängklich
3128 1573 3212 1633 mit
3239 1570 3352 1630 auff

2190 1718 2340 1778 machen
2364 1707 2514 1767 wollen
2584 1683 2884 1743 außforht,
2907 1666 2999 1726 daß
3046 1658 3115 1718 Sie
3139 1653 3289 1713 wegen

2162 1812 2299 1872 dieses
2328 1798 2549 1858 zufahlt
2576 1781 2728 1841 übele
2769 1766 2992 1826 gedanken
3019 1753 3128 1813 gegen
3158 1744 3253 1804 Ihre

2172 1896 2507 1956 heygmechsten
2624 1870 2830 1930 endtlich
2868 1859 2972 1919 aber
2997 1851 3101 1911 auff
3126 1838 3373 1898 ferners¬

2173 1998 2380 2058 anholtz
2412 1984 2470 2044 Ihm
2531 1975 2605 2035 die
2634 1966 2739 2026 Phur
2768 1953 2948 2013 geoffet
2977 1940 3082 2000 undt
3097 1934 3156 1994 den
3187 1923 3409 1983 betuuhen

2176 2096 2370 2156 Crissier
2404 2078 2598 2138 gelisen,
2614 2065 2680 2125 sie
2696 2050 2971 2110 ersuchende,
2989 2035 3053 2095 Ihn
3085 2027 3167 2087 auß
3215 2018 3281 2078 dem

2183 2195 2285 2255 hauß
2332 2178 2571 2238 zuschaffen.
2594 2158 2811 2218 Wornach
2845 2144 2915 2204 Sie
2938 2136 3017 2196 eine
3053 2127 3143 2187 Zeit
3166 2119 3258 2179 lang
3293 2113 3361 2173 bey

2169 2290 2247 2350 Ihra
2299 2268 2575 2328 verbliben,
2601 2248 2707 2308 Phriß
2746 2238 2852 2298 undt
2878 2230 2997 2290 trank
3036 2221 3287 2281 genoßen,
3300 2216 3404 2276 undt

2160 2369 2422 2429 verdeütet,
2434 2358 2518 2418 daß
2554 2349 2614 2409 diß
2661 2341 2757 2401 eine
2780 2331 2947 2391 geringe
3007 2320 3103 2380 sach
3127 2314 3222 2374 steye
3258 2311 3281 2371 so
3305 2309 3389 2369 nicht

2151 2458 2257 2518 Viel
2284 2454 2457 2514 zusagen
2484 2446 2616 2506 habe,
2643 2434 2910 2494 betheünete
2949 2418 3082 2478 anbey
3123 2410 3216 2470 hoch,
3243 2405 3323 2465 daß
3362 2401 3415 2461 Sie

2177 2539 2405 2599 niemahlt
2435 2534 2520 2594 das
2549 2530 2764 2590 geringste
2778 2521 3109 2581 ohngebührliche
3137 2513 3209 2573 mit
3237 2512 3295 2572 den
3323 2509 3452 2569 Cissier
