4032 3024
331 343 405 403 100
434 343 495 403 s.

628 363 802 423 begangen
854 341 1002 401 hiremit
1015 326 1095 386 Ihore
1108 314 1202 374 seits
1230 302 1336 362 dahin
1350 293 1604 353 schließendt,
1617 298 1684 358 daß

714 448 759 508 der
791 436 943 496 Verlangt
1005 410 1221 470 schudigung
1251 388 1467 448 abgelihen,
1482 377 1574 437 undt
1589 374 1713 434 dahin

642 535 865 595 angehalten
881 516 968 576 ende
985 500 1106 560 sobe,
1140 479 1328 539 widrumb
1362 465 1432 525 mit
1448 458 1569 518 Ihren
1603 455 1688 515 also

656 627 755 687 vern
803 599 1049 659 heselben
1073 574 1321 634 virkfaren
1369 548 1615 608 Ehrliben

635 711 817 771 Frnden
839 684 1087 744 gständig
1109 658 1338 718 salber.
1360 640 1473 700 Also
1495 621 1700 681 Morumn

620 795 843 855 Ehlagundt
860 744 1564 804 antwettgugsamberdaukoret,
1580 708 1667 768 habe
1700 701 1751 761 de

655 872 830 932 Wiemit
857 850 1060 910 finhalicgen
1128 828 1235 888 mehr
1249 815 1411 875 erkent,
1424 805 1545 865 daß,
1559 799 1667 859 vile

646 956 923 1016 autberteise
957 938 1039 998 leht
1055 929 1121 989 alß
1168 917 1234 977 der
1250 896 1561 956 Eissedethent
1577 875 1709 935 ohn¬

651 1045 873 1105 gebeichlict
889 1031 958 1091 mit
991 1022 1024 1082 l.
1059 1015 1092 1075 .
1109 1003 1278 1063 begangn
1295 990 1347 1050 zu
1380 978 1516 1038 haben
1550 961 1755 1021 verenen

636 1141 708 1201 ds
722 1131 867 1191 Ehebuch
881 1117 998 1177 denn
1026 1104 1128 1164 beym
1157 1088 1359 1148 senigsten
1388 1072 1490 1132 auff
1519 1063 1576 1123 Sie
1606 1055 1706 1115 nicht

657 1215 885 1275 trbisene,
900 1203 948 1263 Er
964 1198 1014 1258 sie
1046 1190 1126 1250 ohne
1144 1182 1207 1242 Vst
1223 1169 1369 1229 lüßer
1385 1157 1482 1217 undt
1514 1142 1644 1202 willen

653 1303 891 1363 unthtillig
917 1286 1144 1346 verlaßen
1209 1270 1315 1330 undt
1330 1257 1515 1317 außert
1542 1235 1688 1295 landts

637 1403 832 1463 bebens
883 1386 931 1446 eo
955 1374 1178 1434 fedtlich
1226 1358 1325 1418 iefe
1349 1347 1449 1407 ach
1500 1319 1747 1379 deschen

663 1487 869 1547 weigen,
894 1472 997 1532 as
1022 1461 1100 1521 des
1125 1449 1305 1509 geinden
1358 1432 1511 1492 ede
1564 1417 1770 1477 eften

667 1575 876 1635 schidigung
907 1562 1026 1622 nicht
1056 1545 1296 1605 zuertheilen,
1311 1528 1476 1588 sondern
1507 1515 1687 1575 gedertn

664 1665 899 1725 abgeliesen,
912 1656 1023 1716 undt
1051 1647 1175 1707 beyde
1202 1637 1314 1697 wider
1341 1628 1410 1688 alß
1451 1616 1576 1676 Ehrlich
1603 1605 1673 1665 fur

651 1756 806 1816 seinen
821 1742 945 1802 Erbet
961 1734 1023 1794 sein
1038 1724 1255 1784 sollindt.

3217 241 3302 301 103

2278 268 2562 328 Montags
2606 262 2652 322 den
2675 263 2776 323 13ten
2799 265 2991 325 Octobr.
3014 259 3127 319 1732

2617 349 2807 409 Praeses

2411 433 2445 493 Me
2469 425 2563 485 nädigen
2574 419 2668 479 Herr
2691 418 2819 478 rathsh
2902 415 3030 475 Jenrr

2574 490 2865 550 Assessores

2068 587 2159 647 Men
2173 581 2305 641 gdgHe
2332 574 2451 634 rd.
2464 570 2689 630 Morell,
2715 568 2796 628 Præ
2888 562 3166 622 Späthing,
3193 553 3339 613 Fra¬

2102 656 2300 716 Müller,
2324 641 2498 701 Major
2548 631 2808 691 Schmaltz.

2079 777 2506 837 Schbarhenburg
2554 759 2711 819 Craf.
2744 751 3030 811 Außeoen
3045 748 3171 808 gndigen
3204 746 3300 806 Herr

2110 852 2414 912 ingesanten
2457 834 2620 894 bericht
2663 826 2837 886 habend
2880 822 2956 882 Sie
2999 821 3065 881 deß
3108 820 3325 880 mehreren

2108 935 2310 995 etzechen,
2333 924 2441 984 mit
2465 918 2572 978 waß
2621 911 2703 971 für
2740 901 3049 961 genomenes
3084 892 3346 952 müehballs

1826 994 1986 1054 tabis
2022 974 2077 1034 o.

2080 1026 2156 1086 fer
2189 1014 2276 1074 H.
2299 1000 2473 1060 Praef.
2495 991 2572 1051 den
2615 982 2867 1042 allhiesigen
2911 972 3293 1032 Stallenmeister

1826 1058 2010 1118 Sollerster

2094 1101 2280 1161 Dubuis
2316 1086 2351 1146 so
2385 1078 2491 1138 bohl
2550 1067 2619 1127 als
2644 1063 2713 1123 sie
2760 1055 2935 1115 hinder
2983 1047 3180 1107 Albligen
3205 1042 3286 1102 sich

2108 1174 2332 1234 schwanger
2371 1152 2696 1212 befindende
2760 1138 2910 1198 Jeane
2947 1132 3198 1192 francoise
3237 1128 3363 1188 Hang¬

1837 1171 1985 1231 Canthier
2015 1152 2104 1212 reane

1832 1229 1998 1289 Pranconde

2109 1266 2199 1326 Mich
2246 1249 2349 1309 sahr
2383 1240 2475 1300 zur
2520 1225 2852 1285 bekandtnuß
2922 1215 3162 1275 gebracht,
3185 1211 3277 1271 daß

2091 1338 2307 1398 nambl.
2342 1326 2415 1386 der
2463 1318 2644 1378 Dubais
2679 1312 2739 1372 der
2776 1309 2932 1369 währe
2967 1306 3135 1366 Vatter
3159 1304 3279 1364 ihrer

2086 1430 2391 1490 tragenden
2414 1407 2742 1467 leibesfrucht
2776 1394 2941 1454 seye:
2987 1386 3128 1446 Wan
3186 1381 3280 1441 wir

2093 1522 2189 1582 nin
2238 1514 2287 1574 ab
2323 1506 2480 1566 seinen
2529 1490 2832 1550 dißährtigen
2858 1474 3222 1534 Verrichtungen
3258 1469 3306 1529 ein

2090 1603 2340 1663 sattsames
2374 1581 2659 1641 Vermuegen
2695 1567 2877 1627 hegen,
2911 1558 3127 1618 Habend
3161 1554 3264 1614 wir

2081 1704 2223 1764 Ihme
2248 1687 2403 1747 solches
2456 1667 2700 1727 hierdurch
2727 1652 3023 1712 verdeüten,
3049 1647 3152 1707 und
3191 1646 3360 1706 dung¬

2082 1792 2222 1852 selben
2254 1777 2373 1837 anby
2428 1757 2699 1817 fründtlich
2731 1739 2936 1799 ersuchen
2979 1729 3163 1789 wollen,
3184 1726 3239 1786 zu

2090 1858 2479 1918 veranstallten,
2515 1836 2594 1896 daß
2652 1826 2721 1886 die
2766 1814 2985 1874 Hauthier
3019 1806 3156 1866 nichts
3192 1805 3305 1865 desto

2101 1942 2289 2002 beiiger
2335 1930 2383 1990 in
2449 1920 2552 1980 ihrer
2609 1907 2806 1967 genißt,
2825 1900 2892 1960 bie
2938 1896 3051 1956 schen
3070 1894 3211 1954 hievor
3240 1896 3363 1956 pter¬

2093 2023 2297 2083 ordnet,
2319 2002 2653 2062 Examiniert
2675 1990 2739 2050 und
2749 1986 2826 2046 Mein
2836 1982 2922 2042 gnädigen
2933 1980 3020 2040 Herren
3030 1977 3127 2037 ihres
3160 1975 3310 2035 ausag

2091 2108 2313 2168 berichtet
2361 2085 2631 2145 berdind.
2686 2070 2706 2130 N
2825 2062 2873 2122 in
2937 2056 3087 2116 obigem
3152 2048 3328 2108 schreiben

2107 2185 2211 2245 hatte
2251 2176 2329 2236 H.
2355 2165 2500 2225 Lvogt
2539 2154 2619 2214 der
2658 2140 2869 2200 Lanthier
2895 2124 3198 2184 schrifftliche
3237 2116 3343 2176 Re¬

2093 2254 2377 2314 kandtnuß
2425 2229 2791 2289 eingeschikt.

2077 2369 2161 2429 mr
2205 2360 2386 2420 Nilaus
2439 2348 2546 2408 Subi
2578 2340 2653 2400 dem
2706 2326 2898 2386 läüffer
2942 2315 3016 2375 von
3049 2308 3198 2368 allhier
3219 2305 3304 2365 mit

2081 2457 2217 2517 Ifrl.
2230 2449 2326 2509 Anna
2367 2434 2585 2494 Caparina
2640 2412 2885 2472 Egginan
2926 2398 3008 2458 von
3022 2389 3266 2449 Frißbeill

1820 2447 1887 2507 Milh
1920 2461 2052 2521 ilauß

2089 2540 2241 2600 Kirchen
2273 2528 2382 2588 recht
2414 2520 2458 2580 zu
2501 2510 2654 2570 hallten
2686 2496 2904 2556 bebilliget
2968 2483 3110 2543 deßen
3132 2479 3251 2539 Zedel
3283 2474 3316 2534 an

1834 2534 1989 2594 Eognmay
2013 2544 2084 2604 Vero

2074 2613 2257 2673 Mengde
2270 2605 2335 2665 er
2375 2590 2532 2650 hueger
2557 2571 2729 2631 Cormmer

1825 2601 1996 2661 Rharine
