4032 3024
790 283 1043 343 Vensingend.
1069 251 1189 311 Cons.
1243 233 1442 293 Weillen
1468 232 1574 292 Hanß
1628 244 1763 304 Stuk¬

592 319 702 379 104h

529 442 717 502 bele
910 357 1067 417 ese
1159 324 1224 384 n
1286 305 1732 365 erelgestas

780 452 974 512 surcgang
1000 420 1104 480 auch
1130 400 1247 460 nicht
1259 382 1493 442 vollhagt,
1521 380 1610 440 auch
1651 391 1768 451 hoch¬

793 533 971 593 stenket
999 504 1094 564 haben
1110 488 1178 548 soll
1205 470 1344 530 solcheß
1384 456 1564 516 nimmet
1578 461 1688 521 emehr
1715 476 1785 536 hin¬

517 544 783 604 Sigesteten

754 626 897 686 Gen,
945 594 1087 654 ed
1110 563 1323 623 Mechtin
1372 542 1537 602 geferen
1585 544 1728 604 ole,

756 710 941 770 shelbigen
958 682 1043 742 auf
1076 656 1230 716 sonstag
1247 640 1315 700 den
1332 633 1398 693 61te
1415 628 1533 688 9obris
1552 633 1704 693 nächst

776 784 984 844 beechtig
1001 746 1278 806 vinsehlbacht
1295 720 1434 780 allhas
1468 712 1521 772 vot
1555 714 1712 774 Mehts
1729 725 1762 785 zu

777 862 920 922 halts.

796 963 949 1023 Johanen
990 940 1129 1000 Frah.
1156 917 1336 977 Weillen
1350 901 1489 961 lauht
1503 896 1559 956 deß
1600 898 1671 958 Hr
1684 905 1810 965 Pras.

778 1046 912 1106 Meg
926 1022 1167 1082 eingesenten
1193 997 1356 1057 Berichts
1383 986 1449 1046 die
1489 979 1584 1039 Anc
1610 976 1745 1036 Terral

568 1079 706 1139 Lausen

785 1121 1017 1181 gerbrauhet,
1030 1102 1108 1162 und
1135 1089 1211 1149 auf
1251 1071 1522 1131 angesetzten
1548 1062 1613 1122 Tag
1651 1061 1769 1121 gegen

548 1132 685 1192 Abberth

799 1205 909 1265 Albert
935 1188 1058 1248 Lansue
1096 1173 1170 1233 vor
1195 1161 1295 1221 Weht
1319 1151 1418 1211 nicht
1443 1140 1703 1200 erscheinen

525 1247 653 1307 Sornas
678 1226 768 1286 Atae.

786 1284 903 1344 konnen
928 1274 992 1334 dad
1019 1265 1083 1325 min
1095 1256 1199 1316 gnädigen
1212 1243 1315 1303 Herrn
1328 1236 1368 1296 von
1393 1230 1457 1290 Jag
1497 1223 1588 1283 zeum
1639 1219 1806 1279 abspruch

799 1370 869 1430 auch
883 1357 1040 1417 denstag
1054 1345 1112 1405 den
1126 1339 1182 1399 63.
1196 1331 1269 1391 9d.
1297 1314 1652 1374 nächstküünfftig
1696 1312 1752 1372 ger

786 1453 899 1513 setzet,
921 1444 978 1504 der
1012 1429 1295 1489 meinung,
1317 1416 1397 1476 daß
1453 1408 1588 1468 beyde
1623 1405 1690 1465 als
1703 1403 1792 1463 dann

797 1537 842 1597 bie
877 1531 958 1591 auch
980 1526 1038 1586 H.
1061 1518 1199 1578 Lansue
1246 1510 1302 1570 der
1326 1503 1463 1563 Vatter
1476 1497 1510 1557 vo
1532 1495 1579 1555 in
1590 1492 1682 1552 gnädigen
1695 1489 1787 1549 Herre
1809 1489 1845 1549 ve¬

781 1622 961 1682 scheinen,
972 1613 1063 1673 mit
1085 1607 1130 1667 den
1165 1594 1492 1654 Verkündungn
1514 1582 1549 1642 so
1582 1578 1638 1638 sie
1672 1574 1796 1634 etwan

791 1710 939 1770 begehrt
950 1699 1122 1759 burden,
1145 1690 1203 1750 biß
1237 1678 1442 1738 außtrag
1476 1665 1648 1725 handels
1682 1657 1808 1717 inge¬

790 1791 935 1851 hallten,
958 1785 1031 1845 und
1067 1780 1152 1840 demn
1175 1775 1284 1835 allten
1308 1768 1452 1828 Lauene
1525 1761 1584 1821 biß
1632 1754 1728 1814 Jasi

789 1878 849 1938 ser
872 1867 1089 1927 umbgang
1137 1859 1222 1919 mit
1245 1856 1306 1916 der
1330 1852 1474 1912 Terrat
1498 1845 1715 1905 verbotten
1727 1836 1786 1896 sei

807 1942 916 2002 solle.

818 2035 918 2095 Bep.
929 2032 1018 2092 Cons.
1041 2030 1108 2090 Vide
1130 2030 1197 2090 vor:
1220 2030 1331 2090 Man:
1354 2030 1443 2090 Auß
1478 2029 1533 2089 iIhm
1555 2027 1612 2087 Min
1623 2023 1713 2083 gnädigen
1724 2017 1801 2077 Herr

539 2051 677 2111 Ariolat
699 2050 780 2110 otber

812 2107 1065 2167 übermachtem
1098 2115 1259 2175 bericht,
1271 2122 1396 2182 habind
1431 2126 1501 2186 Sie
1534 2124 1729 2184 ersechen,
1753 2114 1798 2174 daß

545 2165 702 2225 Grevoulet
722 2165 801 2225 Feane

803 2185 850 2245 der
886 2185 981 2245 Abel
1005 2189 1183 2249 Ariolat
1219 2198 1314 2258 alles
1349 2203 1408 2263 das
1433 2206 1634 2266 jeetige,
1659 2201 1693 2261 so
1718 2198 1753 2258 er

561 2230 687 2290 Marie

808 2260 925 2320 wider
957 2264 1053 2324 Jeane
1096 2272 1235 2332 Marid
1256 2281 1436 2341 Grevoalet
1469 2287 1585 2347 seine
1618 2284 1713 2344 sohns
1724 2279 1809 2339 fr.

821 2341 1021 2401 geschriben,
1043 2354 1289 2414 retractiert,
1323 2366 1400 2426 und
1435 2370 1501 2430 sich
1534 2368 1657 2428 wider
1692 2363 1747 2423 die

811 2421 874 2481 von
888 2427 952 2487 ihre
991 2439 1107 2499 gegen
1132 2452 1262 2512 seinen
1288 2462 1365 2522 soho
1390 2467 1596 2527 begehrte
1636 2459 1802 2519 schier¬

806 2499 958 2559 Rigung
1005 2515 1112 2575 nicht
1143 2531 1250 2591 mehr
1265 2547 1402 2607 setze,
1417 2556 1495 2616 sie
1525 2558 1709 2618 selbige
1739 2542 1771 2602 a

2173 255 2249 315 von
2282 240 2445 300 frischen
2498 229 2715 289 begehre,
2737 229 2801 289 der
2846 230 2964 290 allhar
2997 232 3083 292 geiß
3128 232 3214 292 aber
3246 228 3410 288 enthoben

1954 250 2034 310 104

2161 323 2260 383 sein
2296 306 2530 366 mröchte.
2568 295 2679 355 Wan
2727 292 2814 352 aber
2850 292 2961 352 nicht
2999 292 3122 352 Ttili,
3146 293 3221 353 daß
3245 295 3431 355 schindig¬

2176 392 2348 452 jungen
2379 370 2613 430 überfelld
2643 359 2836 419 ertheilt
2867 356 3080 416 werden.
3100 356 3152 416 So
3182 356 3355 416 verdet

2166 472 2240 532 Ihr
2265 446 2561 506 angesonen,
2573 430 2757 490 solcheren
2783 426 2832 486 zu
2880 425 3140 485 verdeüten,
3165 424 3239 484 daß
3276 423 3300 483 so
3326 421 3399 481 ihro

2170 548 2233 608 diß
2283 528 2397 588 ohrts
2422 512 2573 572 etwaß
2611 499 2827 559 angelege
2864 494 2927 554 sie
2953 493 3028 553 sich
3066 490 3142 550 nach
3167 489 3294 549 dibsen
3319 485 3421 545 ser¬

2178 609 2391 669 fleßenen
2423 589 2584 649 hnebst
2605 577 2735 637 ferien
2777 569 2831 629 von
2894 561 3098 621 nderrn
3108 556 3248 616 stellen
3269 553 3399 613 solle.

2171 691 2262 751 und
2290 679 2446 739 beillen
2491 667 2556 727 der
2601 657 2721 717 allte
2766 642 2978 702 Aviolat
3014 628 3280 688 nachteilige
3317 626 3410 686 sachen

2169 770 2309 830 wider
2336 750 2476 810 seine
2503 732 2747 792 sohwfrl.
2772 717 2977 777 geschriben
3004 710 3055 770 sin
3093 705 3132 765 es
3157 700 3299 760 zurub

2172 845 2341 905 nemen
2376 825 2591 885 müeßten
2637 809 2761 869 gegen
2783 798 2908 858 Ihnen
2931 790 3010 850 dan
3067 779 3282 839 penittent
3317 773 3408 833 er¬

2165 915 2322 975 biesen,
2345 899 2458 959 solle
2480 885 2662 945 selbiges
2695 875 2762 935 wi
2808 869 2864 929 der
2898 863 3022 923 Ehrb.
3046 859 3113 919 von
3135 856 3192 916 dem
3237 854 3294 914 H.
3317 851 3408 911 Sub.

2186 996 2244 1056 bey
2288 977 2482 1037 scharpfte
2511 958 2674 1018 fenrun
2719 947 2763 1007 zu
2822 938 3074 998 empfahrn
3105 935 3222 995 haben

2182 1124 2403 1184 ssertines
2434 1111 2550 1171 Cons.
2571 1104 2666 1164 Auß
2720 1093 2909 1153 Eüberein
2930 1083 3130 1143 schreiben
3152 1075 3289 1135 habend
3320 1071 3393 1131 wie

2157 1203 2449 1263 verstanden,
2469 1187 2532 1247 wie
2574 1180 2646 1240 daß
2689 1172 2803 1232 Jeane
2845 1160 3064 1220 Exthienat
3095 1152 3220 1212 Zalag
3251 1145 3397 1205 Eübere

2169 1281 2431 1341 angehörige
2472 1262 2634 1322 bereits
2674 1253 2745 1313 Ao
2765 1247 2886 1307 1728.
2906 1242 2967 1302 ein
3007 1237 3220 1297 unEhelich
3240 1234 3340 1294 kind

2185 1365 2208 1425 vu
2277 1344 2605 1404 betttegekohren
2651 1328 2756 1388 ohne
2804 1319 2933 1379 einen
2979 1313 3130 1373 andern
3155 1311 3283 1371 Vatter
3306 1312 3364 1372 als

1924 1371 2075 1431 Gatais
2090 1360 2175 1420 hain

2170 1435 2287 1495 mn
2322 1423 2616 1483 unbekanten
2639 1406 2861 1466 frembden
2898 1396 3049 1456 neuen
3085 1392 3120 1452 zu
3167 1391 3308 1451 konen

1940 1441 2140 1501 Gothienal

2152 1518 2375 1578 deßtbege
2399 1502 2457 1562 sie
2505 1492 2599 1552 schon
2622 1481 2822 1541 famahls
2845 1470 2975 1530 lauth
3010 1462 3186 1522 Unserer
3210 1457 3435 1517 Erkandt¬

2171 1592 2464 1652 nußselben
2521 1573 2627 1633 hätte
2674 1558 2990 1618 nachgebiehen
3013 1548 3189 1608 werden
3223 1543 3388 1603 sollen,

2149 1682 2299 1742 denoch
2333 1669 2369 1729 in
2403 1654 2646 1714 hoffnung
2680 1636 2946 1696 künfftiger
2992 1627 3223 1687 beserung
3269 1624 3339 1684 bey

2159 1758 2255 1818 Eich
2290 1737 2528 1797 geduldet
2565 1722 2743 1782 worden,
2780 1711 3041 1771 sermahlen
3065 1704 3161 1764 aber
3197 1699 3293 1759 habe
3316 1695 3363 1755 sie

2158 1840 2238 1900 das
2283 1825 2341 1885 de
2375 1807 2627 1867 uneheliche
2662 1789 2777 1849 Kind
2822 1779 3074 1839 erzeeiget,
3097 1772 3200 1832 und
3224 1768 3361 1828 zwahr

2175 1907 2313 1967 einen
2339 1887 2652 1947 geständigen
2679 1868 2841 1928 Vatter
2879 1860 3004 1920 deßen
3031 1852 3281 1912 dergestellt
3307 1849 3356 1909 ihr

2167 1991 2255 2051 aber
2287 1976 2528 2036 begehret,
2562 1963 2626 2023 daß
2682 1954 2737 2014 sie
2770 1947 2901 2007 lauth
2922 1940 3055 2000 erster
3098 1929 3383 1989 Erkandtnuß

2167 2077 2255 2137 auß
2299 2067 2367 2127 dem
2422 2054 2534 2114 land
2556 2043 2756 2103 gebiesen
2778 2031 2945 2091 werde:
2967 2022 3090 2082 deßt
3101 2016 3201 2076 bege
3235 2010 3313 2070 wie
3335 2006 3401 2066 Euch

2169 2172 2236 2232 die
2270 2147 2574 2207 Wegbechung
2619 2127 2699 2187 dahr
2732 2118 2923 2178 erteilen
2946 2108 3115 2168 wollen,
3137 2104 3206 2164 die
3228 2098 3375 2158 diß¬

2168 2243 2324 2303 tethige
2367 2219 2722 2279 Handtgiethung
2765 2200 2823 2260 bey
2879 2188 3064 2248 Eüberen
3106 2179 3164 2239 H.
3192 2173 3406 2233 Amptman

2157 2338 2213 2398 zu
2256 2330 2428 2390 suchen.
