4032 3024
455 259 551 319 106

354 454 422 514 zum
478 448 590 508 Rach

351 516 517 576 Johannes

357 713 475 773 Lüthi
496 706 625 766 Maria

359 1543 494 1603 Sihrer
520 1534 655 1594 Reundbloch

339 1648 448 1708 Raser
464 1637 637 1697 Garbars

681 267 914 327 Oberhofen
952 258 1070 318 Cons.
1095 251 1186 311 Nach
1199 248 1237 308 d
1262 246 1328 306 Min
1340 245 1444 305 gnädigen
1457 247 1547 307 Herre
1573 254 1638 314 ihre
1664 271 1767 331 weer

660 350 826 410 Johannes
840 343 923 403 zum
980 336 1077 396 Rach
1090 329 1284 389 seren
1311 326 1604 386 angehötigen
1631 335 1701 395 mit

655 444 772 504 Marid
812 434 915 494 Ledt.
941 426 1007 486 von
1046 415 1295 475 Thieracheren
1320 412 1621 472 vorhabenden
1646 432 1739 492 Ehe¬

667 516 916 576 eingeseldte
946 499 1269 559 weigerungs
1299 493 1462 553 grund,
1490 500 1681 560 selbigem

658 604 866 664 eröffnet,
891 593 982 653 hatt
995 590 1035 650 er
1060 587 1164 647 seren
1191 586 1360 646 etwelche
1386 586 1424 646 zu
1464 592 1697 652 widerlegen

667 685 799 745 ondere
835 678 932 738 aber
967 672 1003 732 zu
1052 667 1280 727 erläutern
1304 667 1497 727 begehrt,
1521 676 1700 736 welcheß

643 781 719 841 Men
731 774 821 834 gdge
872 765 924 825 er
949 760 1000 820 in
1012 756 1077 816 ihr
1102 753 1165 813 der
1192 749 1305 809 ehrbin
1320 749 1498 809 abbesen
1523 755 1651 815 nacht

665 857 833 917 zugeben
857 850 1025 910 wollen,
1049 845 1228 905 sondern
1252 844 1313 904 den
1349 845 1422 905 tag
1457 847 1528 907 zum
1578 856 1734 916 entlichen

664 949 851 1009 abspruch
880 942 939 1002 deß
981 937 1199 997 geschafft
1228 937 1299 997 auf
1344 938 1531 998 sonstag
1560 942 1604 1002 den
1633 947 1735 1007 6t.

661 1041 780 1101 gbris
806 1029 1165 1089 nächstkünfftig
1193 1024 1391 1084 gesetzet,
1405 1027 1497 1087 auf
1538 1033 1670 1093 belche

650 1124 760 1184 zeith
786 1116 995 1176 Partheyn
1032 1113 1107 1173 sich
1132 1112 1194 1172 von
1206 1114 1292 1174 näie
1304 1114 1367 1174 hrr
1404 1116 1540 1176 stellen,
1552 1118 1603 1178 si
1639 1118 1700 1178 dan

661 1213 736 1273 ihre
780 1197 1184 1257 außgeschoßenen
1214 1198 1348 1258 allhar
1379 1198 1498 1258 halten
1528 1193 1664 1253 berdn.

674 1353 916 1413 Oberhofen
956 1348 1091 1408 Cons.
1118 1346 1348 1406 Garbaro
1388 1350 1523 1410 Köser
1563 1360 1767 1420 Rudsloh.

660 1437 808 1497 Führer
845 1432 957 1492 Ihreß
1008 1432 1292 1492 Angehörigen
1317 1435 1490 1495 Ehefel.
1504 1441 1601 1501 habe
1614 1445 1725 1505 Mehte

679 1518 849 1578 klagend
883 1516 1200 1576 angebracht,
1223 1516 1279 1576 bie
1325 1517 1405 1577 daß
1449 1519 1653 1579 gedachter
1677 1518 1722 1578 ihr

655 1608 824 1668 Eheman
881 1604 961 1664 sich
983 1604 1153 1664 äußert
1176 1606 1357 1666 Landts,
1391 1607 1448 1667 sie
1482 1606 1550 1666 die
1572 1603 1708 1663 Mutter

680 1690 787 1750 nicht
813 1689 860 1749 im
896 1688 1028 1748 stand
1077 1688 1137 1748 sich
1172 1688 1389 1748 befinde,
1413 1687 1474 1747 das
1510 1685 1593 1745 mit
1618 1682 1701 1742 ihme

661 1772 901 1832 erzeugete
934 1771 1043 1831 vnnd
1075 1771 1249 1831 ferners
1294 1771 1326 1831 zu
1369 1769 1610 1829 verzorgen,
1631 1763 1708 1823 Vnß

653 1863 798 1923 Meg
822 1856 1042 1916 ersuichend
1078 1855 1151 1915 bey
1187 1855 1321 1915 ihmen
1345 1856 1455 1916 dahi
1491 1856 1552 1916 ein
1576 1856 1760 1916 zulangen

650 1946 724 2006 Daß
773 1939 847 1999 ihro
883 1936 1008 1996 solches
1044 1936 1316 1996 abgenommen
1354 1936 1489 1996 berden
1525 1933 1686 1993 möchte

665 2032 753 2092 wran
779 2027 843 2087 min
856 2024 958 2084 gnädigen
971 2023 1059 2083 Herrn
1084 2021 1250 2081 Froauch
1277 2021 1530 2081 entsprechen,
1543 2018 1620 2078 und
1645 2016 1696 2076 sie

659 2110 855 2170 ansinen
890 2107 1074 2167 wollen,
1097 2107 1329 2167 zumahlen
1353 2108 1433 2168 ihre
1457 2107 1689 2167 schbiger¬

672 2184 811 2244 eltern
832 2183 874 2243 in
916 2183 1076 2243 höchster
1119 2185 1342 2245 armuth,
1363 2183 1470 2243 und
1491 2180 1544 2240 sie
1588 2176 1640 2236 die

657 2263 779 2323 Käser
814 2260 880 2320 sich
904 2260 1184 2320 erläuteret,
1206 2263 1306 2323 alles
1352 2264 1418 2324 das
1453 2264 1486 2324 so
1508 2262 1564 2322 sie
1597 2260 1676 2320 mit

661 2341 802 2401 Vienen
822 2339 1053 2399 verdienen
1073 2341 1183 2401 berde
1213 2342 1244 2402 zu
1284 2342 1525 2402 erhaltung
1555 2341 1707 2401 deß¬

669 2407 800 2467 kindts
823 2409 877 2469 bey
911 2411 954 2471 zu
999 2413 1174 2473 tragen,
1196 2414 1284 2474 ihre
1327 2414 1449 2474 solcheß
1492 2414 1668 2474 abneun

666 2486 742 2546 und
769 2490 1023 2550 verpflegen
1047 2497 1086 2557 zu
1136 2500 1263 2560 lasen

1845 413 1979 473 Grinrt
1996 385 2110 445 keden

1838 597 1963 657 frenel
1979 577 2073 637 Aacher

1838 1250 1959 1310 Jherton
1973 1236 2004 1296 s.
2033 1237 2140 1297 ros.

1846 1394 1988 1454 Eegnols
2020 1388 2114 1448 Borcht

1850 2326 1935 2386 Sudat
1966 2334 2051 2394 Erther

1850 2400 1948 2460 Strat
1973 2410 2085 2470 Biern.

1852 2467 2031 2527 Abraham.

2119 264 2536 324 Ruoperstbeill
2580 259 2686 319 Cons:
2718 263 2825 323 Weil
2858 266 2911 326 mine
2922 266 3007 326 gnädigen
3018 264 3114 324 Herrn
3158 253 3254 313 107

2146 338 2459 398 aldelbwürdig
2490 325 2700 385 berichtet
2720 328 2897 388 worden,
2918 330 2992 390 daß
3033 332 3076 392 in
3117 332 3212 392 dem,
3243 328 3348 388 Ehe¬

2137 420 2330 480 geschafft
2362 401 2566 461 zbüschen
2599 397 2835 457 Fridenrich
2867 398 3029 458 Berner
3071 400 3180 460 ihrem
3233 398 3351 458 bengeg

2140 495 2292 555 hörigen
2331 479 2406 539 und
2445 467 2661 527 Catharina
2698 461 2864 521 Ermels
2889 460 3003 520 Ihreß
3042 461 3335 521 Kindersaßen

2126 566 2282 626 tochter
2315 553 2427 613 eine
2471 541 2761 601 unerlaubte
2807 538 3108 598 machenschafft
3119 538 3343 598 vorgangen

2110 638 2331 698 formen
2353 622 2447 682 Hanß
2511 608 2744 668 Nediger,
2765 601 2923 661 Joachim
2987 599 3166 659 Richner
3209 601 3292 661 und

2136 714 2271 774 Ullrich
2307 698 2468 758 Richner
2517 684 2776 744 gehandlet,
2801 679 2875 739 hanm
2887 677 2950 737 min
2962 677 3060 737 gnädigen
3072 677 3159 737 Herr
3183 680 3232 740 Sie
3256 683 3369 743 ange¬

2130 790 2251 850 sinen
2287 777 2433 837 wollen
2470 761 2737 821 angeregte
2773 749 3018 809 samtliche
3054 749 3309 809 Porthegen

2135 867 2213 927 auf
2251 855 2432 915 sonstag
2472 847 2510 907 den
2535 843 2613 903 6.ten
2626 838 2743 898 9bris.
2769 833 2897 893 nächst
2910 830 3118 890 brunfftig
3144 829 3350 889 emfehle

2120 952 2224 1012 Jahr
2250 938 2356 998 allhar
2382 927 2460 987 voen
2486 920 2590 980 gädien
2605 915 2696 975 Heren
2709 912 2747 972 zu
2787 909 2945 969 hallten.

2113 1078 2298 1138 Gorepo
2333 1063 2468 1123 Praf.
2485 1053 2653 1113 Obschon
2670 1047 2755 1107 der.
2772 1043 2840 1103 H.
2874 1039 2940 1099 von
2957 1036 3177 1096 Eiqnaerles
3194 1033 3329 1093 begen

2147 1157 2265 1217 senen
2288 1150 2359 1210 von
2394 1145 2452 1205 der
2476 1138 2594 1198 Ehrb.
2606 1134 2640 1194 zu
2687 1128 2793 1188 Cleo
2817 1120 3016 1180 Eignerober
3041 1115 3122 1175 und
3147 1112 3345 1172 Balaigues

2137 1244 2252 1304 wider
2277 1237 2357 1297 ihne
2392 1224 2649 1284 füehrenden
2672 1213 2847 1273 klägdten
2858 1208 2975 1268 lauf
2987 1206 3033 1266 es
3056 1205 3104 1265 er
3127 1205 3138 1265 e
3196 1205 3232 1265 en
3255 1207 3384 1267 eneer

2123 1318 2386 1378 eingesenten
2409 1305 2547 1365 bericht
2581 1296 2684 1356 nicht
2696 1292 2765 1352 vor
2788 1286 2891 1346 Ihme
2925 1279 3142 1339 erschinen,
3155 1274 3349 1334 sondern

2126 1404 2230 1464 einen
2260 1392 2405 1452 Recurs
2425 1380 2685 1440 interjiciert;
2715 1370 2767 1430 So
2787 1368 2870 1428 haben
2880 1364 2933 1424 mine
2943 1362 3026 1422 gnädigen
3036 1361 3118 1421 Herre
3128 1361 3232 1421 nichts
3264 1361 3356 1421 desto

2113 1484 2304 1544 weniger
2350 1473 2417 1533 bey
2463 1466 2553 1526 Ihrer
2588 1456 2801 1516 hievorigen
2835 1446 3107 1506 Erkandtnuß
3152 1441 3345 1501 verbleiben

2130 1571 2210 1631 und
2243 1567 2289 1627 den
2312 1563 2403 1623 herrn
2414 1558 2527 1618 Praf.
2551 1550 2733 1610 ansuchen
2766 1543 2937 1603 wollen,
2959 1538 3176 1598 bemellten
3187 1536 3267 1596 hrrn
3278 1535 3334 1595 von

2125 1655 2327 1715 Lignerobs
2367 1641 2640 1701 widermahls
2659 1634 2811 1694 sambt
2831 1631 2982 1691 seiner
3013 1628 3185 1688 Parthey
3215 1624 3274 1684 vor
3296 1622 3355 1682 sich

2123 1739 2157 1799 zu
2205 1729 2462 1789 bescheiden,
2485 1720 2579 1780 und
2615 1717 2673 1777 der
2697 1714 2814 1774 Eheb.
2837 1713 2872 1773 in
2908 1711 2943 1771 so
2966 1709 3096 1769 weith
3119 1705 3165 1765 sie
3201 1700 3378 1760 begründt

2117 1816 2175 1876 sen
2214 1804 2361 1864 wirdt,
2382 1792 2596 1852 kräfftige
2635 1783 2734 1843 hand
2763 1781 2803 1841 zu
2851 1776 3037 1836 giethen,
3057 1772 3273 1832 beleßte

2116 1886 2325 1946 Buricoud
2359 1873 2452 1933 aber
2497 1865 2601 1925 ohne
2636 1858 2821 1918 ferners
2855 1854 2890 1914 in
2925 1851 2994 1911 ihr
3018 1849 3134 1909 Gnl.
3157 1846 3261 1906 schloß

2125 1965 2188 2025 zur
2221 1948 2520 2008 abbüeßung
2562 1940 2595 2000 zu
2638 1935 2809 1995 hallten,
2830 1930 2916 1990 auch
2948 1927 3054 1987 fahls
3077 1924 3130 1984 der
3151 1921 3163 1981 H
3226 1918 3290 1978 von

2119 2047 2340 2107 Lignerobes
2374 2036 2440 2096 vor
2473 2031 2540 2091 dem
2594 2024 2661 2084 H.
2683 2018 2805 2078 Praf.
2827 2012 2938 2072 nicht
2960 2004 3193 2064 erscheinen
3214 2000 3371 2060 wollte,

2097 2134 2176 2194 Meen
2204 2126 2296 2186 ege
2309 2116 2444 2176 en
2470 2110 2511 2170 u
2537 2105 2724 2165 berichten

2098 2261 2190 2321 Vide
2220 2256 2384 2316 voriges
2424 2247 2558 2307 Man:
2588 2238 2813 2298 demnach
2844 2230 2977 2290 Aither
3008 2224 3161 2284 Bredat
3192 2221 3263 2281 von
3284 2221 3377 2281 Chis¬

2112 2336 2190 2396 villi
2219 2331 2317 2391 mit
2347 2323 2553 2383 Zustand
2592 2312 2729 2372 David
2759 2304 2887 2364 Lansa
2926 2300 2955 2360 o
2965 2298 3024 2358 Min
3034 2295 3112 2355 gnädigen
3123 2293 3200 2353 Herren
3210 2291 3367 2351 erschinen

2122 2419 2208 2479 vind
2233 2411 2455 2471 klagend
2494 2395 2778 2455 angebracht,
2790 2386 2903 2446 waß
2939 2380 3162 2440 gestallten
3174 2378 3237 2438 H.
3250 2378 3360 2438 Parre

2118 2502 2310 2562 Abraham
2364 2490 2556 2550 Dlitrat
2600 2483 2663 2543 von
2686 2476 2899 2536 Losanen,
2921 2469 3050 2529 belcher
3082 2462 3189 2522 begen
3221 2457 3285 2517 deß

2118 2593 2323 2653 zwüschen
2348 2586 2476 2646 Ihnen
2501 2574 2769 2634 geballteten
2796 2557 3026 2617 Cnvotoria
3077 2549 3307 2609 geschasfes
