4032 3024
459 271 551 331 108

377 1754 435 1814 qil
452 1751 460 1811 y
476 1748 560 1808 avoit
576 1745 659 1805 passé

384 1801 417 1861 5.
424 1797 489 1857 Ans
506 1791 554 1851 qla

371 2013 495 2073 Sauvan
527 2000 641 2060 Susane

390 2110 493 2170 favre
526 2102 602 2162 Iac

683 271 782 331 undb
801 264 883 324 ale
902 255 1042 315 achsten
1062 245 1163 305 gege
1202 240 1261 300 vie
1281 239 1463 299 verselt
1503 257 1643 317 worde,
1682 287 1741 347 ite

668 365 732 425 die
748 351 911 411 Jeniges
930 338 978 398 so
994 332 1042 392 vin
1077 322 1189 382 begen
1224 316 1272 376 der
1304 314 1419 374 alhan
1451 319 1518 379 gen
1566 342 1764 402 ensellen

676 449 718 509 den
745 441 816 501 23te
844 433 901 493 Maj
929 425 986 485 1.
1013 415 1084 475 Men
1112 407 1210 467 nädigen
1224 400 1322 460 Herre
1366 399 1519 459 rhenen
1549 413 1689 473 gelitten

692 530 793 590 nicht
809 517 1013 577 abfüehren
1042 498 1174 558 wollen,
1203 482 1407 542 desothalten
1436 479 1510 539 sein
1525 482 1628 542 Ihne
1642 495 1760 555 Luche¬

654 621 729 681 nädien
750 610 826 670 eden
836 590 1105 650 ergebiesenen
1137 570 1320 630 Mandats
1352 566 1471 626 allhar
1492 571 1674 631 vittieren

675 693 820 753 laßen,
844 685 880 745 er
904 678 990 738 aber
1014 664 1207 724 ohngeacht
1231 653 1329 713 deßen
1353 650 1474 710 nicht
1498 655 1692 715 erschinen

656 777 801 837 Jahero
827 769 907 829 auf
933 761 986 821 den
1012 749 1210 809 Zeyspreuch
1236 735 1474 795 sambtlicher
1501 741 1646 801 kesten

669 854 943 914 schließend:
969 833 1180 893 derobegen
1205 824 1242 884 so
1268 817 1406 877 habend
1431 817 1580 877 ween
1593 821 1655 881 eine

682 947 846 1007 maßen
870 938 934 998 sin
971 932 1034 992 die
1071 922 1222 982 Bredaf
1261 916 1298 976 den
1322 912 1410 972 23ten
1424 911 1512 971 May
1537 911 1676 971 1731.

676 1030 923 1090 Persehnlich
936 1016 1002 1076 vor
1028 1009 1105 1069 vnß
1132 1001 1339 1061 erschinen,
1367 996 1457 1056 und
1484 995 1523 1055 er
1548 996 1704 1056 hiemit

679 1116 841 1176 sothane
876 1097 1098 1157 damahlige
1132 1086 1238 1146 reise
1274 1082 1622 1142 unbegedet.
1634 1093 1764 1153 dispu¬

679 1200 795 1260 liert,
824 1190 913 1250 und
942 1183 991 1243 sie
1039 1172 1312 1232 dißmahlige
1341 1165 1506 1225 unbtig
1535 1165 1712 1225 verur¬

670 1280 789 1340 sacht,
802 1272 870 1332 ihne
897 1265 963 1325 H.
978 1258 1124 1318 Detrat
1151 1253 1191 1313 so
1204 1250 1284 1310 bohl
1297 1248 1391 1308 umb
1418 1246 1486 1306 sie
1512 1246 1592 1306 recß
1631 1246 1727 1306 vorn

676 1368 744 1428 23.
765 1359 852 1419 May
873 1348 991 1408 1731.
1010 1342 1069 1402 als
1089 1337 1157 1397 die
1188 1327 1532 1387 gegenbährtige
1580 1322 1689 1382 gegen

681 1449 739 1509 die
763 1435 938 1495 Shredat,
949 1425 1031 1485 und
1054 1420 1148 1480 wahr
1171 1414 1265 1474 alleß
1299 1411 1336 1471 in
1359 1407 1627 1467 conformitet
1650 1402 1780 1462 MH.

687 1523 746 1583 sub
769 1516 851 1576 11ten
862 1511 969 1571 Aug.
992 1504 1122 1564 letstho
1145 1497 1403 1557 auffgefallten
1427 1488 1697 1548 Erkandtnuß

691 1611 762 1671 auf
798 1599 1024 1659 Moderation
1060 1594 1106 1654 hyn
1131 1585 1334 1645 verfellt.

696 1712 859 1772 lavannes
887 1712 1014 1772 Cons.
1032 1709 1159 1769 Nous
1187 1704 1296 1764 Avons
1323 1701 1350 1761 ou
1396 1696 1478 1756 par
1505 1693 1614 1753 Votre
1640 1691 1731 1751 Lettre

697 1790 721 1850 du
753 1789 802 1849 5.
818 1787 850 1847 du
874 1786 963 1846 Conrt
996 1784 1076 1844 comme
1109 1781 1254 1841 Sufanne
1294 1777 1440 1837 Sauvan
1504 1770 1626 1830 avoit
1642 1765 1706 1825 mis

697 1864 731 1924 au
767 1861 871 1921 monde
905 1859 949 1919 un
975 1856 1106 1916 Ensant
1140 1854 1220 1914 dont
1246 1852 1316 1912 Elle
1350 1849 1524 1909 accuroit
1551 1845 1629 1905 tac
1647 1840 1742 1900 fame

700 1939 727 1999 de
754 1935 891 1995 Tavanes
919 1931 973 1991 d'en
1001 1930 1083 1990 ectre
1110 1928 1138 1988 le
1164 1927 1283 1987 Pere,
1301 1924 1420 1984 lequel
1447 1921 1566 1981 sétoit
1584 1915 1692 1975 retire

691 2010 776 2070 dans
793 2005 836 2065 les
861 2003 947 2063 pays
981 1999 1177 2059 Etrangers,
1194 1997 1229 2057 et
1263 1996 1366 2056 avoit
1382 1993 1536 2053 confessé
1570 1987 1647 2047 par
1664 1982 1715 2042 une

961 2047 1026 2107 fore

682 2092 779 2152 Letro
817 2088 895 2148 detu
944 2085 984 2145 dn
1022 2084 1071 2144 dt.
1091 2081 1246 2141 Ensant,
1266 2078 1383 2138 ayant
1421 2073 1558 2133 depuis
1578 2067 1685 2127 ecrit

695 2168 776 2228 asses
803 2161 939 2221 souvent
967 2159 985 2219 à
1020 2159 1056 2219 la
1102 2159 1292 2219 Sauvant,
1310 2159 1400 2219 sans
1427 2155 1636 2215 aependant
1654 2144 1707 2204 luy

699 2245 775 2305 faire
804 2239 930 2299 aucune
958 2239 1094 2299 mention
1152 2239 1181 2299 de
1210 2242 1374 2302 Mariage
1413 2239 1451 2299 ny
1480 2236 1567 2296 quil
1587 2229 1654 2289 eut

708 2322 821 2382 dessein
852 2321 892 2381 de
903 2321 1119 2381 L'Epouser,
1150 2321 1387 2381 Quapresent
1408 2320 1439 2380 un
1469 2316 1572 2376 homme
1583 2311 1644 2371 agé
1676 2307 1706 2367 de
1716 2302 1769 2362 10.

695 2398 768 2458 Has
793 2401 991 2461 Souhaitoit
1016 2404 1054 2464 de
1078 2406 1239 2466 Lipouser
1277 2408 1350 2468 par
1375 2407 1425 2467 son
1450 2402 1748 2462 consentement,¬

693 2479 729 2539 et
757 2478 804 2538 que
840 2477 915 2537 Vous
942 2479 1053 2539 nʼavies
1081 2482 1155 2542 pas
1182 2485 1312 2545 Voulus
1331 2488 1460 2548 paſser
1488 2486 1590 2546 outre
1617 2480 1710 2540 Sans

699 2555 800 2615 Notre
827 2554 994 2614 Adris.
1022 2557 1151 2617 Apres
1169 2562 1271 2622 avoir
1299 2564 1373 2624 bien
1400 2564 1575 2624 Evamine
1593 2561 1622 2621 le
1649 2555 1714 2615 fait

1838 861 1997 921 Spnitan
2025 843 2097 903 oaus

1825 996 2001 1056 Shretand
2016 977 2103 1037 Mare

1849 1056 1941 1116 Witt

1830 1160 1940 1220 Grics

2136 260 2172 320 et
2190 249 2344 309 considere
2380 241 2462 301 qu'il
2489 239 2526 299 n'y
2553 239 2571 299 à
2598 240 2625 300 en
2662 241 2788 301 aucune
2825 245 3006 305 promessé
3051 244 3088 304 de

2131 318 2298 378 Maviage
2323 305 2415 365 estre
2449 301 2482 361 La
2524 299 2658 359 Lausan
2700 299 2733 359 et
2758 301 2859 361 faore
2910 304 2951 364 ay
2985 306 3186 366 Seulement
3211 304 3261 364 des
3278 302 3371 362 pri¬

2141 380 2282 440 laations
2315 359 2655 419 Matrimonials,
2679 358 2771 418 Nous
2804 362 2945 422 navons
2970 367 3036 427 pas
3061 368 3103 428 pu
3136 371 3344 431 trouver¬

2130 442 2220 502 quon
2251 430 2341 490 peut
2371 419 2542 479 ropposer
2582 416 2622 476 au
2663 416 2844 476 Mariage
2883 420 3004 480 quelle
3034 425 3135 485 desie
3175 429 3206 489 de
3226 432 3337 492 conp¬

2129 504 2269 564 taster
2298 488 2378 548 avec
2398 482 2428 542 le
2468 475 2657 535 Vieilland
2688 475 2708 535 y
2747 475 2867 535 donans
2896 478 2937 538 les
2967 481 3077 541 maias
3096 484 3176 544 tres
3196 487 3357 547 volons¬

2127 560 2330 620 Jaisement
2355 545 2387 605 de
2420 537 2550 597 noctie
2582 533 2688 593 pact

2126 700 2267 760 langte
2303 693 2350 753 ein
2385 688 2468 748 jeder
2503 682 2538 742 vo
2550 680 2610 740 Min
2622 675 2715 735 gnädigen
2727 671 2822 731 Herren
2834 667 2929 727 seses
2964 665 3129 725 inhalts
3152 665 3211 725 ein

2134 778 2338 838 Demnach
2370 762 2436 822 ihr
2468 753 2576 813 gnl.
2598 746 2672 806 auf
2717 739 2781 799 herr
2802 731 3061 791 Großbeibels
3093 728 3170 788 und
3191 728 3212 788 H

2137 851 2486 911 Grichtschreibers
2521 829 2606 889 mit
2630 822 2689 882 dem
2739 812 2930 872 schneider
2966 806 3051 866 Jean
3110 805 3207 865 Locis
3231 808 3326 868 savar

2130 950 2188 1010 von
2213 932 2497 992 Päterlingen,
2520 914 2615 974 denne
2638 903 2781 963 seinem
2841 889 2994 949 ehebeib
3030 883 3171 943 Marre
3196 881 3302 941 Judit

2111 1025 2345 1085 Panchand
2379 1011 2435 1071 bie
2479 1001 2569 1061 auch
2602 992 2670 1052 Ne
2714 982 2860 1042 Privat
2882 974 2950 1034 von
2983 966 3139 1026 Contaire
3172 959 3240 1019 bey
3262 954 3329 1014 lion

2129 1101 2315 1161 gegürtig
2355 1084 2463 1144 sonst
2482 1074 2619 1134 Lionsia
2648 1063 2825 1123 genant,
2835 1051 3080 1111 verfüertem
3130 1038 3296 1098 camine

2110 1187 2377 1247 verstanden,
2405 1171 2462 1231 baß
2489 1164 2560 1224 für
2588 1157 2645 1217 ein
2673 1143 2997 1203 Eheträcharisches
3024 1134 3137 1194 leben
3151 1133 3279 1193 dieser
3293 1133 3348 1193 bey

2101 1279 2172 1339 sei
2223 1265 2367 1325 Savari
2387 1256 2418 1316 in
2460 1246 2624 1306 diensten
2665 1233 2910 1293 gestandene
2951 1227 3105 1287 Privat
3136 1225 3218 1285 mit
3239 1223 3300 1283 der

2113 1356 2326 1416 Banckand
2363 1340 2550 1400 gefüert,
2563 1329 2651 1389 helte
2688 1322 2764 1382 nach
2789 1315 2927 1375 Grnff
2939 1307 3090 1367 ferggen
3114 1303 3189 1363 und
3215 1300 3366 1360 forth¬

2115 1439 2267 1499 ehelichen
2292 1428 2483 1488 wollen,
2508 1418 2583 1478 auch
2610 1407 2824 1467 feßtbegen
2851 1396 2951 1456 eine
2990 1384 3331 1444 Eheversprechung

2125 1523 2199 1583 mit
2220 1515 2358 1575 consens
2380 1508 2476 1568 ihres
2508 1494 2785 1554 vranklechten
2806 1481 3008 1541 Ehemans
3040 1471 3286 1531 vorgangen,
3307 1466 3338 1526 ja

2120 1608 2204 1668 gahr
2229 1601 2327 1661 eine
2363 1590 2558 1650 Theilung
2594 1581 2643 1641 der
2667 1571 2972 1631 haußräthlichen
2984 1563 3105 1623 Jachen
3129 1561 3348 1621 proponiert

2106 1707 2277 1767 worden,
2299 1697 2436 1757 habend
2472 1688 2528 1748 Ihr
2551 1682 2654 1742 Gnl.
2676 1670 2847 1730 Erbent,
2860 1661 2916 1721 daß
2950 1657 2973 1717 so
2997 1654 3087 1714 vill
3110 1649 3167 1709 den
3179 1646 3374 1706 Ehemann

2116 1784 2226 1844 Savan
2268 1775 2451 1835 betrifft,
2481 1762 2655 1822 derselbe
2685 1752 2767 1812 ohne
2797 1743 2940 1803 andere
2980 1732 3225 1792 bestraffung
3265 1730 3307 1790 der
3327 1731 3399 1791 ge¬

2119 1857 2429 1917 fangenschafft
2444 1844 2501 1904 loß
2544 1835 2714 1895 gelaßen,
2728 1828 2812 1888 und
2842 1824 2913 1884 auf
2941 1819 3069 1879 freyen
3097 1814 3352 1874 fisgestellt

2121 1945 2239 2005 berden
2263 1933 2392 1993 solle.
2580 1912 2840 1972 Anlangend
2865 1903 2946 1963 aber
2970 1900 3018 1960 die
3041 1896 3113 1956 Bar
3136 1892 3229 1952 chand
3254 1887 3347 1947 solle

2114 2021 2156 2081 sie
2199 2016 2263 2076 als
2284 2011 2381 2071 eine
2412 2001 2679 2061 Ehebrächern
2700 1986 2935 2046 abgestrafft
2956 1978 3116 2038 werden,
3137 1976 3223 2036 und
3244 1976 3286 2036 da

2119 2097 2351 2157 nachwerts
2389 2089 2448 2149 der
2477 2081 2641 2141 Savari
2679 2071 2728 2131 die
2767 2059 3095 2119 Eheschiedigung
3124 2047 3327 2107 verlangen

2090 2192 2210 2252 Thäte
2236 2183 2398 2243 bollend
2437 2175 2492 2235 Ihr
2518 2169 2612 2229 Ansl.
2625 2161 2745 2221 solchs
2760 2154 2826 2214 o
2867 2148 2907 2208 in
2933 2144 3040 2204 gnädigen
3068 2138 3162 2198 Herrn
3188 2134 3337 2194 biefe¬

2128 2284 2257 2344 haben,
2267 2281 2374 2341 umb
2395 2273 2557 2333 selbiges
2578 2263 2653 2323 nach
2675 2254 2771 2314 Gsah
2803 2245 2866 2305 und
2899 2239 2963 2299 Ord
3007 2233 3038 2293 zu
3081 2227 3306 2287 beurteilen

2099 2381 2166 2441 den
2205 2371 2340 2431 Privat
2370 2359 2573 2419 betreffend
2611 2347 2679 2407 soll
2727 2339 2882 2399 derselbe
2921 2334 2998 2394 mit
3017 2332 3143 2392 euthen
3172 2332 3347 2392 außge¬

2104 2460 2307 2520 schmeizet
2333 2453 2423 2513 und
2448 2446 2536 2506 auf
2563 2440 2652 2500 ebig
2677 2433 2742 2493 von
2780 2427 2843 2487 Ihr
2868 2420 2971 2480 Gel.
2983 2413 3111 2473 Landen
3137 2406 3328 2466 baawviert

2106 2549 2290 2609 werden.
