4032 3024
522 278 593 338 110

729 344 993 404 Shinstags
1013 322 1072 382 den
1094 311 1173 371 2t.
1195 299 1316 359 vtri.
1336 290 1477 350 1781.
1499 292 1558 352 ist
1578 309 1780 369 machfage

697 442 750 502 des
779 439 847 499 aufh
874 430 996 490 chn
1025 415 1133 475 gnädigen
1147 402 1257 462 Heren
1270 389 1516 449 statthallter
1556 401 1720 461 Mullers
1735 426 1804 486 se¬

711 527 850 587 pediet
876 512 1054 572 worden.

694 680 997 740 Büngsperg.
1011 656 1329 716 Wilesache
1343 646 1420 706 min
1435 646 1556 706 gnädigen
1571 653 1677 713 Here
1707 669 1799 729 ngen

408 741 525 801 Stern
551 721 697 781 Elrbeth

716 775 856 835 senten
870 764 1038 824 berichts
1052 750 1205 810 Esobeth
1233 743 1345 803 Stern
1373 740 1556 800 Staphen
1584 749 1724 809 Rechs

405 846 523 906 Schuen
537 829 694 889 Nilauch

718 863 796 923 auß
835 856 889 916 der
915 849 993 909 leub
1034 840 1178 900 Ehefel.
1191 831 1401 891 anfangs
1427 829 1493 889 biß
1532 832 1729 892 monaths

734 941 851 1001 under
883 929 1140 989 Examination
1193 922 1258 982 vr
1279 920 1396 980 Ehren
1429 922 1622 982 Manneren
1643 927 1771 987 vndts

729 1019 922 1079 gewesen,
934 1009 1012 1069 und
1037 1001 1243 1061 beständig
1283 1000 1346 1060 auf
1386 1000 1451 1060 dem
1502 1003 1720 1063 hievorschen

720 1115 911 1175 beklagten
938 1103 1089 1163 Mnlauß
1131 1096 1227 1156 Glein
1281 1093 1350 1153 von
1378 1093 1556 1153 Einigen
1570 1095 1625 1155 als
1638 1099 1774 1159 Vatter

701 1208 818 1268 deßen
846 1199 1016 1259 beharret,
1042 1192 1172 1252 hbamen
1186 1186 1291 1246 gnädigen
1303 1185 1408 1245 Herren
1421 1184 1461 1244 ie
1474 1184 1591 1244 Ehrb.
1604 1184 1710 1244 anhen

726 1290 867 1350 wollen,
888 1283 1069 1343 bemellte
1099 1279 1240 1339 Stern,
1260 1277 1291 1337 so
1311 1277 1341 1337 es
1372 1276 1442 1336 ihro
1482 1274 1744 1334 gesundheits

729 1366 838 1426 halber
862 1361 1082 1421 müglich,
1094 1359 1168 1419 auf
1204 1358 1363 1418 Montag
1387 1359 1437 1419 den
1449 1360 1522 1420 3ten
1534 1363 1632 1423 9bris
1644 1368 1790 1428 nechste

707 1447 879 1507 künfftig
905 1442 1011 1502 allhar
1037 1439 1078 1499 vo
1117 1435 1251 1495 mehr
1290 1433 1316 1493 u
1357 1435 1504 1495 hlten.

720 1561 923 1621 Onmolich
937 1561 1051 1621 Cons.
1076 1561 1165 1621 Auß
1204 1561 1305 1621 Ihren
1330 1558 1471 1618 schebe
1497 1556 1522 1616 en
1547 1555 1611 1615 min
1624 1553 1725 1613 gnädigen
1739 1550 1801 1610 Her

419 1691 525 1751 Poser
539 1672 698 1732 Sendichs
726 1661 752 1721 zu
791 1652 952 1712 ersuchen
979 1646 1153 1706 gehabt,
1166 1645 1231 1705 bin
1272 1645 1338 1705 daß
1379 1645 1592 1705 Hendicht
1619 1642 1752 1702 Rofer

712 1735 767 1795 von
804 1734 982 1794 diemers
991 1733 1093 1793 beill
1131 1732 1439 1792 heen,
1457 1729 1542 1789 und
1560 1727 1709 1787 Regina

402 1793 475 1853 Frey
505 1780 653 1840 Regina

722 1820 782 1880 key
819 1819 881 1879 von
917 1817 1040 1877 wohlen
1052 1816 1126 1876 auch
1151 1814 1201 1874 ein
1237 1813 1384 1873 Eheweib
1408 1813 1654 1873 beschuldiget
1680 1813 1791 1873 boden,

723 1900 757 1960 ob
779 1900 929 1960 hättend
952 1900 1009 1960 sie
1045 1901 1159 1961 einen
1181 1903 1376 1963 Ehebruch
1411 1903 1492 1963 mit
1503 1903 1698 1963 einander

715 1983 926 2043 begangen,
961 1985 1021 2045 die
1044 1985 1139 2045 Frey
1174 1987 1257 2047 aber
1280 1987 1315 2047 so
1339 1987 1410 2047 bohl
1433 1986 1492 2046 abs
1503 1984 1551 2044 der
1575 1981 1669 2041 hofer
1693 1978 1763 2038 diese

704 2074 822 2134 That,
833 2074 868 2134 ob
892 2074 963 2134 schon
998 2074 1245 2134 Peterzahnd
1293 2072 1363 2132 und
1399 2069 1506 2129 Hanß
1552 2063 1705 2123 Mischler

1376 2116 1463 2176 heist

714 2164 779 2224 daß
817 2161 869 2221 sie
894 2161 959 2221 sie
997 2159 1022 2219 ob
1049 2161 1214 2221 selberen
1241 2161 1407 2221 bezogen,
1421 2158 1549 2218 under
1574 2152 1716 2212 angen

722 2244 908 2304 erhalten,
920 2243 1165 2303 vermeine:
1188 2246 1293 2306 Vorobe
1316 2246 1364 2306 in
1375 2245 1469 2305 gnädigen
1480 2242 1574 2302 Herrn
1586 2240 1632 2300 sie
1655 2233 1795 2293 arsunnen

713 2323 866 2383 wollen,
887 2323 997 2383 beyde
1018 2326 1192 2386 beklagte
1225 2329 1259 2389 so
1280 2330 1377 2390 wohl
1411 2330 1454 2390 als
1487 2329 1542 2389 die
1585 2318 1826 2378 vernamseten

725 2401 996 2461 Kundtschafften
1020 2411 1095 2471 auf
1133 2417 1268 2477 Montag
1292 2420 1330 2480 den
1354 2421 1416 2481 3ten
1428 2420 1527 2480 9obris
1539 2415 1687 2475 nechste

730 2472 893 2532 künftig
916 2479 1009 2539 alhar
1033 2481 1068 2541 zu
1104 2485 1233 2545 Haltz.

407 2520 477 2580 dib
501 2518 548 2578 for

729 2551 799 2611 Herr
813 2551 882 2611 Jrl.
896 2553 952 2613 sib
979 2558 1036 2618 von
1063 2566 1174 2626 alhier
1189 2577 1383 2637 bebilliget
1397 2584 1453 2644 sich
1480 2584 1563 2644 mit
1577 2581 1662 2641 Enno
1676 2571 1787 2631 Masid

408 2579 522 2639 Enderl
546 2580 592 2640 Gna
607 2582 691 2642 Maria

726 2614 863 2674 Enderli
892 2618 941 2678 von
970 2627 1098 2687 Rasell
1128 2642 1353 2702 verehelichen
1373 2654 1421 2714 zu
1451 2661 1619 2721 konnen.

2191 270 2287 330 Ober
2322 259 2488 319 Sallmn
2525 258 2656 318 Cons:
2691 262 2787 322 Auß
2834 267 2895 327 seg
2918 271 3026 331 Shre
3037 275 3145 335 haben
3169 277 3194 337 e
3205 277 3301 337 mne
3325 274 3395 334 Hr

2196 344 2376 404 gsechen,
2398 336 2488 396 wie
2534 334 2601 394 daß
2656 334 2781 394 Peter
2814 340 3017 400 Guetwor
3039 343 3096 403 ihr
3130 343 3388 403 angehötige

1869 362 2158 422 sertesele

2735 380 2799 440 von
2823 377 2943 437 Banct

2174 443 2348 503 welchen
2361 430 2467 490 Anna
2522 421 2695 481 Wänger
2737 416 2923 476 einsahed
2950 416 3217 476 angehöriget
3243 415 3297 475 der

1862 465 2108 525 Prpelia

2164 543 2229 603 Ehe
2283 529 2375 589 und
2401 515 2757 575 schörngerung
2796 508 2888 568 halb
2914 504 3125 564 beklage,
3153 498 3230 558 ihre
3256 490 3377 550 der¬

2174 634 2397 694 Eheveess:
2411 619 2552 679 zbahr
2579 609 2832 669 geständig
2859 603 2998 663 seye,
3012 599 3069 659 der
3083 593 3390 653 schwängerung

2183 727 2266 787 und
2307 717 2390 777 deß
2431 706 2582 766 kindts
2624 698 2735 758 halben
2748 694 2845 754 aber
2872 691 2941 751 der
2969 689 3065 749 Zeith
3092 689 3313 749 erbahrten

2167 814 2313 874 solle,
2349 799 2472 859 deßen
2508 787 2654 847 Vatter
2680 778 2778 838 dann
2814 773 2899 833 auch
2923 770 2960 830 in
3009 766 3167 826 diesere
3193 764 3265 824 Ehe
3303 763 3387 823 nicht

2167 904 2452 964 consentiere:
2494 884 2653 944 dahero
2685 875 2737 935 sie
2768 866 3022 926 angesonen
3054 859 3265 919 werdindt
3287 859 3414 919 fart.

2163 997 2314 1057 sambt
2339 988 2416 1048 deß
2453 976 2694 1036 Guetzees
2719 962 2884 1022 Vatter
2909 954 2998 1014 auf
3035 949 3212 1009 Montag
3237 947 3276 1007 den
3301 947 3391 1007 3ten

2155 1092 2274 1152 gbris
2315 1070 2634 1130 nachstüfe
2716 1051 2782 1111 Min
2795 1045 2902 1105 gnädigen
2916 1039 3023 1099 Herren
3036 1035 3063 1095 zu
3089 1029 3305 1089 hallten.

2152 1261 2372 1321 Sürglerd
2388 1249 2513 1309 Cons.
2528 1244 2607 1304 Aucf
2638 1240 2656 1300 e
2702 1236 2765 1296 in
2781 1231 2906 1291 gnädigen
2922 1226 3047 1286 Herren
3064 1222 3379 1282 ingehanten,

2170 1354 2376 1414 bericht,
2401 1336 2672 1396 betreffend
2724 1326 2879 1386 Maria
2917 1322 3084 1382 Oostell
3110 1322 3213 1382 eine
3251 1321 3393 1381 Wittib

1883 1337 2026 1397 Affell
2059 1328 2148 1388 Mari

2161 1451 2236 1511 von
2276 1430 2634 1490 Schwadesnaub
2684 1417 2724 1477 so
2762 1414 2826 1474 der
2852 1407 3197 1467 schwängerung
3235 1398 3337 1458 halb

1847 1440 2016 1500 Schneider
2030 1426 2161 1486 Obrah¬

2165 1532 2354 1592 beklage
2403 1514 2593 1574 Abraham
2644 1502 2857 1562 Schweider
2895 1495 3022 1555 einen
3046 1490 3235 1550 Eheman
3274 1489 3349 1549 von

2176 1619 2411 1679 bemelltem
2464 1600 2795 1660 Schwadernauw
2849 1585 2944 1645 mit
2977 1580 3255 1640 verdeuten,
3276 1586 3351 1646 daß
3372 1592 3415 1652 er

2157 1714 2217 1774 sie
2253 1707 2387 1767 seith.
2411 1699 2521 1759 letst
2545 1685 2851 1745 verstrichner
2887 1673 3106 1733 haßnacht
3143 1672 3204 1732 bis
3240 1673 3326 1733 auf

2166 1808 2290 1868 Oster
2348 1797 2461 1857 offt
2484 1783 2735 1843 beschlaffen,
2758 1776 2803 1836 es
2825 1772 2917 1832 aber
2951 1765 3099 1825 diesere
3133 1763 3247 1823 Klag
3281 1762 3396 1822 ser¬

2174 1894 2366 1954 neie,
2393 1887 2490 1947 habne
2503 1883 2573 1943 min
2586 1878 2697 1938 gnädigen
2710 1873 2805 1933 Herre
2834 1868 2861 1928 ie
2902 1864 2958 1924 sie
2999 1861 3122 1921 Ehrb.
3136 1858 3328 1918 anseinen

2159 1986 2315 2046 wollen
2337 1972 2560 2032 klägern
2593 1963 2648 2023 en
2683 1958 2782 2018 ihres
2827 1948 3183 2008 beverstechenden
3206 1940 3373 2000 genißt

2165 2082 2298 2142 lauth
2320 2072 2474 2132 Chorg.
2496 2062 2607 2122 Ord.
2628 2057 2672 2117 de
2705 2053 2783 2113 Ao
2805 2047 2937 2107 1712.
2959 2040 3201 2100 examiner
3246 2033 3333 2093 und

2146 2174 2244 2234 näigen
2258 2166 2387 2226 gedeH
2415 2158 2473 2218 en
2487 2147 2658 2207 Hersanß
2686 2133 2929 2193 komanden
2943 2125 3128 2185 berichten
3156 2125 3185 2185 zu
3227 2129 3400 2189 laßen.

2170 2299 2445 2359 fäterlingen
2468 2293 2588 2353 Cons.
2612 2282 2814 2342 Weillen
2851 2269 2994 2329 Daniel
3029 2259 3220 2319 Cherboin
3257 2257 3328 2317 von

1878 2329 1998 2389 Perboin
2020 2330 2140 2390 Danite

2159 2390 2366 2450 Corcelles,
2400 2380 2584 2440 welchem
2652 2366 2802 2426 Conyse
2825 2354 2973 2414 shand
3009 2346 3077 2406 von
3100 2339 3272 2399 Insorer
3295 2331 3423 2391 vor¬

1878 2408 1956 2468 Rand
1986 2417 2110 2477 Boagse

2172 2477 2210 2537 in
2299 2470 2413 2530 und
2450 2463 2552 2523 nach
2577 2459 2641 2519 der
2678 2452 2881 2512 gemißt
2894 2444 2958 2504 ihr
2983 2438 3084 2498 vnnd
3122 2427 3387 2487 zugeeignet

2141 2562 2323 2622 diesere
2380 2544 2576 2604 anklag
2617 2531 2926 2591 vermeinet,
2955 2524 3039 2584 und
3080 2519 3207 2579 anby
3236 2514 3305 2574 deß
