4032 3024
657 300 839 360 geriched
857 272 1150 332 verdeuteten,
1168 251 1259 311 und
1297 245 1333 305 zu
1369 245 1534 305 Reubs
1552 265 1737 325 beschahen

480 300 551 360 112

652 395 712 455 ses
742 378 969 438 sollenden
1001 349 1226 409 Beischlafs
1257 335 1364 395 halb
1393 332 1453 392 fas
1485 337 1606 397 ettibz
1635 354 1727 414 hie¬

664 475 883 535 begehret,
916 458 978 518 sie
1025 437 1246 497 hingegen
1277 424 1356 484 sich
1387 422 1498 482 furh
1544 433 1719 493 geng¬

435 488 599 548 bebeisen

666 568 786 628 seine
815 549 1158 609 kundtschaffteg
1190 520 1309 580 darze
1353 510 1458 570 thun
1504 522 1774 582 getraubete,

546 608 612 668 umb

686 655 732 715 bedn
743 653 802 713 mine
813 646 906 706 gnädigen
918 635 1011 695 Herrn
1034 626 1056 686 in
1091 612 1288 672 ansinen
1311 599 1485 659 wollen,
1508 605 1742 665 vnndt¬

337 676 359 736 4
403 668 482 728 daßer
493 659 549 719 ihro
560 652 626 712 ihte

388 724 418 784 zu
438 712 599 772 entschlachen
609 704 659 764 und

670 748 844 808 schafften
859 737 888 797 so
931 719 1150 779 Portheyen
1179 705 1222 765 zu
1282 691 1557 751 erbahrung
1572 693 1689 753 ihreß

381 777 451 837 einen
467 768 566 828 andern
588 764 609 824 an

647 838 905 898 vorgebens
933 816 1077 876 stellen
1105 802 1277 862 werde,
1291 794 1549 854 gelohnter
1579 801 1721 861 formb

370 838 475 898 zigs
492 818 651 878 galtber

382 893 475 953 guthe
488 880 634 940 laßen.

674 932 764 992 nach
800 924 833 984 zu
879 907 1165 967 vernemmen,
1188 892 1324 952 seren
1358 887 1587 947 außagen

654 1017 835 1077 schrifft
849 1007 890 1067 zu
920 995 1114 1055 verfaßen
1142 981 1213 1041 min
1226 974 1338 1034 gnädigen
1352 971 1464 1031 Heren
1492 971 1519 1031 n
1533 977 1728 1037 zusenden

679 1110 822 1170 mithi
851 1102 893 1162 zu
937 1083 1267 1143 veransalten,
1281 1070 1368 1130 daß
1410 1066 1669 1126 Partheyen

653 1209 793 1269 Durch
818 1197 883 1257 die
908 1189 998 1249 H.
1023 1173 1341 1233 Predigkanten
1368 1162 1431 1222 ein
1469 1156 1724 1216 purgations

680 1296 755 1356 eyd
792 1281 905 1341 wohl
942 1270 1029 1330 und
1068 1257 1330 1317 grundtlich
1368 1249 1667 1309 underbiesen

696 1382 766 1442 euch
796 1369 950 1429 gleiche
978 1358 1091 1418 Zeith
1105 1350 1234 1410 allhar
1262 1342 1403 1402 gehalen
1460 1338 1530 1398 min
1544 1336 1657 1396 gnädigen
1672 1337 1772 1397 Herr

694 1464 846 1524 alsdann
858 1457 897 1517 so
935 1450 1049 1510 wohl
1088 1441 1189 1501 ihrer
1227 1431 1583 1491 empfangenen
1595 1431 1722 1491 eydts

678 1552 931 1612 Inttruction
978 1540 1047 1600 als
1071 1534 1279 1594 habenden
1302 1531 1498 1591 Lümbden
1521 1533 1718 1593 berichtet

689 1634 932 1694 berdint.

708 1742 813 1802 Aalle
845 1736 936 1796 onv.
953 1730 1029 1790 Hr.
1059 1726 1166 1786 Gage
1197 1721 1319 1781 haben
1351 1718 1427 1778 Ihr
1442 1717 1687 1777 hingehörige

693 1830 746 1890 habe
756 1827 821 1887 Mein
832 1823 918 1883 gnädigen
928 1819 1014 1879 Herren
1025 1815 1207 1875 klagend
1238 1811 1475 1871 gebringen
1507 1810 1645 1870 laßen,
1668 1813 1731 1873 bie

396 1820 595 1880 Chickand

689 1916 768 1976 daß
806 1905 885 1965 sein
912 1897 1055 1957 Tochter
1082 1891 1200 1951 Jeane
1240 1887 1448 1947 francoise
1501 1883 1567 1943 sich
1593 1879 1684 1939 ohne

366 1943 463 2003 harben
474 1935 560 1995 Hano
582 1928 669 1988 Franr¬

678 1997 745 2057 sen
783 1984 928 2044 wüßen
966 1974 1044 2034 und
1083 1969 1228 2029 willen
1266 1966 1353 2026 mit
1382 1966 1508 2026 einem
1565 1966 1749 2026 gelüßen

375 1996 490 2056 coiso.

695 2070 906 2130 Bruchand
929 2061 991 2121 von
1012 2059 1119 2119 Uwiß
1161 2057 1310 2117 ehelich
1341 2057 1554 2117 verlobet,
1585 2059 1712 2119 deßen

694 2154 804 2214 hauß
829 2147 1064 2207 verlaßen,
1076 2145 1162 2205 und
1186 2144 1261 2204 sich
1285 2144 1321 2204 an
1384 2143 1444 2203 ein
1494 2137 1691 2197 Rrittogth

698 2236 881 2296 begeben,
904 2232 972 2292 von
1007 2229 1132 2289 seinen
1168 2227 1270 2287 man
1317 2225 1374 2285 sie
1419 2224 1627 2284 ohngeacht
1661 2222 1765 2282 e¬

708 2317 923 2377 gangenen
958 2317 1267 2377 Sollicitatione
1304 2320 1400 2380 Ihren
1423 2317 1590 2377 Elltern
1613 2312 1721 2372 nicht

705 2397 955 2457 verabsollgen
977 2396 1091 2456 laßen
1125 2400 1295 2460 wollen,
1319 2402 1500 2462 selbige
1546 2396 1626 2456 aber
1648 2388 1716 2448 sich

698 2484 825 2544 dieser
837 2482 901 2542 Ihr
939 2482 1243 2542 widersetzen,
1268 2486 1357 2546 und
1382 2486 1446 2546 sich
1459 2482 1509 2542 der
1534 2476 1648 2536 Chrrg.
1662 2466 1749 2526 Ord¬

716 2563 752 2623 de
776 2560 838 2620 ao
863 2558 985 2618 1723.
1009 2558 1144 2618 trößen
1169 2560 1378 2620 thuyind,
1390 2559 1452 2619 daß
1476 2557 1500 2617 e
1512 2554 1574 2614 min
1587 2547 1685 2607 gnädigen
1697 2533 1784 2593 Herr

1839 1062 1914 1122 Send
1944 1042 2005 1102 his
2036 1024 2142 1084 Varia¬

1985 1396 2103 1456 halbe

1842 2021 1963 2081 Pudlch
1976 2019 2071 2079 Peter

1850 2101 1943 2161 Uilas
1970 2099 2102 2159 Susanna

3183 233 3281 293 113

2134 274 2194 334 sie
2219 265 2399 325 anhinen
2436 260 2604 320 wollen,
2629 261 2762 321 beyde
2786 265 2967 325 verlobte
3015 274 3232 334 Bruchaud
3269 278 3352 338 und

2130 368 2306 428 herber,
2336 359 2483 419 sambt
2512 358 2557 418 der
2586 358 2777 418 letzsteren
2806 361 2938 421 Vatter
2983 364 3072 424 und
3100 365 3189 425 sern
3218 366 3381 426 Jenige¬

2137 466 2166 526 so
2196 461 2256 521 die
2285 454 2405 514 haben
2434 449 2703 509 eingezogen
2733 449 2793 509 bey
2823 451 2898 511 sich
2912 452 3105 512 logiret,
3121 454 3209 514 und
3226 454 3331 514 ihren

2140 546 2323 606 Ellteren
2355 536 2474 596 nicht
2495 533 2786 593 verabfollgen
2797 534 2926 594 laßen
2948 536 3088 596 wollen
3111 538 3186 598 auf
3207 538 3358 598 Montag

2132 645 2174 705 den
2196 638 2259 698 3ten
2281 631 2377 691 9bris
2408 620 2761 680 nechstkünfftig
2803 616 2899 676 allhar
2932 616 2953 676 o
2963 616 3016 676 Min
3027 616 3113 676 gnädigen
3123 616 3208 676 Herrn
3218 614 3368 674 zuhalten

2159 718 2298 778 möthen
2323 712 2400 772 ihro
2437 703 2805 763 anzubefehlen,
2817 701 2881 761 daß
2919 701 2983 761 sein
2996 701 3058 761 sich
3083 703 3210 763 wade
3236 703 3274 763 in

2137 809 2238 869 ihres
2296 792 2470 852 Vatters
2500 784 2615 844 Hauß
2659 782 2863 842 begebe.

2132 942 2505 1002 Sigrißweill
2535 934 2664 994 Cons.
2693 934 2893 994 Weillen
2907 935 3037 995 Marg
3095 942 3353 1002 Sandtschiff

2142 1032 2317 1092 Rübere
2380 1020 2670 1080 Angehörige
2732 1015 2808 1075 deß
2846 1013 3009 1073 nachts
3048 1013 3198 1073 allhier
3223 1016 3323 1076 mit

2140 1115 2273 1175 einer
2334 1107 2706 1167 ManßPersohn
2744 1102 2779 1162 in
2815 1099 3128 1159 verdächtigen
3177 1094 3359 1154 umb¬

2145 1201 2271 1261 gang
2323 1187 2514 1247 bezogen
2551 1180 2667 1240 und
2692 1177 2947 1237 eingesetzt
2972 1177 3163 1237 worden,
3189 1177 3341 1237 habend

2136 1300 2230 1360 wis
2271 1288 2433 1348 nötlig
2460 1277 2690 1337 erachtet
2717 1272 2825 1332 Euch
2852 1269 2959 1329 deßten
2987 1268 3027 1328 zu
3067 1267 3393 1327 benachrichtigen

2148 1387 2378 1447 zuschiken
2405 1378 2501 1438 und
2541 1373 2784 1433 verdeüten
2798 1370 2838 1430 zu
2893 1369 3043 1429 Vahren,
3069 1370 3177 1430 selbe
3219 1370 3366 1430 froben

2139 1481 2291 1541 share
2341 1472 2430 1532 zus
2455 1464 2633 1524 arbeith
2658 1456 2988 1516 anzuhalten,
3026 1451 3077 1511 so
3115 1450 3216 1510 wir
3241 1447 3330 1507 ihre

2141 1570 2372 1630 übrigens
2426 1558 2508 1618 die
2549 1553 2685 1613 statt
2712 1550 2929 1610 verbotten,
2956 1549 2996 1609 es
3038 1546 3159 1606 währ
3215 1543 3269 1603 dan
3296 1539 3376 1599 sach

2125 1671 2218 1731 daß
2283 1656 2337 1716 sie
2376 1644 2601 1704 Attertata
2640 1639 2746 1699 ihreß
2786 1636 3049 1696 seitharigen
3077 1632 3355 1692 Wohlfre¬

2139 1750 2331 1810 haltens
2374 1736 2610 1796 vorweisen
2652 1729 2750 1789 und
2792 1726 2932 1786 allhies
2964 1726 3006 1786 ey
3050 1726 3199 1786 einun
3232 1730 3383 1790 ehrlichen

2129 1838 2283 1898 dienst
2321 1826 2643 1886 angenommen
2668 1819 2837 1879 werden
2862 1811 3056 1871 könte.

2142 1947 2306 2007 dangte
2339 1943 2388 2003 n
2420 1941 2469 2001 he
2568 1937 2633 1997 e
2684 1934 2782 1994 nign
2798 1931 2897 1991 Here
2930 1930 3046 1990 ieseß
3078 1930 3259 1990 enhalts
3275 1935 3359 1995 ein.

2142 2041 2404 2101 Ohngeacht
2439 2036 2499 2096 Ihr
2546 2032 2677 2092 Gel.
2689 2029 2821 2089 ursach
2856 2025 3011 2085 gehabt
3046 2023 3106 2083 den
3141 2021 3261 2081 Peter

2133 2133 2335 2193 Peidoloh
2369 2126 2426 2186 so
2459 2119 2752 2179 prosriblrt
2786 2113 2876 2173 und
2921 2113 3113 2173 Susana
3147 2116 3327 2176 Miclaus

2129 2232 2205 2292 von
2242 2224 2404 2284 Werben
2429 2215 2530 2275 bege
2568 2211 2669 2271 ihres
2694 2203 2957 2263 aegerlichen
2982 2200 3345 2260 hatumbziechens

2134 2305 2168 2365 sa
2214 2302 2273 2362 sie
2318 2299 2387 2359 als
2398 2293 2605 2353 Eheleüth
2628 2284 2939 2344 beybohnung
2962 2275 3146 2335 hallten,
3169 2270 3262 2330 und
3285 2267 3342 2327 das

2126 2389 2240 2449 land
2276 2383 2390 2443 allso
2425 2368 2829 2428 durchlauffend,
2852 2356 2897 2416 da
2945 2352 3002 2412 sie
3036 2350 3106 2410 doch
3129 2350 3256 2410 solches
3279 2353 3382 2413 nicht

2136 2474 2334 2534 betretten
2357 2462 2533 2522 sollten,
2556 2454 2638 2514 mit
2662 2445 2813 2505 harter
2825 2435 2965 2495 straff
2988 2422 3281 2482 anzusechen,
3305 2417 3362 2477 so

2138 2556 2302 2616 habend
2346 2548 2422 2608 Ihr
2466 2538 2600 2598 Gel.
2631 2530 2690 2590 hoch
2720 2522 2840 2582 nicht
2854 2515 2944 2575 Nach
2974 2510 3035 2570 der
3064 2503 3258 2563 schörgse
3304 2500 3409 2560 se¬
