4032 3024
667 257 823 317 fahren,
851 250 1035 310 sondern
1077 242 1191 302 diese
1233 241 1375 301 leüth
1403 246 1503 306 dahn
1531 265 1715 325 Beurteil

476 268 542 328 114

651 356 820 416 wollen,
845 348 923 408 daß
963 337 1106 397 diesere
1145 326 1326 386 Niclaus
1366 326 1457 386 mit
1482 335 1560 395 dem
1600 356 1729 416 trage

666 449 781 509 neben
803 440 895 500 ihrem
953 427 1148 487 Huering
1183 418 1275 478 und
1309 416 1424 476 vnnd
1459 418 1515 478 die
1551 428 1688 488 Statt

653 538 774 598 hinab
810 529 908 589 und
944 520 1029 580 auß
1065 513 1139 573 dem
1201 505 1310 565 land
1334 503 1565 563 verbiesen
1601 513 1687 573 und

670 623 860 683 gefüert
898 607 1049 667 werden
1076 597 1214 657 soll,
1241 593 1342 653 mit
1379 595 1632 655 betreuben
1645 608 1721 668 ban

641 721 710 781 sie
737 716 806 776 sich
847 704 1040 764 ferners
1067 692 1122 752 ein
1149 685 1274 745 land
1300 680 1425 740 berde
1452 683 1603 743 bliben
1617 696 1728 756 laßen

674 811 752 871 und
789 804 996 864 ergriffen
1034 791 1214 851 werden,
1228 782 1330 842 ohne
1368 778 1485 838 gnad
1523 780 1625 840 mit

659 902 798 962 ruthen
827 887 1164 947 außgestrichen
1191 881 1375 941 werden.

332 1092 472 1152 Rughli
488 1075 614 1135 brthen
645 1057 819 1117 Sorothen
865 1042 1039 1102 Rügfeli
1070 1037 1116 1097 vo
1149 1034 1274 1094 alhir
1369 1033 1401 1093 te
1463 1035 1525 1095 en
1541 1038 1620 1098 Her
1652 1043 1763 1103 raten

673 1129 784 1189 halter
817 1126 964 1186 Mutter
997 1123 1064 1183 ihre
1099 1113 1502 1173 schwangerschafft
1524 1112 1703 1172 eröffnet

326 1205 458 1265 Mages
474 1195 607 1255 Jochein

676 1214 753 1274 und
778 1211 855 1271 zum
907 1205 1087 1265 urheber
1112 1202 1216 1262 herrn
1229 1198 1461 1258 einamset
1486 1195 1666 1255 Joachim

640 1305 811 1365 Krieger
852 1295 918 1355 von
944 1288 1104 1348 Raoein
1131 1282 1185 1342 im
1224 1279 1662 1339 Grandenburgischen
1689 1287 1743 1347 er¬

670 1393 747 1453 ihre
787 1390 839 1450 die
864 1386 930 1446 ehe
969 1377 1203 1437 versprochen
1229 1369 1320 1429 und
1359 1366 1437 1426 nun
1476 1366 1516 1426 zu
1554 1366 1725 1426 Stütte¬

672 1474 795 1534 garth
809 1469 850 1529 in
892 1466 1055 1526 arbeith
1084 1454 1249 1514 steche.

681 1598 808 1658 Meßen
834 1596 873 1656 den
898 1594 950 1654 2.
963 1594 988 1654 e
1001 1592 1053 1652 min
1065 1591 1168 1651 gnädigen
1180 1589 1283 1649 Heren
1295 1588 1424 1648 habind
1450 1589 1502 1649 eie
1527 1591 1655 1651 Ehrb.
1669 1594 1759 1654 ane¬

324 1634 429 1694 Moser
456 1630 600 1690 Esbath

659 1676 772 1736 sinen
803 1672 947 1732 wollen
989 1669 1050 1729 die
1080 1666 1226 1726 Elsbeth
1256 1664 1370 1724 Möser
1400 1663 1473 1723 von
1493 1663 1742 1723 Kuogels,

335 1726 512 1786 Heinrich

650 1759 756 1819 rind,
779 1754 897 1814 belche
943 1750 1003 1810 der
1026 1748 1344 1808 schwängerung
1379 1745 1462 1805 halb
1485 1743 1650 1803 beklage

739 1802 862 1862 Nors

663 1842 782 1902 einen
819 1839 1045 1899 Carholischen
1082 1837 1238 1897 Pfister
1273 1834 1440 1894 gefellen
1464 1830 1668 1890 nahmens

663 1925 866 1985 Heinrich
916 1928 993 1988 von
1030 1924 1361 1984 Aschaffenburg
1399 1920 1411 1980 8
1463 1917 1602 1977 stund
1627 1913 1743 1973 unden

657 2005 716 2065 her
750 2006 1044 2066 Straßburg,
1067 2005 1101 2065 in
1149 2003 1243 2063 ihrer
1277 1999 1630 2059 bevorstechenden

666 2084 831 2144 genißt
844 2083 971 2143 Cantl.
983 2084 1099 2144 Shorg.
1124 2086 1226 2146 Ord.
1251 2088 1290 2148 de
1315 2089 1391 2149 Ao
1416 2090 1545 2150 1712.
1570 2086 1711 2146 Exam.

628 2175 721 2235 dMmin
733 2171 828 2231 gnädigen
851 2170 946 2230 Herrn
957 2170 1027 2230 hrer
1086 2171 1357 2231 gemßtlichen
1392 2171 1533 2231 ausag
1556 2169 1697 2229 bericht

651 2258 691 2318 zu
733 2258 899 2318 laßen.
926 2258 1023 2318 N.
1052 2258 1106 2318 sie
1134 2260 1231 2320 sagt
1258 2260 1300 2320 er
1327 2261 1410 2321 habe
1437 2263 1493 2323 ser
1520 2264 1632 2324 umb
1659 2266 1755 2326 Oßen

671 2332 1018 2392 geschwängeret.

677 2431 707 2491 den
727 2427 799 2487 27.
819 2424 891 2484 or.
901 2423 952 2483 he.
973 2424 1136 2484 Abraham
1198 2431 1321 2491 Berber
1351 2436 1423 2496 von
1453 2439 1576 2499 allhier
1617 2440 1699 2500 mit
1720 2438 1792 2498 fel.

342 2443 446 2503 Lerber
467 2439 508 2499 Hr.
529 2437 642 2497 Abrahamn

672 2498 890 2558 Cuphrosina
932 2503 1087 2563 Khnecht
1119 2514 1336 2574 gebohrnen
1377 2522 1503 2582 Fischer
1544 2520 1648 2580 Kirchn
1658 2513 1731 2573 recht

347 2517 478 2577 Gnerbt
496 2515 523 2575 in
531 2513 663 2573 gebohrne

356 2569 440 2629 sischer
460 2567 493 2627 frl
525 2567 662 2627 Aapronao
672 2569 704 2629 zu
747 2571 851 2631 hallten
884 2573 936 2633 bey
967 2575 1011 2635 den
1042 2581 1221 2641 häuseren
1252 2584 1316 2644 haw
1348 2588 1527 2648 illiget.

3170 226 3298 286 115.

2298 272 2539 332 Sonistags
2578 270 2619 330 den
2632 272 2738 332 30ten
2753 274 2859 334 8bris
2872 270 3021 330 1732.

2544 337 2727 397 Braeyer

2396 400 2587 460 Mengdge
2610 398 2646 458 rt
2658 400 2741 460 hrh.
2766 397 2898 457 Jener.

2532 457 2756 517 Assessores

2091 544 2280 604 Mengdge
2444 535 2507 595 he
2544 535 2646 595 Frede
2671 533 2847 593 Morell,
2872 532 2949 592 Bra
3024 530 3227 590 Späthing.
3239 525 3327 585 Sraf

2114 621 2281 681 Müller,
2300 610 2409 670 Cent.
2439 602 2667 662 Morbott.

2112 769 2225 829 Mett
2263 760 2363 820 ons.
2388 753 2451 813 auf
2489 749 2515 809 en
2527 746 2589 806 min
2602 740 2702 800 gnädigen
2715 735 2815 795 Herren
2829 728 3068 788 ingeheuten
3093 721 3257 781 bericht,
3269 719 3331 779 bie

2122 852 2176 912 daß
2219 839 2348 899 Maria
2392 823 2631 883 Rohtmann
2663 814 2728 874 von
2750 808 2933 868 Letrigen
2965 803 3020 863 der
3031 793 3322 853 schlängerung

2120 928 2205 988 halb
2229 918 2401 978 beklage
2437 906 2620 966 Albrecht
2645 896 2816 956 Christen
2840 889 2902 949 von
2926 885 3060 945 Raßle
3085 882 3145 942 bey
3183 880 3355 940 Burg¬

1816 905 1991 965 Sistinun
2007 885 2093 945 Vorta

2098 1014 2205 1074 dorff,
2226 1005 2344 1065 belcher
2375 997 2428 1057 sie
2472 990 2535 1050 das
2556 985 2674 1045 erste
2716 979 2823 1039 mahl
2856 976 2898 1036 im
2940 973 3079 1033 heübet
3111 971 3239 1031 letsthi
3272 971 3367 1031 be¬

1822 1007 1928 1067 Seste
1965 975 2125 1035 Altat

2105 1086 2280 1146 schlaffen
2301 1076 2400 1136 habe,
2421 1070 2466 1130 er
2509 1064 2597 1124 aber
2630 1058 2772 1118 diesere
2816 1051 2926 1111 klag
2947 1044 3210 1104 vernemme,
3231 1038 3362 1098 habind

2099 1165 2255 1225 Meiengdge
2275 1154 2327 1214 en
2349 1145 2525 1205 ansinen
2546 1134 2671 1194 wollen
2703 1129 2744 1189 zu
2785 1121 3088 1181 veranstallten,
3109 1113 3171 1173 daß
3203 1109 3265 1169 die

2122 1231 2360 1291 Roffmae
2419 1218 2449 1278 in
2499 1212 2588 1272 ihrer
2628 1200 2965 1260 bevorstechenden
2996 1190 3135 1250 gemißt
3164 1183 3344 1243 lauth¬

2118 1305 2246 1365 Chorg:
2267 1297 2363 1357 Ord:
2384 1293 2416 1353 de
2468 1288 2533 1348 Ao
2565 1282 2672 1342 1712.
2682 1277 2927 1337 Examiniert
2949 1271 3024 1331 und
3045 1269 3098 1329 sie
3131 1267 3183 1327 deß
3226 1261 3387 1321 srauß¬

2122 1376 2339 1436 kommenden
2370 1363 2567 1423 berichtet
2598 1354 2796 1414 werdind.

2105 1490 2332 1550 Giglen.
2362 1482 2667 1542 Withshabeind
2697 1473 2820 1533 zwahr
2850 1469 2925 1529 auß
2985 1466 3078 1526 Ihre
3093 1466 3368 1526 Scrbersechen

2120 1577 2191 1637 daß
2231 1576 2282 1636 sie
2312 1574 2383 1634 sich
2413 1572 2474 1632 deß
2534 1566 2695 1626 Christen
2727 1560 2897 1620 Rieners
2948 1555 3049 1615 ehe,
3069 1553 3211 1613 weillen
3241 1553 3282 1613 er

2118 1662 2290 1722 schullden
2322 1654 2409 1714 halb
2452 1644 2775 1704 außgetretten,
2808 1631 3099 1691 widersezind:
3121 1624 3229 1684 Wann
3250 1622 3335 1682 aber

2115 1748 2193 1808 diß
2231 1741 2336 1801 bein
2374 1731 2556 1791 erheblich
2582 1725 2660 1785 und
2686 1717 2932 1777 gnügsamer
2958 1712 3088 1772 grund
3114 1711 3165 1771 ein
3193 1711 3244 1771 Ehe
3270 1711 3308 1771 zu

1834 1727 1906 1787 Sar
1935 1732 2065 1792 Christer

2111 1825 2358 1885 behinderen
2395 1819 2513 1879 ist;
2548 1813 2607 1873 So
2642 1807 2797 1867 habend
2832 1800 2915 1860 wie
2950 1795 3033 1855 auch
3056 1792 3210 1852 darauf
3245 1792 3363 1852 nichts

2114 1912 2396 1972 reflectieren,
2421 1903 2608 1963 sonderen
2633 1894 2715 1954 Euch
2751 1888 2927 1948 anhinen
2952 1883 3116 1943 wollen,
3139 1882 3187 1942 den
3211 1882 3352 1942 Kiener

2108 2004 2204 2064 ohne
2240 1997 2434 2057 ferneren
2470 1987 2675 2047 umbtrib
2711 1976 2941 2036 verbunden
2965 1972 3038 2032 und
3074 1970 3169 2030 seine
3195 1970 3266 2030 Ehe
3278 1972 3352 2032 be¬

2100 2086 2280 2146 Zeüchen
2310 2078 2354 2138 zu
2400 2077 2520 2137 laßen

2123 2225 2290 2285 Bello.
2317 2218 2401 2278 Uber
2471 2211 2540 2271 Min
2554 2206 2665 2266 gnädigen
2679 2199 2789 2259 Herre
2805 2192 3054 2252 ingesenten
3069 2188 3236 2248 bericht,
3250 2190 3320 2250 an¬

1845 2231 1933 2291 Verin
1951 2245 2111 2305 Gristen

2116 2298 2264 2358 sechend
2301 2294 2462 2354 Christen
2500 2287 2586 2347 Wäm
2661 2280 2723 2340 von
2761 2274 2922 2334 Gtüben
2959 2268 3034 2328 und
3058 2266 3146 2326 knd
3182 2266 3382 2326 zumorman

1849 2326 1987 2386 Mernig
2019 2340 2096 2400 Aue

2095 2389 2278 2449 werdind
2307 2381 2356 2441 sie
2394 2374 2665 2434 angesonen,
2684 2368 2781 2428 fahls
2810 2366 2869 2426 der
2907 2363 3130 2423 zimerman
3168 2357 3304 2417 Vatter
3332 2354 3361 2414 in

2111 2471 2175 2531 die
2208 2466 2274 2526 ehe
2317 2459 2424 2519 nicht
2447 2453 2609 2513 billigen
2643 2449 2793 2509 bollte,
2827 2443 3065 2503 Partheyen
3098 2437 3173 2497 auf
3196 2431 3347 2491 sonstag

2102 2556 2153 2616 den
2165 2549 2268 2609 13ten
2280 2542 2383 2602 9bris
2408 2528 2727 2588 nechstkünfftig
2764 2519 2880 2579 alhor
2906 2518 2944 2578 zu
2982 2516 3175 2576 hallten.
