4032 3024
479 297 597 357 176.

315 598 376 658 von
393 583 532 643 Hhönech
564 571 627 631 Ao¬

332 652 489 712 schebes

346 1523 579 1583 Namacher

346 1580 523 1640 Mathaus

351 1714 464 1774 Soti
478 1711 616 1771 Christin

630 337 841 397 srutiger
901 320 1053 380 Praf.
1082 310 1158 370 und
1173 305 1233 365 de
1248 301 1324 361 mein
1339 302 1458 362 gnädigen
1475 309 1580 369 Herre
1610 326 1700 386 ngen

621 412 753 472 sentten
776 406 836 466 S.
859 398 979 458 habend
1003 389 1063 449 sie
1099 380 1301 440 ersachen,
1326 379 1385 439 bie
1433 383 1505 443 daß
1540 393 1601 453 der
1625 410 1733 470 Land¬

633 496 787 556 schreiber
816 483 899 543 vsoen
928 471 1054 531 Räuel
1109 461 1180 521 sich
1208 455 1434 515 beleußter
1475 467 1729 527 machenschafen

646 578 720 638 halb
744 567 992 627 inocentiren
1028 549 1115 609 und
1140 541 1276 601 seinen
1301 536 1487 596 angeber
1511 547 1660 607 bußen

639 660 768 720 bollen:
791 654 837 714 vn
850 650 908 710 Min
920 642 1014 702 gnädigen
1025 632 1119 692 Herren
1131 623 1225 683 br,
1248 616 1307 676 daß
1353 612 1413 672 hiß
1447 612 1564 672 ohrts
1589 624 1695 684 vor¬

652 735 787 795 gangen
810 728 878 788 zus
911 716 1082 776 gnüege
1126 698 1319 758 bekant,
1341 691 1432 751 und
1454 691 1568 751 nicht
1590 702 1716 762 ueblich

636 830 704 890 daß
762 816 843 876 Nach
877 795 1130 855 Oberkritliche
1154 777 1360 837 bestellte
1384 773 1695 833 Tribunalia¬

651 904 735 964 cher
762 882 1082 942 Verhandlungen
1110 865 1207 925 halb
1221 859 1348 919 einem
1416 865 1709 925 particularen

634 973 941 1033 rechenschafft
954 955 1120 1015 tragen,
1146 949 1223 1009 oder
1262 943 1492 1003 Partheyen
1519 943 1544 1003 so
1569 943 1646 1003 auß

616 1074 684 1134 Me
711 1061 794 1121 ede
821 1048 945 1108 erlice
959 1035 1110 1095 geredt,
1123 1026 1344 1086 namhafft
1371 1024 1549 1084 machen,
1578 1026 1659 1086 Son

660 1141 803 1201 habind
829 1131 882 1191 sie
920 1123 999 1183 auf
1038 1113 1234 1173 gedachten
1246 1108 1312 1168 von
1338 1106 1508 1166 Käuels
1547 1110 1692 1170 begehen

659 1219 775 1279 nicht
799 1207 1034 1267 attendiern,
1057 1194 1233 1254 sonderen
1256 1189 1361 1249 alleß
1409 1189 1467 1249 bey
1503 1192 1561 1252 dem
1597 1198 1678 1258 schon

652 1301 773 1361 hievor
820 1290 1001 1350 erkenten
1025 1278 1206 1338 verbleiben
1230 1269 1326 1329 laßen
1350 1265 1508 1325 wollen.

632 1445 923 1505 simbtigen,
950 1436 1136 1496 Weillen
1163 1431 1215 1491 sie
1243 1428 1389 1488 jenige
1428 1426 1587 1486 weibels
1613 1430 1720 1490 zeuge

643 1522 754 1582 samme
776 1519 832 1579 so
864 1517 920 1577 Min
931 1512 1020 1572 gnädigen
1031 1509 1109 1569 Herr
1130 1502 1375 1562 zugeschikt,
1396 1499 1496 1559 umb
1518 1501 1641 1561 etwaß

643 1599 764 1659 sukl
800 1595 824 1655 un
849 1593 908 1653 min
920 1590 1017 1650 gnädigen
1029 1587 1114 1647 Herre
1138 1584 1270 1644 arauß
1319 1583 1428 1643 nicht
1452 1584 1707 1644 ersechen.

659 1667 798 1727 können,
816 1666 851 1726 ob
886 1666 938 1726 den
982 1662 1192 1722 Mathaus
1226 1660 1444 1720 Kammaches
1506 1660 1576 1720 von
1610 1664 1671 1724 der

660 1747 814 1807 leugg,
834 1743 1010 1803 belchern
1041 1740 1235 1800 Christina
1277 1737 1421 1797 Stuki.
1442 1736 1514 1796 Ihre
1545 1736 1678 1796 Anger

668 1825 785 1885 zorige
827 1820 870 1880 ihr
902 1817 997 1877 kind
1029 1813 1264 1873 zueignet,
1285 1811 1412 1871 dieser
1433 1811 1539 1871 klag
1572 1811 1720 1871 halben

667 1903 768 1963 botth
793 1894 1031 1954 verföhnlich
1055 1889 1230 1949 bezogen,
1269 1888 1318 1948 So
1355 1888 1507 1948 habend
1532 1885 1694 1945 Wihthas

674 1984 873 2044 geschäfft
895 1977 994 2037 noch
1016 1975 1126 2035 nicht
1161 1973 1437 2033 beurtheilen,
1459 1970 1625 2030 sondern
1647 1964 1690 2024 sie

665 2073 849 2133 ansinen
877 2066 1032 2126 wollen,
1062 2065 1118 2125 ein
1146 2063 1301 2123 anders
1329 2061 1598 2121 zuugsamme,
1614 2057 1712 2117 derin

678 2164 722 2224 ob
734 2161 812 2221 ihne
847 2159 914 2219 das
936 2158 1038 2218 botth
1060 2156 1274 2216 versöhnlich
1296 2155 1466 2215 bezogen,
1477 2152 1646 2212 deutlich
1657 2149 1782 2209 ente¬

677 2248 850 2308 hallten,
879 2248 952 2308 zur
981 2246 1082 2306 Hand
1111 2246 1154 2306 zu
1182 2245 1284 2305 keing
1357 2243 1429 2303 min
1443 2241 1559 2301 gnädigen
1573 2239 1689 2299 Herren

665 2332 696 2392 zu
737 2327 880 2387 fenden

2057 255 2421 315 Sißbarhenburg
2461 242 2623 302 Praf:
2636 243 2797 303 Weillen
2825 248 2932 308 lauch
2959 252 3012 312 des
3053 253 3106 313 ein
3119 254 3228 314 gnädigen
3241 253 3323 313 Her

2088 339 2328 399 eingesenten
2363 322 2519 382 berichts
2567 319 2627 379 sie
2662 319 2855 379 fiancoise
2890 322 3070 382 Hauthies
3082 324 3142 384 den
3154 326 3287 386 beithen

1792 402 2036 462 Potensoer

2079 425 2316 485 gekommen,
2330 407 2480 467 habind
2509 400 2568 460 sie
2599 398 2657 458 sey
2688 396 2761 456 H.
2776 395 2925 455 Praf.
2940 394 3177 454 frundtlich
3192 394 3327 454 ansun

2076 510 2227 570 bollen,
2256 494 2324 554 sich
2353 484 2423 544 deß
2464 477 2574 537 orths
2603 471 2700 531 ihreß
2741 467 3032 527 aufenthalts
3061 466 3101 526 zu
3129 466 3311 526 erkung¬

1809 495 1829 555 1

2046 596 2167 656 sigen
2207 577 2288 637 und
2314 565 2407 625 Vnß
2448 556 2569 616 erßten
2596 550 2635 610 zu
2677 547 2903 607 berichten,
2932 544 3051 604 müthi
3079 544 3132 604 dem
3172 541 3321 601 hauß¬

2076 674 2188 734 letith
2225 660 2338 720 allbo
2363 649 2426 709 sie
2450 642 2526 702 sich
2550 637 2587 697 zu
2650 626 2950 686 Wällismatt
2976 625 3275 685 aufgehallten,

2093 760 2163 820 auf
2207 748 2362 808 Montag
2392 736 2434 796 den
2448 730 2519 790 10.
2533 723 2632 783 gtris
2660 715 2732 775 sich
2746 711 2817 771 vor
2831 708 2917 768 vnß
2959 707 3002 767 zu
3044 709 3199 769 stellen,
3215 716 3315 776 cp¬

2070 838 2194 898 tation
2238 824 2432 884 anlegen
2465 814 2499 874 zu
2534 807 2669 867 laßen

2081 958 2276 1018 Wahleren
2302 952 2445 1012 Memin
2458 948 2561 1008 gnädigen
2574 943 2678 1003 Herrn
2691 941 2768 1001 seye
2809 938 2860 998 Ir
2899 934 3211 994 glaubbüedige
3237 932 3316 992 bey¬

1817 1005 1997 1065 Cantbot.

2074 1037 2158 1097 richt
2186 1026 2459 1086 eingelangt,
2478 1017 2543 1077 daß
2580 1014 2619 1074 er
2666 1011 2750 1071 ohne
2797 1004 3069 1064 Richterlichen
3097 999 3238 1059 befelch
3257 997 3304 1057 die

1830 1072 1976 1132 Corneride

2080 1114 2279 1174 Prantoise
2329 1099 2504 1159 Hauthad
2541 1088 2740 1148 bezuchet,
2767 1082 2853 1142 und
2878 1080 2954 1140 mit
2966 1078 3041 1138 ihre
3078 1078 3267 1138 under¬

2073 1185 2236 1245 redung
2282 1172 2552 1232 gepflogen,
2587 1161 2739 1221 selbige
2786 1156 2844 1216 sich
2880 1151 3114 1211 dermahlen
3149 1148 3231 1208 aber
3254 1148 3337 1208 geg¬

2080 1267 2306 1327 kuchtet:
2343 1253 2483 1313 Wann
2507 1240 2758 1300 nn
2797 1232 2834 1292 zu
2884 1228 3060 1288 Wäßen
3085 1227 3313 1287 obligen.

2081 1350 2225 1410 bolle,
2259 1338 2359 1398 baß
2392 1331 2481 1391 ihne
2515 1324 2647 1384 darzu
2692 1316 2881 1376 bebogen
2925 1311 3014 1371 und
3036 1308 3191 1368 waßer
3226 1306 3302 1366 mit

2066 1440 2267 1500 selbigern
2292 1419 2595 1479 verhandlet;
2620 1409 2670 1469 So
2708 1403 2858 1463 habind
2885 1399 2947 1459 sie
2972 1397 3061 1457 ihne
3086 1396 3261 1456 anhinen

2080 1534 2226 1594 wollen
2257 1521 2374 1581 deßen
2403 1512 2460 1572 den
2505 1502 2652 1562 bericht
2666 1491 2886 1551 fürderlich
2900 1486 2960 1546 ein
2989 1481 3223 1541 zufenden

2053 1738 2489 1798 Schaffhausen
2552 1715 2661 1775 Cons.
2676 1707 2864 1767 Shreits
2894 1696 3064 1756 underm
3112 1688 3173 1748 23.
3191 1684 3282 1744 Juni

2068 1828 2208 1888 leshin
2246 1822 2439 1882 habendt
2466 1812 2631 1872 finfl.
2671 1805 2773 1865 Wis
2824 1795 2979 1855 Unsere
3029 1784 3222 1844 gedanken

2076 1925 2205 1985 wegen
2216 1921 2287 1981 der
2322 1913 2452 1973 Anna
2509 1899 2709 1959 Hurtein
2745 1886 2921 1946 füherer
2944 1874 3249 1934 angehörigen

1833 1926 1896 1986 herte
1917 1930 2022 1990 Anna

2109 2019 2151 2079 an
2195 2016 2267 2076 den
2295 2007 2525 2067 Rudolff
2567 1997 2698 2057 Seile
2740 1989 2812 2049 Ein
2884 1970 3285 2030 Schloßergesellen

1821 2013 1904 2073 Sechr
1919 2022 2072 2082 Rudopf

2079 2108 2246 2168 Unsern
2271 2102 2567 2162 Underthann
2592 2092 2682 2152 Ban
2734 2081 2939 2141 Lettburg
2979 2070 3069 2130 mit
3106 2059 3324 2119 klagender

2069 2194 2411 2254 schwängerng
2486 2179 2768 2239 formisende
2816 2164 2903 2224 Ehe
2927 2155 3122 2215 außfrach
3171 2148 3245 2208 dah

2077 2287 2407 2347 überschieben,
2447 2278 2527 2338 daß
2579 2270 2699 2330 Wie
2725 2265 2764 2325 in
2804 2255 3095 2315 erdauberung
3149 2246 3228 2306 der

2066 2380 2397 2440 verträgen,
2421 2369 2556 2429 undt
2593 2363 2641 2423 Es
2678 2357 2789 2417 Eine
2825 2344 3132 2404 Ehransfrach
3156 2336 3328 2396 ansichet

2067 2466 2145 2526 nit
2196 2467 2288 2527 habz
2301 2466 2432 2526 finden
2457 2461 2693 2521 können,
2719 2454 2809 2514 daß
2862 2447 2927 2507 den
2965 2438 3109 2498 Seiler
3135 2425 3306 2485 Bor¬

2067 2554 2172 2614 Euch
2210 2552 2524 2612 zuerscheinen
2550 2542 2758 2602 Citation
2797 2527 3006 2587 angelegt
3033 2512 3176 2572 werden
3202 2499 3360 2559 können,

2522 2656 2667 2716 Vid.
2680 2645 2786 2705 Cat.
2814 2636 2892 2696 sub
2907 2629 2985 2689 fol.
2998 2621 3091 2681 127.
3119 2613 3210 2673 sig.
3225 2609 3238 2669 &
