<?xml version="1.0" encoding="UTF-8" standalone="yes"?>
<PcGts xmlns="http://schema.primaresearch.org/PAGE/gts/pagecontent/2013-07-15" xmlns:xsi="http://www.w3.org/2001/XMLSchema-instance" xsi:schemaLocation="http://schema.primaresearch.org/PAGE/gts/pagecontent/2013-07-15 http://schema.primaresearch.org/PAGE/gts/pagecontent/2013-07-15/pagecontent.xsd">
    <Metadata>
        <Creator>prov=READ-COOP:name=PyLaia@TranskribusPlatform:version=0.6.0:model_id=38215:lm=none:date=22_11_2021_11:06
prov=READ-COOP:name=PyLaia@Transkribus:version=0.6.0:model_id=38215:date=22_11_2021_11:04
prov=University of Rostock/Institute of Mathematics/CITlab|PLANET AI GmbH/Tobias Gruening/tobias.gruening@planet-ai.de:name=de.uros.citlab.module.baseline2polygon.B2PSeamMultiOriented:v=2.6.7</Creator>
        <Created>2021-08-09T15:16:21.004+02:00</Created>
        <LastChange>2021-11-22T11:06:54.964+01:00</LastChange>
        <TranskribusMetadata docId="746917" pageId="28279315" pageNr="61" tsid="68400734" status="IN_PROGRESS" userId="537" imgUrl="https://files.transkribus.eu/Get?id=JIHHANWDOXFUHUZOWWCOQIMU&amp;fileType=view" xmlUrl="https://files.transkribus.eu/Get?id=KDTBOGOPFFSCSLHWGZVFDCVD" imageId="22024816"/>
    </Metadata>
    <Page imageFilename="061.jpg" imageWidth="4032" imageHeight="3024">
        <ReadingOrder>
            <OrderedGroup id="ro_1687514938358" caption="Regions reading order">
                <RegionRefIndexed index="0" regionRef="r1"/>
                <RegionRefIndexed index="1" regionRef="r2"/>
            </OrderedGroup>
        </ReadingOrder>
        <TextRegion orientation="0.0" id="r1" custom="readingOrder {index:0;}">
            <Coords points="291,222 291,2446 1769,2446 1769,222"/>
            <TextLine id="r1l1" custom="readingOrder {index:0;}">
                <Coords points="327,316 356,307 378,321 399,318 419,294 430,292 415,197 393,199 386,207 373,202 341,212 327,226 312,225"/>
                <Baseline points="327,270 356,266 386,260 416,257"/>
                <Word id="r1l1_w1" custom="readingOrder {index:0;}">
                    <Coords points="315,227 315,287 370,287 370,227"/>
                    <TextEquiv>
                        <Unicode>17</Unicode>
                    </TextEquiv>
                </Word>
                <TextEquiv>
                    <Unicode>17</Unicode>
                </TextEquiv>
            </TextLine>
            <TextLine id="r1l2" custom="readingOrder {index:1;}">
                <Coords points="843,360 944,337 1012,368 1114,318 1234,316 1262,343 1366,307 1529,329 1562,314 1563,219 1516,199 1443,242 1318,195 844,208"/>
                <Baseline points="852,311 887,311 922,311 957,311 992,311 1027,311 1062,311 1097,311 1132,311 1167,310 1203,309 1238,309 1273,309 1308,311 1343,311 1378,311 1413,312 1448,314 1483,316 1518,318 1554,321"/>
                <Word id="r1l2_w1" custom="readingOrder {index:0;}">
                    <Coords points="848,271 848,331 1079,331 1079,271"/>
                    <TextEquiv>
                        <Unicode>Montags</Unicode>
                    </TextEquiv>
                </Word>
                <Word id="r1l2_w2" custom="readingOrder {index:1;}">
                    <Coords points="1111,270 1111,330 1161,330 1161,270"/>
                    <TextEquiv>
                        <Unicode>den</Unicode>
                    </TextEquiv>
                </Word>
                <Word id="r1l2_w3" custom="readingOrder {index:2;}">
                    <Coords points="1177,269 1177,329 1258,329 1258,269"/>
                    <TextEquiv>
                        <Unicode>3te</Unicode>
                    </TextEquiv>
                </Word>
                <Word id="r1l2_w4" custom="readingOrder {index:3;}">
                    <Coords points="1276,271 1276,331 1391,331 1391,271"/>
                    <TextEquiv>
                        <Unicode>9bris</Unicode>
                    </TextEquiv>
                </Word>
                <Word id="r1l2_w5" custom="readingOrder {index:4;}">
                    <Coords points="1407,274 1407,334 1523,334 1523,274"/>
                    <TextEquiv>
                        <Unicode>1752</Unicode>
                    </TextEquiv>
                </Word>
                <TextEquiv>
                    <Unicode>Montags den 3te 9bris 1752</Unicode>
                </TextEquiv>
            </TextLine>
            <TextLine id="r1l3" custom="readingOrder {index:2;}">
                <Coords points="986,443 1026,423 1079,436 1105,421 1139,439 1253,449 1302,408 1328,410 1325,360 1303,363 1233,316 1186,333 1167,318 1145,330 1115,318 1070,326 983,383"/>
                <Baseline points="993,426 1018,421 1043,418 1068,415 1093,413 1118,411 1143,410 1168,409 1193,408 1218,408 1243,408 1268,407 1293,405 1319,404"/>
                <Word id="r1l3_w1" custom="readingOrder {index:0;}">
                    <Coords points="1013,368 1013,428 1338,428 1338,368"/>
                    <TextEquiv>
                        <Unicode>Statthalter.</Unicode>
                    </TextEquiv>
                </Word>
                <TextEquiv>
                    <Unicode>Statthalter.</Unicode>
                </TextEquiv>
            </TextLine>
            <TextLine id="r1l4" custom="readingOrder {index:3;}">
                <Coords points="801,550 894,563 1089,497 1142,543 1201,507 1315,535 1378,504 1443,556 1482,532 1528,553 1622,529 1622,451 1448,430 1386,389 1224,458 902,413 801,452"/>
                <Baseline points="809,503 849,502 889,501 929,500 970,498 1010,497 1050,495 1090,495 1131,494 1171,492 1211,491 1251,491 1292,491 1332,491 1372,492 1412,494 1453,496 1493,499 1533,502 1573,507 1614,513"/>
                <Word id="r1l4_w1" custom="readingOrder {index:0;}">
                    <Coords points="807,458 807,518 1120,518 1120,458"/>
                    <TextEquiv>
                        <Unicode>MengdeH</Unicode>
                    </TextEquiv>
                </Word>
                <Word id="r1l4_w2" custom="readingOrder {index:1;}">
                    <Coords points="1169,451 1169,511 1201,511 1201,451"/>
                    <TextEquiv>
                        <Unicode>re</Unicode>
                    </TextEquiv>
                </Word>
                <Word id="r1l4_w3" custom="readingOrder {index:2;}">
                    <Coords points="1251,451 1251,511 1268,511 1268,451"/>
                    <TextEquiv>
                        <Unicode>e</Unicode>
                    </TextEquiv>
                </Word>
                <Word id="r1l4_w4" custom="readingOrder {index:3;}">
                    <Coords points="1318,455 1318,515 1581,515 1581,455"/>
                    <TextEquiv>
                        <Unicode>tattenveile</Unicode>
                    </TextEquiv>
                </Word>
                <TextEquiv>
                    <Unicode>MengdeH re e tattenveile</Unicode>
                </TextEquiv>
            </TextLine>
            <TextLine id="r1l5" custom="readingOrder {index:4;}">
                <Coords points="997,618 1089,631 1126,596 1163,608 1200,569 1294,559 1293,525 1272,515 1243,530 1197,507 1166,517 1144,542 1088,497 1050,529 991,510"/>
                <Baseline points="1002,576 1027,576 1053,575 1079,572 1105,570 1131,568 1157,566 1183,564 1209,563 1235,563 1261,565 1287,567"/>
                <Word id="r1l5_w1" custom="readingOrder {index:0;}">
                    <Coords points="993,527 993,587 1290,587 1290,527"/>
                    <TextEquiv>
                        <Unicode>Assessores</Unicode>
                    </TextEquiv>
                </Word>
                <TextEquiv>
                    <Unicode>Assessores</Unicode>
                </TextEquiv>
            </TextLine>
            <TextLine id="r1l6" custom="readingOrder {index:5;}">
                <Coords points="633,676 973,667 1126,709 1395,653 1718,700 1719,631 1511,572 1364,596 1294,549 1049,627 913,570 634,613"/>
                <Baseline points="642,654 695,656 748,654 802,654 855,653 909,653 962,651 1015,650 1069,650 1122,648 1176,648 1229,648 1282,650 1336,651 1389,653 1443,656 1496,660 1549,664 1603,670 1656,678 1710,686"/>
                <Word id="r1l6_w1" custom="readingOrder {index:0;}">
                    <Coords points="636,613 636,673 1134,673 1134,613"/>
                    <TextEquiv>
                        <Unicode>MendgeHerarerachs</Unicode>
                    </TextEquiv>
                </Word>
                <Word id="r1l6_w2" custom="readingOrder {index:1;}">
                    <Coords points="1189,608 1189,668 1296,668 1296,608"/>
                    <TextEquiv>
                        <Unicode>Fred</Unicode>
                    </TextEquiv>
                </Word>
                <Word id="r1l6_w3" custom="readingOrder {index:2;}">
                    <Coords points="1337,615 1337,675 1539,675 1539,615"/>
                    <TextEquiv>
                        <Unicode>Morell,</Unicode>
                    </TextEquiv>
                </Word>
                <Word id="r1l6_w4" custom="readingOrder {index:3;}">
                    <Coords points="1552,635 1552,695 1729,695 1729,635"/>
                    <TextEquiv>
                        <Unicode>Erstlachen</Unicode>
                    </TextEquiv>
                </Word>
                <TextEquiv>
                    <Unicode>MendgeHerarerachs Fred Morell, Erstlachen</Unicode>
                </TextEquiv>
            </TextLine>
            <TextLine id="r1l7" custom="readingOrder {index:6;}">
                <Coords points="609,793 743,805 901,751 944,790 1191,771 1291,829 1396,792 1475,834 1580,755 1759,798 1730,725 1396,654 1291,698 835,707 737,661 610,702"/>
                <Baseline points="618,755 674,753 731,750 787,747 844,744 901,741 957,740 1014,738 1071,736 1127,735 1184,734 1241,735 1297,735 1354,737 1411,740 1467,743 1524,747 1581,754 1637,760 1694,769 1751,779"/>
                <Word id="r1l7_w1" custom="readingOrder {index:0;}">
                    <Coords points="628,711 628,771 796,771 796,711"/>
                    <TextEquiv>
                        <Unicode>Späthig</Unicode>
                    </TextEquiv>
                </Word>
                <Word id="r1l7_w2" custom="readingOrder {index:1;}">
                    <Coords points="872,700 872,760 1008,760 1008,700"/>
                    <TextEquiv>
                        <Unicode>Graf</Unicode>
                    </TextEquiv>
                </Word>
                <Word id="r1l7_w3" custom="readingOrder {index:2;}">
                    <Coords points="1054,694 1054,754 1251,754 1251,694"/>
                    <TextEquiv>
                        <Unicode>Meller,</Unicode>
                    </TextEquiv>
                </Word>
                <Word id="r1l7_w4" custom="readingOrder {index:3;}">
                    <Coords points="1281,695 1281,755 1296,755 1296,695"/>
                    <TextEquiv>
                        <Unicode>H</Unicode>
                    </TextEquiv>
                </Word>
                <Word id="r1l7_w5" custom="readingOrder {index:4;}">
                    <Coords points="1343,699 1343,759 1478,759 1478,699"/>
                    <TextEquiv>
                        <Unicode>allers</Unicode>
                    </TextEquiv>
                </Word>
                <Word id="r1l7_w6" custom="readingOrder {index:5;}">
                    <Coords points="1510,710 1510,770 1601,770 1601,710"/>
                    <TextEquiv>
                        <Unicode>Pat.</Unicode>
                    </TextEquiv>
                </Word>
                <Word id="r1l7_w7" custom="readingOrder {index:6;}">
                    <Coords points="1616,727 1616,787 1752,787 1752,727"/>
                    <TextEquiv>
                        <Unicode>Rotor</Unicode>
                    </TextEquiv>
                </Word>
                <TextEquiv>
                    <Unicode>Späthig Graf Meller, H allers Pat. Rotor</Unicode>
                </TextEquiv>
            </TextLine>
            <TextLine id="r1l8" custom="readingOrder {index:7;}">
                <Coords points="629,874 673,901 755,857 820,889 876,854 950,876 1006,868 1051,846 1047,773 976,772 949,789 901,751 811,799 771,785 747,806 712,804 682,780 625,802"/>
                <Baseline points="635,845 660,842 685,838 711,836 736,834 761,833 787,831 812,831 838,830 863,828 888,828 914,827 939,827 964,825 990,824 1015,822 1041,821"/>
                <Word id="r1l8_w1" custom="readingOrder {index:0;}">
                    <Coords points="640,796 640,856 776,856 776,796"/>
                    <TextEquiv>
                        <Unicode>Major</Unicode>
                    </TextEquiv>
                </Word>
                <Word id="r1l8_w2" custom="readingOrder {index:1;}">
                    <Coords points="816,787 816,847 1019,847 1019,787"/>
                    <TextEquiv>
                        <Unicode>Schmalz</Unicode>
                    </TextEquiv>
                </Word>
                <TextEquiv>
                    <Unicode>Major Schmalz</Unicode>
                </TextEquiv>
            </TextLine>
            <TextLine id="r1l9" custom="readingOrder {index:8;}">
                <Coords points="639,977 877,953 1040,999 1105,954 1454,952 1687,1010 1736,917 1638,940 1464,870 1371,919 1280,881 640,908"/>
                <Baseline points="648,957 702,959 756,959 810,960 864,959 918,959 972,957 1026,957 1080,956 1134,954 1188,954 1242,953 1296,953 1350,953 1404,953 1458,954 1512,957 1566,960 1620,964 1674,968 1728,975"/>
                <Word id="r1l9_w1" custom="readingOrder {index:0;}">
                    <Coords points="640,917 640,977 706,977 706,917"/>
                    <TextEquiv>
                        <Unicode>mr</Unicode>
                    </TextEquiv>
                </Word>
                <Word id="r1l9_w2" custom="readingOrder {index:1;}">
                    <Coords points="740,919 740,979 839,979 839,919"/>
                    <TextEquiv>
                        <Unicode>Hanß</Unicode>
                    </TextEquiv>
                </Word>
                <Word id="r1l9_w3" custom="readingOrder {index:2;}">
                    <Coords points="896,917 896,977 1097,977 1097,917"/>
                    <TextEquiv>
                        <Unicode>Rindolph</Unicode>
                    </TextEquiv>
                </Word>
                <Word id="r1l9_w4" custom="readingOrder {index:3;}">
                    <Coords points="1141,913 1141,973 1343,973 1343,913"/>
                    <TextEquiv>
                        <Unicode>Rundeli</Unicode>
                    </TextEquiv>
                </Word>
                <Word id="r1l9_w5" custom="readingOrder {index:4;}">
                    <Coords points="1365,913 1365,973 1432,973 1432,913"/>
                    <TextEquiv>
                        <Unicode>von</Unicode>
                    </TextEquiv>
                </Word>
                <Word id="r1l9_w6" custom="readingOrder {index:5;}">
                    <Coords points="1477,918 1477,978 1610,978 1610,918"/>
                    <TextEquiv>
                        <Unicode>allheer</Unicode>
                    </TextEquiv>
                </Word>
                <Word id="r1l9_w7" custom="readingOrder {index:6;}">
                    <Coords points="1645,928 1645,988 1711,988 1711,928"/>
                    <TextEquiv>
                        <Unicode>mit</Unicode>
                    </TextEquiv>
                </Word>
                <TextEquiv>
                    <Unicode>mr Hanß Rindolph Rundeli von allheer mit</Unicode>
                </TextEquiv>
            </TextLine>
            <TextLine id="r1l10" custom="readingOrder {index:9;}">
                <Coords points="304,996 334,1005 379,979 408,997 436,977 472,987 486,977 628,980 626,928 606,931 567,905 528,910 467,873 429,879 386,913 301,907"/>
                <Baseline points="312,975 337,977 363,977 389,977 414,975 440,974 466,974 491,972 517,971 543,969 568,969 594,968 620,968"/>
                <Word id="r1l10_w1" custom="readingOrder {index:0;}">
                    <Coords points="310,935 310,995 505,995 505,935"/>
                    <TextEquiv>
                        <Unicode>Bundel</Unicode>
                    </TextEquiv>
                </Word>
                <Word id="r1l10_w2" custom="readingOrder {index:1;}">
                    <Coords points="545,928 545,988 638,988 638,928"/>
                    <TextEquiv>
                        <Unicode>Mr.</Unicode>
                    </TextEquiv>
                </Word>
                <TextEquiv>
                    <Unicode>Bundel Mr.</Unicode>
                </TextEquiv>
            </TextLine>
            <TextLine id="r1l11" custom="readingOrder {index:10;}">
                <Coords points="689,1031 705,1028 730,1008 774,997 788,1004 804,998 862,1002 859,955 842,957 821,973 803,962 784,961 766,977 751,965 728,984 709,970 685,973"/>
                <Baseline points="696,1008 722,1004 748,1002 775,1000 801,998 827,998 854,995"/>
                <Word id="r1l11_w1" custom="readingOrder {index:0;}">
                    <Coords points="690,968 690,1028 698,1028 698,968"/>
                    <TextEquiv>
                        <Unicode>1</Unicode>
                    </TextEquiv>
                </Word>
                <Word id="r1l11_w2" custom="readingOrder {index:1;}">
                    <Coords points="729,959 729,1019 839,1019 839,959"/>
                    <TextEquiv>
                        <Unicode>Mattia</Unicode>
                    </TextEquiv>
                </Word>
                <TextEquiv>
                    <Unicode>1 Mattia</Unicode>
                </TextEquiv>
            </TextLine>
            <TextLine id="r1l12" custom="readingOrder {index:11;}">
                <Coords points="298,1056 397,1045 465,1066 480,1051 510,1051 562,1077 617,1053 614,977 542,979 526,991 504,976 473,988 454,980 415,1002 364,980 335,1004 320,995 296,1005"/>
                <Baseline points="305,1043 330,1039 355,1036 380,1034 406,1032 431,1031 456,1031 481,1029 507,1029 532,1029 557,1028 582,1028 608,1026"/>
                <Word id="r1l12_w1" custom="readingOrder {index:0;}">
                    <Coords points="314,995 314,1055 421,1055 421,995"/>
                    <TextEquiv>
                        <Unicode>Hans</Unicode>
                    </TextEquiv>
                </Word>
                <Word id="r1l12_w2" custom="readingOrder {index:1;}">
                    <Coords points="460,989 460,1049 597,1049 597,989"/>
                    <TextEquiv>
                        <Unicode>Bndolg</Unicode>
                    </TextEquiv>
                </Word>
                <TextEquiv>
                    <Unicode>Hans Bndolg</Unicode>
                </TextEquiv>
            </TextLine>
            <TextLine id="r1l13" custom="readingOrder {index:12;}">
                <Coords points="657,1078 772,1103 859,1052 1042,1088 1136,1031 1369,1023 1729,1066 1728,986 1148,951 1032,1004 917,963 656,1013"/>
                <Baseline points="665,1044 717,1043 770,1041 823,1038 876,1036 929,1034 981,1032 1034,1029 1087,1028 1140,1026 1193,1025 1245,1023 1298,1022 1351,1022 1404,1023 1457,1023 1509,1026 1562,1028 1615,1032 1668,1036 1721,1043"/>
                <Word id="r1l13_w1" custom="readingOrder {index:0;}">
                    <Coords points="657,1003 657,1063 692,1063 692,1003"/>
                    <TextEquiv>
                        <Unicode>Hr</Unicode>
                    </TextEquiv>
                </Word>
                <Word id="r1l13_w2" custom="readingOrder {index:1;}">
                    <Coords points="749,996 749,1056 994,1056 994,996"/>
                    <TextEquiv>
                        <Unicode>Magtalena</Unicode>
                    </TextEquiv>
                </Word>
                <Word id="r1l13_w3" custom="readingOrder {index:2;}">
                    <Coords points="1040,985 1040,1045 1319,1045 1319,985"/>
                    <TextEquiv>
                        <Unicode>Schullhantge</Unicode>
                    </TextEquiv>
                </Word>
                <Word id="r1l13_w4" custom="readingOrder {index:3;}">
                    <Coords points="1354,982 1354,1042 1436,1042 1436,982"/>
                    <TextEquiv>
                        <Unicode>auch</Unicode>
                    </TextEquiv>
                </Word>
                <Word id="r1l13_w5" custom="readingOrder {index:4;}">
                    <Coords points="1459,985 1459,1045 1528,1045 1528,985"/>
                    <TextEquiv>
                        <Unicode>von</Unicode>
                    </TextEquiv>
                </Word>
                <Word id="r1l13_w6" custom="readingOrder {index:5;}">
                    <Coords points="1551,992 1551,1052 1679,1052 1679,992"/>
                    <TextEquiv>
                        <Unicode>allhier</Unicode>
                    </TextEquiv>
                </Word>
                <TextEquiv>
                    <Unicode>Hr Magtalena Schullhantge auch von allhier</Unicode>
                </TextEquiv>
            </TextLine>
            <TextLine id="r1l14" custom="readingOrder {index:13;}">
                <Coords points="633,1132 1721,1112 1720,1074 1600,1025 1458,1083 1345,1028 1244,1083 1156,1037 1044,1085 882,1054 796,1096 632,1091"/>
                <Baseline points="641,1118 694,1116 748,1116 801,1115 855,1113 908,1112 962,1110 1015,1109 1069,1107 1122,1106 1176,1104 1230,1103 1283,1103 1337,1101 1390,1101 1444,1101 1497,1101 1551,1101 1604,1103 1658,1104 1712,1107"/>
                <Word id="r1l14_w1" custom="readingOrder {index:0;}">
                    <Coords points="631,1076 631,1136 752,1136 752,1076"/>
                    <TextEquiv>
                        <Unicode>einer</Unicode>
                    </TextEquiv>
                </Word>
                <Word id="r1l14_w2" custom="readingOrder {index:1;}">
                    <Coords points="788,1072 788,1132 1003,1132 1003,1072"/>
                    <TextEquiv>
                        <Unicode>gebohrnen</Unicode>
                    </TextEquiv>
                </Word>
                <Word id="r1l14_w3" custom="readingOrder {index:2;}">
                    <Coords points="1050,1064 1050,1124 1301,1124 1301,1064"/>
                    <TextEquiv>
                        <Unicode>Wagnerin,</Unicode>
                    </TextEquiv>
                </Word>
                <Word id="r1l14_w4" custom="readingOrder {index:3;}">
                    <Coords points="1319,1061 1319,1121 1432,1121 1432,1061"/>
                    <TextEquiv>
                        <Unicode>denne</Unicode>
                    </TextEquiv>
                </Word>
                <Word id="r1l14_w5" custom="readingOrder {index:4;}">
                    <Coords points="1469,1061 1469,1121 1524,1121 1524,1061"/>
                    <TextEquiv>
                        <Unicode>Herr</Unicode>
                    </TextEquiv>
                </Word>
                <Word id="r1l14_w6" custom="readingOrder {index:5;}">
                    <Coords points="1553,1063 1553,1123 1674,1123 1674,1063"/>
                    <TextEquiv>
                        <Unicode>Johan</Unicode>
                    </TextEquiv>
                </Word>
                <TextEquiv>
                    <Unicode>einer gebohrnen Wagnerin, denne Herr Johan</Unicode>
                </TextEquiv>
            </TextLine>
            <TextLine id="r1l15" custom="readingOrder {index:14;}">
                <Coords points="293,1129 344,1118 378,1126 411,1113 483,1128 514,1110 546,1116 559,1101 581,1099 579,1067 540,1074 500,1056 463,1067 393,1040 378,1053 353,1045 334,1056 289,1053"/>
                <Baseline points="300,1119 327,1116 354,1112 381,1109 409,1107 436,1106 463,1104 491,1104 518,1103 545,1103 573,1104"/>
                <Word id="r1l15_w1" custom="readingOrder {index:0;}">
                    <Coords points="305,1066 305,1126 563,1126 563,1066"/>
                    <TextEquiv>
                        <Unicode>Sellsammer</Unicode>
                    </TextEquiv>
                </Word>
                <TextEquiv>
                    <Unicode>Sellsammer</Unicode>
                </TextEquiv>
            </TextLine>
            <TextLine id="r1l16" custom="readingOrder {index:15;}">
                <Coords points="293,1191 316,1199 361,1185 399,1197 446,1183 463,1193 517,1163 535,1176 570,1163 613,1172 610,1110 570,1097 544,1117 512,1110 480,1129 413,1113 376,1128 341,1117 309,1132 289,1126"/>
                <Baseline points="300,1179 325,1176 350,1173 376,1171 401,1168 427,1166 452,1165 477,1164 503,1163 528,1161 554,1161 579,1161 605,1160"/>
                <Word id="r1l16_w1" custom="readingOrder {index:0;}">
                    <Coords points="296,1134 296,1194 387,1194 387,1134"/>
                    <TextEquiv>
                        <Unicode>Marid</Unicode>
                    </TextEquiv>
                </Word>
                <Word id="r1l16_w2" custom="readingOrder {index:1;}">
                    <Coords points="423,1122 423,1182 604,1182 604,1122"/>
                    <TextEquiv>
                        <Unicode>Morgdalena</Unicode>
                    </TextEquiv>
                </Word>
                <TextEquiv>
                    <Unicode>Marid Morgdalena</Unicode>
                </TextEquiv>
            </TextLine>
            <TextLine id="r1l17" custom="readingOrder {index:16;}">
                <Coords points="639,1208 761,1238 892,1200 1064,1227 1145,1180 1397,1178 1445,1221 1515,1184 1726,1196 1725,1150 1660,1117 1507,1096 638,1133"/>
                <Baseline points="647,1199 700,1198 754,1196 807,1194 861,1191 914,1190 968,1187 1021,1185 1075,1182 1128,1180 1182,1178 1236,1176 1289,1176 1343,1175 1396,1175 1450,1175 1503,1176 1557,1178 1610,1180 1664,1184 1718,1188"/>
                <Word id="r1l17_w1" custom="readingOrder {index:0;}">
                    <Coords points="641,1157 641,1217 807,1217 807,1157"/>
                    <TextEquiv>
                        <Unicode>vonbloh</Unicode>
                    </TextEquiv>
                </Word>
                <Word id="r1l17_w2" custom="readingOrder {index:1;}">
                    <Coords points="848,1149 848,1209 1000,1209 1000,1149"/>
                    <TextEquiv>
                        <Unicode>Wollff</Unicode>
                    </TextEquiv>
                </Word>
                <Word id="r1l17_w3" custom="readingOrder {index:2;}">
                    <Coords points="1029,1142 1029,1202 1097,1202 1097,1142"/>
                    <TextEquiv>
                        <Unicode>von</Unicode>
                    </TextEquiv>
                </Word>
                <Word id="r1l17_w4" custom="readingOrder {index:3;}">
                    <Coords points="1126,1137 1126,1197 1265,1197 1265,1137"/>
                    <TextEquiv>
                        <Unicode>allhier</Unicode>
                    </TextEquiv>
                </Word>
                <Word id="r1l17_w5" custom="readingOrder {index:4;}">
                    <Coords points="1305,1135 1305,1195 1402,1195 1402,1135"/>
                    <TextEquiv>
                        <Unicode>mit</Unicode>
                    </TextEquiv>
                </Word>
                <Word id="r1l17_w6" custom="readingOrder {index:5;}">
                    <Coords points="1431,1137 1431,1197 1651,1197 1651,1137"/>
                    <TextEquiv>
                        <Unicode>Catharina</Unicode>
                    </TextEquiv>
                </Word>
                <TextEquiv>
                    <Unicode>vonbloh Wollff von allhier mit Catharina</Unicode>
                </TextEquiv>
            </TextLine>
            <TextLine id="r1l18" custom="readingOrder {index:17;}">
                <Coords points="289,1273 305,1280 347,1250 401,1249 417,1233 532,1289 615,1277 609,1186 578,1191 545,1165 535,1177 509,1164 482,1188 444,1184 421,1203 362,1188 338,1212 322,1205 286,1226"/>
                <Baseline points="296,1253 321,1250 347,1247 373,1244 399,1242 424,1239 450,1238 476,1236 502,1235 527,1234 553,1233 579,1233 605,1233"/>
                <Word id="r1l18_w1" custom="readingOrder {index:0;}">
                    <Coords points="298,1203 298,1263 456,1263 456,1203"/>
                    <TextEquiv>
                        <Unicode>Wollt.</Unicode>
                    </TextEquiv>
                </Word>
                <Word id="r1l18_w2" custom="readingOrder {index:1;}">
                    <Coords points="467,1195 467,1255 516,1255 516,1195"/>
                    <TextEquiv>
                        <Unicode>H.</Unicode>
                    </TextEquiv>
                </Word>
                <Word id="r1l18_w3" custom="readingOrder {index:2;}">
                    <Coords points="540,1193 540,1253 625,1253 625,1193"/>
                    <TextEquiv>
                        <Unicode>Joha.</Unicode>
                    </TextEquiv>
                </Word>
                <TextEquiv>
                    <Unicode>Wollt. H. Joha.</Unicode>
                </TextEquiv>
            </TextLine>
            <TextLine id="r1l19" custom="readingOrder {index:18;}">
                <Coords points="639,1287 812,1313 1024,1266 1420,1328 1490,1285 1738,1281 1737,1227 1662,1188 1363,1235 1226,1177 1062,1228 890,1201 734,1241 637,1206"/>
                <Baseline points="647,1278 701,1277 755,1275 809,1273 863,1271 917,1269 971,1266 1026,1264 1080,1263 1134,1261 1188,1259 1242,1257 1296,1257 1350,1256 1405,1256 1459,1256 1513,1256 1567,1257 1621,1258 1675,1260 1730,1262"/>
                <Word id="r1l19_w1" custom="readingOrder {index:0;}">
                    <Coords points="640,1234 640,1294 906,1294 906,1234"/>
                    <TextEquiv>
                        <Unicode>Kachelhofer</Unicode>
                    </TextEquiv>
                </Word>
                <Word id="r1l19_w2" custom="readingOrder {index:1;}">
                    <Coords points="932,1225 932,1285 1026,1285 1026,1225"/>
                    <TextEquiv>
                        <Unicode>auch</Unicode>
                    </TextEquiv>
                </Word>
                <Word id="r1l19_w3" custom="readingOrder {index:2;}">
                    <Coords points="1066,1222 1066,1282 1133,1282 1133,1222"/>
                    <TextEquiv>
                        <Unicode>von</Unicode>
                    </TextEquiv>
                </Word>
                <Word id="r1l19_w4" custom="readingOrder {index:3;}">
                    <Coords points="1160,1217 1160,1277 1293,1277 1293,1217"/>
                    <TextEquiv>
                        <Unicode>allhier</Unicode>
                    </TextEquiv>
                </Word>
                <Word id="r1l19_w5" custom="readingOrder {index:4;}">
                    <Coords points="1346,1216 1346,1276 1493,1276 1493,1216"/>
                    <TextEquiv>
                        <Unicode>mochen</Unicode>
                    </TextEquiv>
                </Word>
                <Word id="r1l19_w6" custom="readingOrder {index:5;}">
                    <Coords points="1520,1217 1520,1277 1627,1277 1627,1217"/>
                    <TextEquiv>
                        <Unicode>Recht</Unicode>
                    </TextEquiv>
                </Word>
                <Word id="r1l19_w7" custom="readingOrder {index:6;}">
                    <Coords points="1653,1219 1653,1279 1693,1279 1693,1219"/>
                    <TextEquiv>
                        <Unicode>zu</Unicode>
                    </TextEquiv>
                </Word>
                <TextEquiv>
                    <Unicode>Kachelhofer auch von allhier mochen Recht zu</Unicode>
                </TextEquiv>
            </TextLine>
            <TextLine id="r1l20" custom="readingOrder {index:19;}">
                <Coords points="305,1318 338,1314 351,1303 371,1314 397,1301 411,1306 440,1296 479,1316 495,1305 485,1213 469,1214 440,1249 415,1233 400,1249 390,1242 385,1249 348,1250 301,1275"/>
                <Baseline points="312,1314 341,1308 370,1303 399,1299 428,1296 457,1295 486,1296"/>
                <Word id="r1l20_w1" custom="readingOrder {index:0;}">
                    <Coords points="301,1259 301,1319 492,1319 492,1259"/>
                    <TextEquiv>
                        <Unicode>Rudoloh</Unicode>
                    </TextEquiv>
                </Word>
                <TextEquiv>
                    <Unicode>Rudoloh</Unicode>
                </TextEquiv>
            </TextLine>
            <TextLine id="r1l21" custom="readingOrder {index:20;}">
                <Coords points="651,1370 700,1363 740,1384 770,1373 884,1406 927,1401 965,1373 1003,1392 1058,1375 1054,1291 1005,1283 995,1295 942,1264 919,1260 881,1296 832,1311 772,1283 717,1277 682,1299 648,1283"/>
                <Baseline points="659,1355 685,1353 711,1353 737,1352 763,1351 789,1350 815,1350 841,1349 867,1347 893,1347 919,1346 945,1345 971,1343 997,1342 1023,1339 1049,1337"/>
                <Word id="r1l21_w1" custom="readingOrder {index:0;}">
                    <Coords points="651,1312 651,1372 789,1372 789,1312"/>
                    <TextEquiv>
                        <Unicode>sallten</Unicode>
                    </TextEquiv>
                </Word>
                <Word id="r1l21_w2" custom="readingOrder {index:1;}">
                    <Coords points="817,1305 817,1365 1053,1365 1053,1305"/>
                    <TextEquiv>
                        <Unicode>bewilliget</Unicode>
                    </TextEquiv>
                </Word>
                <TextEquiv>
                    <Unicode>sallten bewilliget</Unicode>
                </TextEquiv>
            </TextLine>
            <TextLine id="r1l22" custom="readingOrder {index:21;}">
                <Coords points="302,1377 363,1370 453,1417 513,1390 559,1398 649,1357 647,1250 565,1304 515,1277 480,1314 440,1296 412,1311 351,1303 301,1315"/>
                <Baseline points="309,1362 334,1360 360,1358 385,1356 411,1354 437,1353 462,1351 488,1350 513,1350 539,1350 565,1350 590,1352 616,1353 642,1356"/>
                <Word id="r1l22_w1" custom="readingOrder {index:0;}">
                    <Coords points="303,1314 303,1374 517,1374 517,1314"/>
                    <TextEquiv>
                        <Unicode>Rarbelhofer</Unicode>
                    </TextEquiv>
                </Word>
                <Word id="r1l22_w2" custom="readingOrder {index:1;}">
                    <Coords points="531,1311 531,1371 632,1371 632,1311"/>
                    <TextEquiv>
                        <Unicode>Cathar</Unicode>
                    </TextEquiv>
                </Word>
                <TextEquiv>
                    <Unicode>Rarbelhofer Cathar</Unicode>
                </TextEquiv>
            </TextLine>
            <TextLine id="r1l23" custom="readingOrder {index:22;}">
                <Coords points="306,1455 335,1456 350,1442 366,1452 382,1453 398,1440 420,1434 415,1367 396,1366 375,1381 364,1370 341,1392 313,1375 301,1378"/>
                <Baseline points="311,1415 344,1412 377,1409 410,1409"/>
                <Word id="r1l23_w1" custom="readingOrder {index:0;}">
                    <Coords points="299,1372 299,1432 386,1432 386,1372"/>
                    <TextEquiv>
                        <Unicode>rina</Unicode>
                    </TextEquiv>
                </Word>
                <TextEquiv>
                    <Unicode>rina</Unicode>
                </TextEquiv>
            </TextLine>
            <TextLine id="r1l24" custom="readingOrder {index:23;}">
                <Coords points="613,1558 957,1567 1042,1513 1173,1574 1529,1534 1610,1569 1732,1546 1732,1474 1071,1394 964,1468 612,1417"/>
                <Baseline points="621,1535 676,1530 731,1526 786,1522 841,1520 896,1517 951,1517 1007,1515 1062,1515 1117,1514 1172,1515 1227,1515 1282,1515 1337,1517 1393,1517 1448,1518 1503,1518 1558,1518 1613,1518 1668,1518 1724,1517"/>
                <Word id="r1l24_w1" custom="readingOrder {index:0;}">
                    <Coords points="634,1486 634,1546 816,1546 816,1486"/>
                    <TextEquiv>
                        <Unicode>Fraub</Unicode>
                    </TextEquiv>
                </Word>
                <Word id="r1l24_w2" custom="readingOrder {index:1;}">
                    <Coords points="832,1477 832,1537 948,1537 948,1477"/>
                    <TextEquiv>
                        <Unicode>sond.</Unicode>
                    </TextEquiv>
                </Word>
                <Word id="r1l24_w3" custom="readingOrder {index:2;}">
                    <Coords points="965,1474 965,1534 1279,1534 1279,1474"/>
                    <TextEquiv>
                        <Unicode>Sintemachten</Unicode>
                    </TextEquiv>
                </Word>
                <Word id="r1l24_w4" custom="readingOrder {index:3;}">
                    <Coords points="1295,1477 1295,1537 1409,1537 1409,1477"/>
                    <TextEquiv>
                        <Unicode>besag</Unicode>
                    </TextEquiv>
                </Word>
                <Word id="r1l24_w5" custom="readingOrder {index:4;}">
                    <Coords points="1444,1478 1444,1538 1574,1538 1574,1478"/>
                    <TextEquiv>
                        <Unicode>Eibers</Unicode>
                    </TextEquiv>
                </Word>
                <Word id="r1l24_w6" custom="readingOrder {index:5;}">
                    <Coords points="1593,1478 1593,1538 1742,1538 1742,1478"/>
                    <TextEquiv>
                        <Unicode>erhalt,</Unicode>
                    </TextEquiv>
                </Word>
                <TextEquiv>
                    <Unicode>Fraub sond. Sintemachten besag Eibers erhalt,</Unicode>
                </TextEquiv>
            </TextLine>
            <TextLine id="r1l25" custom="readingOrder {index:24;}">
                <Coords points="643,1618 1214,1605 1351,1659 1777,1595 1738,1529 1317,1582 1163,1578 1092,1514 784,1585 642,1555"/>
                <Baseline points="651,1610 706,1607 762,1605 818,1603 874,1602 930,1601 986,1599 1042,1599 1098,1599 1154,1599 1210,1599 1265,1599 1321,1599 1377,1598 1433,1598 1489,1598 1545,1597 1601,1596 1657,1595 1713,1593 1769,1592"/>
                <Word id="r1l25_w1" custom="readingOrder {index:0;}">
                    <Coords points="644,1566 644,1626 789,1626 789,1566"/>
                    <TextEquiv>
                        <Unicode>tenon</Unicode>
                    </TextEquiv>
                </Word>
                <Word id="r1l25_w2" custom="readingOrder {index:1;}">
                    <Coords points="813,1561 813,1621 1008,1621 1008,1561"/>
                    <TextEquiv>
                        <Unicode>berichts</Unicode>
                    </TextEquiv>
                </Word>
                <Word id="r1l25_w3" custom="readingOrder {index:2;}">
                    <Coords points="1056,1559 1056,1619 1118,1619 1118,1559"/>
                    <TextEquiv>
                        <Unicode>die</Unicode>
                    </TextEquiv>
                </Word>
                <Word id="r1l25_w4" custom="readingOrder {index:3;}">
                    <Coords points="1166,1559 1166,1619 1458,1619 1458,1559"/>
                    <TextEquiv>
                        <Unicode>nunmehro</Unicode>
                    </TextEquiv>
                </Word>
                <Word id="r1l25_w5" custom="readingOrder {index:4;}">
                    <Coords points="1494,1555 1494,1615 1773,1615 1773,1555"/>
                    <TextEquiv>
                        <Unicode>hingerichtete</Unicode>
                    </TextEquiv>
                </Word>
                <TextEquiv>
                    <Unicode>tenon berichts die nunmehro hingerichtete</Unicode>
                </TextEquiv>
            </TextLine>
            <TextLine id="r1l26" custom="readingOrder {index:25;}">
                <Coords points="310,1663 331,1671 406,1649 475,1662 514,1651 563,1693 619,1697 614,1598 574,1571 489,1614 458,1590 392,1587 350,1568 307,1584"/>
                <Baseline points="318,1656 344,1654 370,1651 397,1649 423,1646 450,1645 476,1644 503,1643 529,1643 556,1643 582,1643 609,1644"/>
                <Word id="r1l26_w1" custom="readingOrder {index:0;}">
                    <Coords points="309,1614 309,1674 373,1674 373,1614"/>
                    <TextEquiv>
                        <Unicode>Eib</Unicode>
                    </TextEquiv>
                </Word>
                <Word id="r1l26_w2" custom="readingOrder {index:1;}">
                    <Coords points="397,1605 397,1665 474,1665 474,1605"/>
                    <TextEquiv>
                        <Unicode>und</Unicode>
                    </TextEquiv>
                </Word>
                <Word id="r1l26_w3" custom="readingOrder {index:2;}">
                    <Coords points="500,1603 500,1663 629,1663 629,1603"/>
                    <TextEquiv>
                        <Unicode>Gütz</Unicode>
                    </TextEquiv>
                </Word>
                <TextEquiv>
                    <Unicode>Eib und Gütz</Unicode>
                </TextEquiv>
            </TextLine>
            <TextLine id="r1l27" custom="readingOrder {index:26;}">
                <Coords points="1694,1681 1706,1679 1711,1683 1730,1683 1730,1646 1722,1646 1719,1650 1714,1650 1708,1645 1701,1651 1694,1651"/>
                <Baseline points="1701,1677 1722,1677"/>
                <TextEquiv>
                    <Unicode></Unicode>
                </TextEquiv>
            </TextLine>
            <TextLine id="r1l28" custom="readingOrder {index:27;}">
                <Coords points="639,1702 1040,1684 1134,1735 1257,1686 1305,1727 1352,1685 1562,1679 1621,1714 1693,1679 1692,1629 1334,1658 1174,1602 1092,1646 890,1620 639,1655"/>
                <Baseline points="647,1692 698,1691 750,1689 802,1688 854,1686 906,1685 958,1683 1010,1683 1062,1682 1114,1682 1166,1681 1217,1680 1269,1680 1321,1680 1373,1679 1425,1679 1477,1679 1529,1679 1581,1677 1633,1677 1685,1676"/>
                <Word id="r1l28_w1" custom="readingOrder {index:0;}">
                    <Coords points="639,1650 639,1710 782,1710 782,1650"/>
                    <TextEquiv>
                        <Unicode>Ursule</Unicode>
                    </TextEquiv>
                </Word>
                <Word id="r1l28_w2" custom="readingOrder {index:1;}">
                    <Coords points="832,1645 832,1705 914,1705 914,1645"/>
                    <TextEquiv>
                        <Unicode>Leib</Unicode>
                    </TextEquiv>
                </Word>
                <Word id="r1l28_w3" custom="readingOrder {index:2;}">
                    <Coords points="966,1643 966,1703 1047,1703 1047,1643"/>
                    <TextEquiv>
                        <Unicode>und</Unicode>
                    </TextEquiv>
                </Word>
                <Word id="r1l28_w4" custom="readingOrder {index:3;}">
                    <Coords points="1089,1641 1089,1701 1211,1701 1211,1641"/>
                    <TextEquiv>
                        <Unicode>Guth</Unicode>
                    </TextEquiv>
                </Word>
                <Word id="r1l28_w5" custom="readingOrder {index:4;}">
                    <Coords points="1242,1640 1242,1700 1313,1700 1313,1640"/>
                    <TextEquiv>
                        <Unicode>vor</Unicode>
                    </TextEquiv>
                </Word>
                <Word id="r1l28_w6" custom="readingOrder {index:5;}">
                    <Coords points="1334,1639 1334,1699 1436,1699 1436,1639"/>
                    <TextEquiv>
                        <Unicode>ihrem</Unicode>
                    </TextEquiv>
                </Word>
                <Word id="r1l28_w7" custom="readingOrder {index:6;}">
                    <Coords points="1487,1639 1487,1699 1559,1699 1559,1639"/>
                    <TextEquiv>
                        <Unicode>und</Unicode>
                    </TextEquiv>
                </Word>
                <Word id="r1l28_w8" custom="readingOrder {index:7;}">
                    <Coords points="1599,1636 1599,1696 1671,1696 1671,1636"/>
                    <TextEquiv>
                        <Unicode>auf</Unicode>
                    </TextEquiv>
                </Word>
                <TextEquiv>
                    <Unicode>Ursule Leib und Guth vor ihrem und auf</Unicode>
                </TextEquiv>
            </TextLine>
            <TextLine id="r1l29" custom="readingOrder {index:28;}">
                <Coords points="317,1753 339,1749 377,1705 415,1722 430,1713 457,1724 481,1712 475,1656 455,1650 441,1660 429,1650 405,1649 391,1658 363,1655 346,1658 331,1671 309,1673"/>
                <Baseline points="321,1707 346,1705 371,1702 396,1699 421,1695 446,1694 471,1695"/>
                <Word id="r1l29_w1" custom="readingOrder {index:0;}">
                    <Coords points="309,1660 309,1720 456,1720 456,1660"/>
                    <TextEquiv>
                        <Unicode>Ursula</Unicode>
                    </TextEquiv>
                </Word>
                <TextEquiv>
                    <Unicode>Ursula</Unicode>
                </TextEquiv>
            </TextLine>
            <TextLine id="r1l30" custom="readingOrder {index:29;}">
                <Coords points="615,1797 1078,1756 1213,1817 1333,1763 1741,1778 1739,1703 1670,1690 1522,1694 1479,1736 1354,1685 1133,1735 792,1693 614,1742"/>
                <Baseline points="623,1778 678,1775 734,1773 789,1771 845,1770 900,1767 956,1766 1011,1764 1067,1763 1122,1761 1178,1760 1233,1759 1289,1758 1344,1757 1400,1757 1455,1757 1511,1755 1566,1755 1622,1757 1677,1757 1733,1757"/>
                <Word id="r1l30_w1" custom="readingOrder {index:0;}">
                    <Coords points="624,1735 624,1795 718,1795 718,1735"/>
                    <TextEquiv>
                        <Unicode>sern</Unicode>
                    </TextEquiv>
                </Word>
                <Word id="r1l30_w2" custom="readingOrder {index:1;}">
                    <Coords points="759,1730 759,1790 874,1790 874,1730"/>
                    <TextEquiv>
                        <Unicode>Jacob</Unicode>
                    </TextEquiv>
                </Word>
                <Word id="r1l30_w3" custom="readingOrder {index:2;}">
                    <Coords points="905,1724 905,1784 1083,1784 1083,1724"/>
                    <TextEquiv>
                        <Unicode>Wernli</Unicode>
                    </TextEquiv>
                </Word>
                <Word id="r1l30_w4" custom="readingOrder {index:3;}">
                    <Coords points="1124,1720 1124,1780 1198,1780 1198,1720"/>
                    <TextEquiv>
                        <Unicode>von</Unicode>
                    </TextEquiv>
                </Word>
                <Word id="r1l30_w5" custom="readingOrder {index:4;}">
                    <Coords points="1239,1717 1239,1777 1499,1777 1499,1717"/>
                    <TextEquiv>
                        <Unicode>Thalheimb</Unicode>
                    </TextEquiv>
                </Word>
                <Word id="r1l30_w6" custom="readingOrder {index:5;}">
                    <Coords points="1531,1715 1531,1775 1593,1775 1593,1715"/>
                    <TextEquiv>
                        <Unicode>als</Unicode>
                    </TextEquiv>
                </Word>
                <Word id="r1l30_w7" custom="readingOrder {index:6;}">
                    <Coords points="1614,1717 1614,1777 1739,1777 1739,1717"/>
                    <TextEquiv>
                        <Unicode>Vatter</Unicode>
                    </TextEquiv>
                </Word>
                <TextEquiv>
                    <Unicode>sern Jacob Wernli von Thalheimb als Vatter</Unicode>
                </TextEquiv>
            </TextLine>
            <TextLine id="r1l31" custom="readingOrder {index:30;}">
                <Coords points="285,1814 304,1801 333,1823 425,1841 492,1823 510,1832 565,1792 588,1795 583,1732 567,1743 535,1739 489,1705 415,1733 374,1708 357,1725 326,1720 295,1752 280,1751"/>
                <Baseline points="291,1788 317,1787 343,1785 369,1783 395,1781 421,1778 447,1775 473,1773 499,1772 525,1772 551,1772 578,1772"/>
                <Word id="r1l31_w1" custom="readingOrder {index:0;}">
                    <Coords points="283,1742 283,1802 463,1802 463,1742"/>
                    <TextEquiv>
                        <Unicode>Sboruli</Unicode>
                    </TextEquiv>
                </Word>
                <Word id="r1l31_w2" custom="readingOrder {index:1;}">
                    <Coords points="477,1732 477,1792 598,1792 598,1732"/>
                    <TextEquiv>
                        <Unicode>Jacob</Unicode>
                    </TextEquiv>
                </Word>
                <TextEquiv>
                    <Unicode>Sboruli Jacob</Unicode>
                </TextEquiv>
            </TextLine>
            <TextLine id="r1l32" custom="readingOrder {index:31;}">
                <Coords points="611,1906 831,1845 1307,1881 1378,1840 1652,1845 1732,1832 1731,1780 1204,1802 1074,1756 1004,1793 608,1804"/>
                <Baseline points="617,1856 672,1853 727,1848 783,1845 838,1844 893,1842 949,1840 1004,1839 1059,1838 1115,1836 1170,1836 1225,1836 1281,1835 1336,1835 1391,1833 1447,1832 1502,1830 1557,1829 1613,1827 1668,1824 1724,1821"/>
                <Word id="r1l32_w1" custom="readingOrder {index:0;}">
                    <Coords points="631,1811 631,1871 746,1871 746,1811"/>
                    <TextEquiv>
                        <Unicode>Ihreß</Unicode>
                    </TextEquiv>
                </Word>
                <Word id="r1l32_w2" custom="readingOrder {index:1;}">
                    <Coords points="791,1803 791,1863 940,1863 940,1803"/>
                    <TextEquiv>
                        <Unicode>kindts</Unicode>
                    </TextEquiv>
                </Word>
                <Word id="r1l32_w3" custom="readingOrder {index:2;}">
                    <Coords points="985,1796 985,1856 1283,1856 1283,1796"/>
                    <TextEquiv>
                        <Unicode>verrharret,</Unicode>
                    </TextEquiv>
                </Word>
                <Word id="r1l32_w4" custom="readingOrder {index:3;}">
                    <Coords points="1306,1792 1306,1852 1500,1852 1500,1792"/>
                    <TextEquiv>
                        <Unicode>selbiges</Unicode>
                    </TextEquiv>
                </Word>
                <Word id="r1l32_w5" custom="readingOrder {index:4;}">
                    <Coords points="1523,1788 1523,1848 1626,1848 1626,1788"/>
                    <TextEquiv>
                        <Unicode>dann</Unicode>
                    </TextEquiv>
                </Word>
                <Word id="r1l32_w6" custom="readingOrder {index:5;}">
                    <Coords points="1650,1782 1650,1842 1729,1842 1729,1782"/>
                    <TextEquiv>
                        <Unicode>bald</Unicode>
                    </TextEquiv>
                </Word>
                <TextEquiv>
                    <Unicode>Ihreß kindts verrharret, selbiges dann bald</Unicode>
                </TextEquiv>
            </TextLine>
            <TextLine id="r1l33" custom="readingOrder {index:32;}">
                <Coords points="621,1944 720,1927 800,1984 890,1939 1110,1973 1185,1920 1416,1951 1466,1908 1688,1903 1717,1834 1308,1880 804,1856 620,1902"/>
                <Baseline points="629,1934 683,1931 737,1929 791,1927 845,1925 899,1924 953,1923 1008,1922 1062,1920 1116,1920 1170,1919 1224,1917 1278,1916 1332,1914 1387,1913 1441,1910 1495,1908 1549,1905 1603,1901 1657,1897 1712,1893"/>
                <Word id="r1l33_w1" custom="readingOrder {index:0;}">
                    <Coords points="642,1891 642,1951 720,1951 720,1891"/>
                    <TextEquiv>
                        <Unicode>nach</Unicode>
                    </TextEquiv>
                </Word>
                <Word id="r1l33_w2" custom="readingOrder {index:1;}">
                    <Coords points="753,1887 753,1947 819,1947 819,1887"/>
                    <TextEquiv>
                        <Unicode>der</Unicode>
                    </TextEquiv>
                </Word>
                <Word id="r1l33_w3" custom="readingOrder {index:2;}">
                    <Coords points="852,1883 852,1943 1052,1943 1052,1883"/>
                    <TextEquiv>
                        <Unicode>genißt</Unicode>
                    </TextEquiv>
                </Word>
                <Word id="r1l33_w4" custom="readingOrder {index:3;}">
                    <Coords points="1085,1877 1085,1937 1329,1937 1329,1877"/>
                    <TextEquiv>
                        <Unicode>gestorben;</Unicode>
                    </TextEquiv>
                </Word>
                <Word id="r1l33_w5" custom="readingOrder {index:4;}">
                    <Coords points="1362,1872 1362,1932 1429,1932 1429,1872"/>
                    <TextEquiv>
                        <Unicode>So</Unicode>
                    </TextEquiv>
                </Word>
                <Word id="r1l33_w6" custom="readingOrder {index:5;}">
                    <Coords points="1461,1865 1461,1925 1606,1925 1606,1865"/>
                    <TextEquiv>
                        <Unicode>habend</Unicode>
                    </TextEquiv>
                </Word>
                <Word id="r1l33_w7" custom="readingOrder {index:6;}">
                    <Coords points="1628,1856 1628,1916 1705,1916 1705,1856"/>
                    <TextEquiv>
                        <Unicode>wie</Unicode>
                    </TextEquiv>
                </Word>
                <TextEquiv>
                    <Unicode>nach der genißt gestorben; So habend wie</Unicode>
                </TextEquiv>
            </TextLine>
            <TextLine id="r1l34" custom="readingOrder {index:33;}">
                <Coords points="621,2053 1122,2059 1295,1999 1732,1985 1730,1924 1678,1914 1236,1934 1159,1974 854,1945 802,1985 618,1933"/>
                <Baseline points="629,2013 683,2009 738,2007 793,2005 848,2003 902,2003 957,2001 1012,2001 1067,2000 1121,2000 1176,2000 1231,1998 1286,1997 1340,1996 1395,1994 1450,1992 1505,1989 1559,1985 1614,1982 1669,1976 1724,1970"/>
                <Word id="r1l34_w1" custom="readingOrder {index:0;}">
                    <Coords points="633,1968 633,2028 739,2028 739,1968"/>
                    <TextEquiv>
                        <Unicode>Euch</Unicode>
                    </TextEquiv>
                </Word>
                <Word id="r1l34_w2" custom="readingOrder {index:1;}">
                    <Coords points="765,1963 765,2023 936,2023 936,1963"/>
                    <TextEquiv>
                        <Unicode>ansinen</Unicode>
                    </TextEquiv>
                </Word>
                <Word id="r1l34_w3" custom="readingOrder {index:2;}">
                    <Coords points="962,1960 962,2020 1121,2020 1121,1960"/>
                    <TextEquiv>
                        <Unicode>wollen</Unicode>
                    </TextEquiv>
                </Word>
                <Word id="r1l34_w4" custom="readingOrder {index:3;}">
                    <Coords points="1160,1957 1160,2017 1372,2017 1372,1957"/>
                    <TextEquiv>
                        <Unicode>gedachten</Unicode>
                    </TextEquiv>
                </Word>
                <Word id="r1l34_w5" custom="readingOrder {index:4;}">
                    <Coords points="1398,1950 1398,2010 1570,2010 1570,1950"/>
                    <TextEquiv>
                        <Unicode>Wernden</Unicode>
                    </TextEquiv>
                </Word>
                <Word id="r1l34_w6" custom="readingOrder {index:5;}">
                    <Coords points="1596,1941 1596,2001 1635,2001 1635,1941"/>
                    <TextEquiv>
                        <Unicode>zu</Unicode>
                    </TextEquiv>
                </Word>
                <Word id="r1l34_w7" custom="readingOrder {index:6;}">
                    <Coords points="1662,1932 1662,1992 1742,1992 1742,1932"/>
                    <TextEquiv>
                        <Unicode>ge¬</Unicode>
                    </TextEquiv>
                </Word>
                <TextEquiv>
                    <Unicode>Euch ansinen wollen gedachten Wernden zu ge¬</Unicode>
                </TextEquiv>
            </TextLine>
            <TextLine id="r1l35" custom="readingOrder {index:34;}">
                <Coords points="631,2118 831,2086 960,2138 1029,2090 1115,2114 1215,2075 1364,2134 1429,2074 1745,2062 1707,2011 1505,1995 1228,2053 1187,2017 1106,2062 835,2029 630,2072"/>
                <Baseline points="638,2090 692,2088 747,2087 802,2086 857,2085 912,2084 967,2083 1022,2082 1077,2081 1132,2079 1187,2079 1241,2078 1296,2076 1351,2075 1406,2073 1461,2072 1516,2070 1571,2068 1626,2065 1681,2063 1736,2060"/>
                <Word id="r1l35_w1" custom="readingOrder {index:0;}">
                    <Coords points="641,2045 641,2105 1012,2105 1012,2045"/>
                    <TextEquiv>
                        <Unicode>underschidlichen</Unicode>
                    </TextEquiv>
                </Word>
                <Word id="r1l35_w2" custom="readingOrder {index:1;}">
                    <Coords points="1045,2039 1045,2099 1208,2099 1208,2039"/>
                    <TextEquiv>
                        <Unicode>mahlen</Unicode>
                    </TextEquiv>
                </Word>
                <Word id="r1l35_w3" custom="readingOrder {index:2;}">
                    <Coords points="1230,2037 1230,2097 1306,2097 1306,2037"/>
                    <TextEquiv>
                        <Unicode>vor</Unicode>
                    </TextEquiv>
                </Word>
                <Word id="r1l35_w4" custom="readingOrder {index:3;}">
                    <Coords points="1328,2034 1328,2094 1427,2094 1427,2034"/>
                    <TextEquiv>
                        <Unicode>Efech</Unicode>
                    </TextEquiv>
                </Word>
                <Word id="r1l35_w5" custom="readingOrder {index:4;}">
                    <Coords points="1437,2032 1437,2092 1470,2092 1470,2032"/>
                    <TextEquiv>
                        <Unicode>zu</Unicode>
                    </TextEquiv>
                </Word>
                <Word id="r1l35_w6" custom="readingOrder {index:5;}">
                    <Coords points="1514,2026 1514,2086 1699,2086 1699,2026"/>
                    <TextEquiv>
                        <Unicode>bescheiden</Unicode>
                    </TextEquiv>
                </Word>
                <TextEquiv>
                    <Unicode>underschidlichen mahlen vor Efech zu bescheiden</Unicode>
                </TextEquiv>
            </TextLine>
            <TextLine id="r1l36" custom="readingOrder {index:35;}">
                <Coords points="628,2205 1234,2158 1400,2197 1459,2154 1589,2184 1718,2139 1717,2101 1572,2070 1430,2075 1364,2136 1217,2076 940,2140 830,2087 627,2142"/>
                <Baseline points="636,2174 689,2170 743,2166 797,2164 850,2162 904,2160 958,2159 1011,2159 1065,2157 1119,2157 1173,2157 1226,2156 1280,2156 1334,2154 1387,2154 1441,2153 1495,2151 1548,2149 1602,2146 1656,2142 1710,2139"/>
                <Word id="r1l36_w1" custom="readingOrder {index:0;}">
                    <Coords points="639,2130 639,2190 719,2190 719,2130"/>
                    <TextEquiv>
                        <Unicode>ihne</Unicode>
                    </TextEquiv>
                </Word>
                <Word id="r1l36_w2" custom="readingOrder {index:1;}">
                    <Coords points="753,2123 753,2183 867,2183 867,2123"/>
                    <TextEquiv>
                        <Unicode>dieser</Unicode>
                    </TextEquiv>
                </Word>
                <Word id="r1l36_w3" custom="readingOrder {index:2;}">
                    <Coords points="903,2118 903,2178 1165,2178 1165,2118"/>
                    <TextEquiv>
                        <Unicode>anklaghalb</Unicode>
                    </TextEquiv>
                </Word>
                <Word id="r1l36_w4" custom="readingOrder {index:3;}">
                    <Coords points="1200,2116 1200,2176 1234,2176 1234,2116"/>
                    <TextEquiv>
                        <Unicode>zu</Unicode>
                    </TextEquiv>
                </Word>
                <Word id="r1l36_w5" custom="readingOrder {index:4;}">
                    <Coords points="1281,2114 1281,2174 1348,2174 1348,2114"/>
                    <TextEquiv>
                        <Unicode>red</Unicode>
                    </TextEquiv>
                </Word>
                <Word id="r1l36_w6" custom="readingOrder {index:5;}">
                    <Coords points="1372,2111 1372,2171 1612,2171 1612,2111"/>
                    <TextEquiv>
                        <Unicode>zunstosen,</Unicode>
                    </TextEquiv>
                </Word>
                <Word id="r1l36_w7" custom="readingOrder {index:6;}">
                    <Coords points="1623,2103 1623,2163 1658,2163 1658,2103"/>
                    <TextEquiv>
                        <Unicode>so</Unicode>
                    </TextEquiv>
                </Word>
                <Word id="r1l36_w8" custom="readingOrder {index:7;}">
                    <Coords points="1681,2099 1681,2159 1715,2159 1715,2099"/>
                    <TextEquiv>
                        <Unicode>er</Unicode>
                    </TextEquiv>
                </Word>
                <TextEquiv>
                    <Unicode>ihne dieser anklaghalb zu red zunstosen, so er</Unicode>
                </TextEquiv>
            </TextLine>
            <TextLine id="r1l37" custom="readingOrder {index:36;}">
                <Coords points="604,2296 817,2308 867,2262 1110,2237 1560,2289 1657,2224 1739,2232 1736,2142 1599,2187 1459,2154 1397,2210 1356,2180 1163,2218 962,2164 874,2212 694,2176 601,2225"/>
                <Baseline points="611,2273 669,2267 728,2262 787,2257 846,2253 905,2250 964,2247 1023,2246 1082,2244 1141,2243 1199,2241 1258,2240 1317,2239 1376,2237 1435,2235 1494,2233 1553,2231 1612,2227 1671,2222 1730,2217"/>
                <Word id="r1l37_w1" custom="readingOrder {index:0;}">
                    <Coords points="629,2227 629,2287 705,2287 705,2227"/>
                    <TextEquiv>
                        <Unicode>den</Unicode>
                    </TextEquiv>
                </Word>
                <Word id="r1l37_w2" custom="readingOrder {index:1;}">
                    <Coords points="731,2216 731,2276 872,2276 872,2216"/>
                    <TextEquiv>
                        <Unicode>fähler</Unicode>
                    </TextEquiv>
                </Word>
                <Word id="r1l37_w3" custom="readingOrder {index:2;}">
                    <Coords points="911,2206 911,2266 1078,2266 1078,2206"/>
                    <TextEquiv>
                        <Unicode>bekente</Unicode>
                    </TextEquiv>
                </Word>
                <Word id="r1l37_w4" custom="readingOrder {index:3;}">
                    <Coords points="1118,2202 1118,2262 1194,2262 1194,2202"/>
                    <TextEquiv>
                        <Unicode>zur</Unicode>
                    </TextEquiv>
                </Word>
                <Word id="r1l37_w5" custom="readingOrder {index:4;}">
                    <Coords points="1245,2196 1245,2256 1516,2256 1516,2196"/>
                    <TextEquiv>
                        <Unicode>abbrahung</Unicode>
                    </TextEquiv>
                </Word>
                <Word id="r1l37_w6" custom="readingOrder {index:5;}">
                    <Coords points="1541,2190 1541,2250 1580,2250 1580,2190"/>
                    <TextEquiv>
                        <Unicode>zu</Unicode>
                    </TextEquiv>
                </Word>
                <Word id="r1l37_w7" custom="readingOrder {index:6;}">
                    <Coords points="1619,2181 1619,2241 1734,2241 1734,2181"/>
                    <TextEquiv>
                        <Unicode>halten</Unicode>
                    </TextEquiv>
                </Word>
                <TextEquiv>
                    <Unicode>den fähler bekente zur abbrahung zu halten</Unicode>
                </TextEquiv>
            </TextLine>
            <TextLine id="r1l38" custom="readingOrder {index:37;}">
                <Coords points="614,2372 779,2393 849,2343 1155,2333 1358,2385 1509,2331 1562,2363 1718,2314 1716,2251 1550,2291 1369,2240 1206,2297 1114,2237 954,2246 785,2327 611,2293"/>
                <Baseline points="621,2357 675,2351 729,2348 784,2345 838,2343 893,2340 947,2339 1001,2339 1056,2337 1110,2337 1165,2336 1219,2335 1273,2334 1328,2333 1382,2331 1437,2329 1491,2326 1545,2323 1600,2319 1654,2314 1709,2307"/>
                <Word id="r1l38_w1" custom="readingOrder {index:0;}">
                    <Coords points="628,2307 628,2367 852,2367 852,2307"/>
                    <TextEquiv>
                        <Unicode>widrigen</Unicode>
                    </TextEquiv>
                </Word>
                <Word id="r1l38_w2" custom="readingOrder {index:1;}">
                    <Coords points="868,2299 868,2359 953,2359 953,2299"/>
                    <TextEquiv>
                        <Unicode>und</Unicode>
                    </TextEquiv>
                </Word>
                <Word id="r1l38_w3" custom="readingOrder {index:2;}">
                    <Coords points="980,2296 980,2356 1305,2356 1305,2296"/>
                    <TextEquiv>
                        <Unicode>verürmenden</Unicode>
                    </TextEquiv>
                </Word>
                <Word id="r1l38_w4" custom="readingOrder {index:3;}">
                    <Coords points="1318,2291 1318,2351 1417,2351 1417,2291"/>
                    <TextEquiv>
                        <Unicode>Pahs</Unicode>
                    </TextEquiv>
                </Word>
                <Word id="r1l38_w5" custom="readingOrder {index:4;}">
                    <Coords points="1444,2284 1444,2344 1586,2344 1586,2284"/>
                    <TextEquiv>
                        <Unicode>seinet</Unicode>
                    </TextEquiv>
                </Word>
                <Word id="r1l38_w6" custom="readingOrder {index:5;}">
                    <Coords points="1600,2273 1600,2333 1712,2333 1712,2273"/>
                    <TextEquiv>
                        <Unicode>halbe</Unicode>
                    </TextEquiv>
                </Word>
                <TextEquiv>
                    <Unicode>widrigen und verürmenden Pahs seinet halbe</Unicode>
                </TextEquiv>
            </TextLine>
            <TextLine id="r1l39" custom="readingOrder {index:38;}">
                <Coords points="637,2490 923,2441 1403,2479 1602,2410 1479,2339 1346,2388 1223,2349 1167,2383 849,2351 788,2401 635,2370"/>
                <Baseline points="644,2429 691,2429 738,2427 786,2426 833,2424 881,2423 928,2422 976,2421 1023,2420 1071,2418 1118,2418 1165,2417 1213,2417 1260,2416 1308,2415 1355,2415 1403,2415 1450,2415 1498,2417 1545,2417 1593,2418"/>
                <Word id="r1l39_w1" custom="readingOrder {index:0;}">
                    <Coords points="651,2388 651,2448 747,2448 747,2388"/>
                    <TextEquiv>
                        <Unicode>alleß</Unicode>
                    </TextEquiv>
                </Word>
                <Word id="r1l39_w2" custom="readingOrder {index:1;}">
                    <Coords points="788,2383 788,2443 897,2443 897,2383"/>
                    <TextEquiv>
                        <Unicode>Gott</Unicode>
                    </TextEquiv>
                </Word>
                <Word id="r1l39_w3" custom="readingOrder {index:2;}">
                    <Coords points="926,2381 926,2441 1007,2441 1007,2381"/>
                    <TextEquiv>
                        <Unicode>und</Unicode>
                    </TextEquiv>
                </Word>
                <Word id="r1l39_w4" custom="readingOrder {index:3;}">
                    <Coords points="1035,2378 1035,2438 1089,2438 1089,2378"/>
                    <TextEquiv>
                        <Unicode>der</Unicode>
                    </TextEquiv>
                </Word>
                <Word id="r1l39_w5" custom="readingOrder {index:4;}">
                    <Coords points="1103,2377 1103,2437 1199,2437 1199,2377"/>
                    <TextEquiv>
                        <Unicode>zeith</Unicode>
                    </TextEquiv>
                </Word>
                <Word id="r1l39_w6" custom="readingOrder {index:5;}">
                    <Coords points="1241,2375 1241,2435 1612,2435 1612,2375"/>
                    <TextEquiv>
                        <Unicode>heimbzustallen.</Unicode>
                    </TextEquiv>
                </Word>
                <TextEquiv>
                    <Unicode>alleß Gott und der zeith heimbzustallen.</Unicode>
                </TextEquiv>
            </TextLine>
            <TextEquiv>
                <Unicode></Unicode>
            </TextEquiv>
        </TextRegion>
        <TextRegion orientation="0.0" id="r2" custom="readingOrder {index:1;}">
            <Coords points="1827,258 1827,2664 3383,2664 3383,258"/>
            <TextLine id="r2l1" custom="readingOrder {index:0;}">
                <Coords points="2062,333 2251,359 2368,291 2514,337 2740,292 3319,346 3288,207 2954,271 2810,222 2289,205 2063,256"/>
                <Baseline points="2070,323 2132,314 2194,306 2256,300 2318,296 2380,294 2442,291 2504,290 2566,290 2628,291 2690,293 2752,294 2814,296 2876,298 2938,300 3000,302 3062,305 3124,306 3186,307 3248,308 3311,308"/>
                <Word id="r2l1_w1" custom="readingOrder {index:0;}">
                    <Coords points="2105,257 2105,317 2490,317 2490,257"/>
                    <TextEquiv>
                        <Unicode>Schbarhenburg</Unicode>
                    </TextEquiv>
                </Word>
                <Word id="r2l1_w2" custom="readingOrder {index:1;}">
                    <Coords points="2532,250 2532,310 2586,310 2586,250"/>
                    <TextEquiv>
                        <Unicode>Ca</Unicode>
                    </TextEquiv>
                </Word>
                <Word id="r2l1_w3" custom="readingOrder {index:2;}">
                    <Coords points="2668,255 2668,315 2956,315 2956,255"/>
                    <TextEquiv>
                        <Unicode>Waßmasen</Unicode>
                    </TextEquiv>
                </Word>
                <Word id="r2l1_w4" custom="readingOrder {index:3;}">
                    <Coords points="2985,264 2985,324 3108,324 3108,264"/>
                    <TextEquiv>
                        <Unicode>Chtist</Unicode>
                    </TextEquiv>
                </Word>
                <Word id="r2l1_w5" custom="readingOrder {index:4;}">
                    <Coords points="3150,267 3150,327 3329,327 3329,267"/>
                    <TextEquiv>
                        <Unicode>Schueig¬</Unicode>
                    </TextEquiv>
                </Word>
                <TextEquiv>
                    <Unicode>Schbarhenburg Ca Waßmasen Chtist Schueig¬</Unicode>
                </TextEquiv>
            </TextLine>
            <TextLine id="r2l2" custom="readingOrder {index:1;}">
                <Coords points="2085,416 2846,365 2977,428 3044,372 3310,390 3255,308 3021,346 2796,299 2513,337 2429,296 2248,359 2084,337"/>
                <Baseline points="2093,407 2153,396 2213,388 2274,380 2334,375 2395,370 2455,367 2516,365 2576,363 2637,363 2697,363 2757,363 2818,365 2878,366 2939,368 2999,369 3060,371 3120,371 3181,372 3241,372 3302,372"/>
                <Word id="r2l2_w1" custom="readingOrder {index:0;}">
                    <Coords points="2108,359 2108,419 2165,419 2165,359"/>
                    <TextEquiv>
                        <Unicode>der</Unicode>
                    </TextEquiv>
                </Word>
                <Word id="r2l2_w2" custom="readingOrder {index:1;}">
                    <Coords points="2188,348 2188,408 2235,408 2235,348"/>
                    <TextEquiv>
                        <Unicode>im</Unicode>
                    </TextEquiv>
                </Word>
                <Word id="r2l2_w3" custom="readingOrder {index:2;}">
                    <Coords points="2280,337 2280,397 2338,397 2338,337"/>
                    <TextEquiv>
                        <Unicode>ser</Unicode>
                    </TextEquiv>
                </Word>
                <Word id="r2l2_w4" custom="readingOrder {index:3;}">
                    <Coords points="2362,329 2362,389 2453,389 2453,329"/>
                    <TextEquiv>
                        <Unicode>Fluß</Unicode>
                    </TextEquiv>
                </Word>
                <Word id="r2l2_w5" custom="readingOrder {index:4;}">
                    <Coords points="2500,324 2500,384 2546,384 2546,324"/>
                    <TextEquiv>
                        <Unicode>die</Unicode>
                    </TextEquiv>
                </Word>
                <Word id="r2l2_w6" custom="readingOrder {index:5;}">
                    <Coords points="2580,323 2580,383 2719,383 2719,323"/>
                    <TextEquiv>
                        <Unicode>Ehsbath</Unicode>
                    </TextEquiv>
                </Word>
                <Word id="r2l2_w7" custom="readingOrder {index:6;}">
                    <Coords points="2753,326 2753,386 3018,386 3018,326"/>
                    <TextEquiv>
                        <Unicode>Sohtsettler,</Unicode>
                    </TextEquiv>
                </Word>
                <Word id="r2l2_w8" custom="readingOrder {index:7;}">
                    <Coords points="3030,330 3030,390 3065,390 3065,330"/>
                    <TextEquiv>
                        <Unicode>so</Unicode>
                    </TextEquiv>
                </Word>
                <Word id="r2l2_w9" custom="readingOrder {index:8;}">
                    <Coords points="3088,331 3088,391 3238,391 3238,331"/>
                    <TextEquiv>
                        <Unicode>bekeits</Unicode>
                    </TextEquiv>
                </Word>
                <TextEquiv>
                    <Unicode>der im ser Fluß die Ehsbath Sohtsettler, so bekeits</Unicode>
                </TextEquiv>
            </TextLine>
            <TextLine id="r2l3" custom="readingOrder {index:2;}">
                <Coords points="1828,505 1853,500 1872,473 1905,469 1924,437 1955,443 1975,429 1997,431 2010,417 2040,414 2016,332 1973,353 1964,368 1898,364 1889,373 1844,365 1816,414 1803,417"/>
                <Baseline points="1827,474 1852,460 1878,449 1903,439 1929,432 1954,425 1980,420 2005,417 2031,414"/>
                <Word id="r2l3_w1" custom="readingOrder {index:0;}">
                    <Coords points="1812,391 1812,451 2050,451 2050,391"/>
                    <TextEquiv>
                        <Unicode>sostitet</Unicode>
                    </TextEquiv>
                </Word>
                <TextEquiv>
                    <Unicode>sostitet</Unicode>
                </TextEquiv>
            </TextLine>
            <TextLine id="r2l4" custom="readingOrder {index:3;}">
                <Coords points="2097,495 2407,458 2514,505 2694,449 3114,507 3190,449 3338,459 3336,394 3251,374 3107,411 3034,374 2982,427 2841,370 2618,424 2484,378 2096,425"/>
                <Baseline points="2105,479 2166,472 2227,466 2288,460 2349,456 2411,452 2472,449 2533,447 2594,446 2655,444 2717,444 2778,444 2839,444 2900,446 2961,446 3023,447 3084,447 3145,447 3206,447 3267,447 3329,447"/>
                <Word id="r2l4_w1" custom="readingOrder {index:0;}">
                    <Coords points="2108,434 2108,494 2189,494 2189,434"/>
                    <TextEquiv>
                        <Unicode>wey</Unicode>
                    </TextEquiv>
                </Word>
                <Word id="r2l4_w2" custom="readingOrder {index:1;}">
                    <Coords points="2223,418 2223,478 2395,478 2395,418"/>
                    <TextEquiv>
                        <Unicode>Ehebruch</Unicode>
                    </TextEquiv>
                </Word>
                <Word id="r2l4_w3" custom="readingOrder {index:2;}">
                    <Coords points="2429,406 2429,466 2658,466 2658,406"/>
                    <TextEquiv>
                        <Unicode>begangen,</Unicode>
                    </TextEquiv>
                </Word>
                <Word id="r2l4_w4" custom="readingOrder {index:3;}">
                    <Coords points="2682,404 2682,464 2750,464 2750,404"/>
                    <TextEquiv>
                        <Unicode>und</Unicode>
                    </TextEquiv>
                </Word>
                <Word id="r2l4_w5" custom="readingOrder {index:4;}">
                    <Coords points="2785,404 2785,464 2853,464 2853,404"/>
                    <TextEquiv>
                        <Unicode>für</Unicode>
                    </TextEquiv>
                </Word>
                <Word id="r2l4_w6" custom="readingOrder {index:5;}">
                    <Coords points="2888,406 2888,466 2956,466 2956,406"/>
                    <TextEquiv>
                        <Unicode>ihre</Unicode>
                    </TextEquiv>
                </Word>
                <Word id="r2l4_w7" custom="readingOrder {index:6;}">
                    <Coords points="2991,407 2991,467 3106,467 3106,407"/>
                    <TextEquiv>
                        <Unicode>fähles</Unicode>
                    </TextEquiv>
                </Word>
                <Word id="r2l4_w8" custom="readingOrder {index:7;}">
                    <Coords points="3128,407 3128,467 3198,467 3198,407"/>
                    <TextEquiv>
                        <Unicode>biß</Unicode>
                    </TextEquiv>
                </Word>
                <Word id="r2l4_w9" custom="readingOrder {index:8;}">
                    <Coords points="3256,407 3256,467 3335,467 3335,407"/>
                    <TextEquiv>
                        <Unicode>dato</Unicode>
                    </TextEquiv>
                </Word>
                <TextEquiv>
                    <Unicode>wey Ehebruch begangen, und für ihre fähles biß dato</Unicode>
                </TextEquiv>
            </TextLine>
            <TextLine id="r2l5" custom="readingOrder {index:4;}">
                <Coords points="1837,580 1872,546 1892,543 1973,567 2008,563 1967,435 1956,442 1923,437 1906,471 1872,473 1820,528"/>
                <Baseline points="1838,557 1866,541 1895,532 1924,524 1953,516 1982,506"/>
                <Word id="r2l5_w1" custom="readingOrder {index:0;}">
                    <Coords points="1826,494 1826,554 1947,554 1947,494"/>
                    <TextEquiv>
                        <Unicode>peh</Unicode>
                    </TextEquiv>
                </Word>
                <TextEquiv>
                    <Unicode>peh</Unicode>
                </TextEquiv>
            </TextLine>
            <TextLine id="r2l6" custom="readingOrder {index:5;}">
                <Coords points="2088,578 2464,529 2884,571 2961,520 3338,560 3345,478 2894,502 2739,451 2687,500 2597,460 2514,506 2405,457 2338,512 2086,512"/>
                <Baseline points="2096,566 2158,558 2220,552 2282,545 2344,540 2406,536 2468,533 2530,529 2592,527 2654,525 2717,524 2779,523 2841,522 2903,522 2965,522 3027,522 3089,522 3151,522 3213,524 3275,524 3338,524"/>
                <Word id="r2l6_w1" custom="readingOrder {index:0;}">
                    <Coords points="2096,517 2096,577 2234,577 2234,517"/>
                    <TextEquiv>
                        <Unicode>weder</Unicode>
                    </TextEquiv>
                </Word>
                <Word id="r2l6_w2" custom="readingOrder {index:1;}">
                    <Coords points="2277,503 2277,563 2329,563 2329,503"/>
                    <TextEquiv>
                        <Unicode>sie</Unicode>
                    </TextEquiv>
                </Word>
                <Word id="r2l6_w3" custom="readingOrder {index:2;}">
                    <Coords points="2372,495 2372,555 2445,555 2445,495"/>
                    <TextEquiv>
                        <Unicode>ihre</Unicode>
                    </TextEquiv>
                </Word>
                <Word id="r2l6_w4" custom="readingOrder {index:3;}">
                    <Coords points="2488,486 2488,546 2731,546 2731,486"/>
                    <TextEquiv>
                        <Unicode>auferlegte</Unicode>
                    </TextEquiv>
                </Word>
                <Word id="r2l6_w5" custom="readingOrder {index:4;}">
                    <Coords points="2762,482 2762,542 2996,542 2996,482"/>
                    <TextEquiv>
                        <Unicode>banisation</Unicode>
                    </TextEquiv>
                </Word>
                <Word id="r2l6_w6" custom="readingOrder {index:5;}">
                    <Coords points="3048,483 3048,543 3357,543 3357,483"/>
                    <TextEquiv>
                        <Unicode>außgestanden,</Unicode>
                    </TextEquiv>
                </Word>
                <TextEquiv>
                    <Unicode>weder sie ihre auferlegte banisation außgestanden,</Unicode>
                </TextEquiv>
            </TextLine>
            <TextLine id="r2l7" custom="readingOrder {index:6;}">
                <Coords points="2112,688 2254,629 2319,673 2467,625 3358,626 3356,571 2961,533 2839,579 2577,535 2109,578"/>
                <Baseline points="2118,639 2179,633 2241,626 2302,622 2364,617 2426,614 2487,609 2549,606 2610,605 2672,603 2734,602 2795,600 2857,600 2918,599 2980,599 3042,599 3103,599 3165,600 3226,600 3288,600 3350,602"/>
                <Word id="r2l7_w1" custom="readingOrder {index:0;}">
                    <Coords points="2122,595 2122,655 2194,655 2194,595"/>
                    <TextEquiv>
                        <Unicode>noch</Unicode>
                    </TextEquiv>
                </Word>
                <Word id="r2l7_w2" custom="readingOrder {index:1;}">
                    <Coords points="2219,585 2219,645 2267,645 2267,585"/>
                    <TextEquiv>
                        <Unicode>die</Unicode>
                    </TextEquiv>
                </Word>
                <Word id="r2l7_w3" custom="readingOrder {index:2;}">
                    <Coords points="2304,575 2304,635 2484,635 2484,575"/>
                    <TextEquiv>
                        <Unicode>behörige</Unicode>
                    </TextEquiv>
                </Word>
                <Word id="r2l7_w4" custom="readingOrder {index:3;}">
                    <Coords points="2533,563 2533,623 2799,623 2799,563"/>
                    <TextEquiv>
                        <Unicode>depracation</Unicode>
                    </TextEquiv>
                </Word>
                <Word id="r2l7_w5" custom="readingOrder {index:4;}">
                    <Coords points="2871,559 2871,619 3040,619 3040,559"/>
                    <TextEquiv>
                        <Unicode>gethan,</Unicode>
                    </TextEquiv>
                </Word>
                <Word id="r2l7_w6" custom="readingOrder {index:5;}">
                    <Coords points="3064,560 3064,620 3330,620 3330,560"/>
                    <TextEquiv>
                        <Unicode>geschwangen</Unicode>
                    </TextEquiv>
                </Word>
                <TextEquiv>
                    <Unicode>noch die behörige depracation gethan, geschwangen</Unicode>
                </TextEquiv>
            </TextLine>
            <TextLine id="r2l8" custom="readingOrder {index:7;}">
                <Coords points="1830,687 1874,678 1975,706 2075,680 2096,658 2109,661 2093,555 2055,562 2036,586 2013,591 1955,555 1820,622"/>
                <Baseline points="1836,678 1862,671 1888,665 1914,659 1940,655 1966,651 1992,647 2018,644 2044,642 2070,641 2097,639"/>
                <Word id="r2l8_w1" custom="readingOrder {index:0;}">
                    <Coords points="1823,621 1823,681 1986,681 1986,621"/>
                    <TextEquiv>
                        <Unicode>Seder</Unicode>
                    </TextEquiv>
                </Word>
                <Word id="r2l8_w2" custom="readingOrder {index:1;}">
                    <Coords points="2000,601 2000,661 2119,661 2119,601"/>
                    <TextEquiv>
                        <Unicode>Gristz.</Unicode>
                    </TextEquiv>
                </Word>
                <TextEquiv>
                    <Unicode>Seder Gristz.</Unicode>
                </TextEquiv>
            </TextLine>
            <TextLine id="r2l9" custom="readingOrder {index:8;}">
                <Coords points="2104,737 2392,756 2455,705 2717,744 2917,688 3238,727 3339,640 3238,604 2899,661 2481,625 2410,667 2198,645 2102,700"/>
                <Baseline points="2111,726 2172,720 2233,714 2294,708 2355,703 2416,699 2477,696 2538,693 2599,691 2660,689 2721,687 2782,686 2843,684 2904,684 2965,684 3026,683 3087,683 3148,683 3209,681 3270,681 3332,680"/>
                <Word id="r2l9_w1" custom="readingOrder {index:0;}">
                    <Coords points="2103,682 2103,742 2194,742 2194,682"/>
                    <TextEquiv>
                        <Unicode>ret,</Unicode>
                    </TextEquiv>
                </Word>
                <Word id="r2l9_w2" custom="readingOrder {index:1;}">
                    <Coords points="2218,672 2218,732 2287,732 2287,672"/>
                    <TextEquiv>
                        <Unicode>und</Unicode>
                    </TextEquiv>
                </Word>
                <Word id="r2l9_w3" custom="readingOrder {index:2;}">
                    <Coords points="2310,662 2310,722 2402,722 2402,662"/>
                    <TextEquiv>
                        <Unicode>solche</Unicode>
                    </TextEquiv>
                </Word>
                <Word id="r2l9_w4" custom="readingOrder {index:3;}">
                    <Coords points="2437,657 2437,717 2472,717 2472,657"/>
                    <TextEquiv>
                        <Unicode>zu</Unicode>
                    </TextEquiv>
                </Word>
                <Word id="r2l9_w5" custom="readingOrder {index:4;}">
                    <Coords points="2518,650 2518,710 2691,710 2691,650"/>
                    <TextEquiv>
                        <Unicode>Ehelichen</Unicode>
                    </TextEquiv>
                </Word>
                <Word id="r2l9_w6" custom="readingOrder {index:5;}">
                    <Coords points="2713,645 2713,705 2910,705 2910,645"/>
                    <TextEquiv>
                        <Unicode>begehre,</Unicode>
                    </TextEquiv>
                </Word>
                <Word id="r2l9_w7" custom="readingOrder {index:6;}">
                    <Coords points="2933,644 2933,704 2980,704 2980,644"/>
                    <TextEquiv>
                        <Unicode>das</Unicode>
                    </TextEquiv>
                </Word>
                <Word id="r2l9_w8" custom="readingOrder {index:7;}">
                    <Coords points="3014,643 3014,703 3071,703 3071,643"/>
                    <TextEquiv>
                        <Unicode>an</Unicode>
                    </TextEquiv>
                </Word>
                <Word id="r2l9_w9" custom="readingOrder {index:8;}">
                    <Coords points="3094,643 3094,703 3141,703 3141,643"/>
                    <TextEquiv>
                        <Unicode>in</Unicode>
                    </TextEquiv>
                </Word>
                <Word id="r2l9_w10" custom="readingOrder {index:9;}">
                    <Coords points="3153,641 3153,701 3245,701 3245,641"/>
                    <TextEquiv>
                        <Unicode>gnädigen</Unicode>
                    </TextEquiv>
                </Word>
                <Word id="r2l9_w11" custom="readingOrder {index:10;}">
                    <Coords points="3257,640 3257,700 3350,700 3350,640"/>
                    <TextEquiv>
                        <Unicode>Herren</Unicode>
                    </TextEquiv>
                </Word>
                <TextEquiv>
                    <Unicode>ret, und solche zu Ehelichen begehre, das an in gnädigen Herren</Unicode>
                </TextEquiv>
            </TextLine>
            <TextLine id="r2l10" custom="readingOrder {index:9;}">
                <Coords points="2114,843 2286,844 2370,788 2539,831 2594,776 2754,826 2839,756 2896,791 3311,745 3308,693 3237,726 3184,692 3134,731 2926,696 2876,735 2566,712 2516,750 2463,705 2384,763 2109,742"/>
                <Baseline points="2120,804 2179,799 2238,794 2297,788 2356,783 2415,779 2474,775 2534,771 2593,769 2652,765 2711,763 2770,760 2829,758 2888,756 2948,755 3007,753 3066,752 3125,750 3184,749 3243,747 3303,747"/>
                <Word id="r2l10_w1" custom="readingOrder {index:0;}">
                    <Coords points="2111,761 2111,821 2187,821 2187,761"/>
                    <TextEquiv>
                        <Unicode>auß</Unicode>
                    </TextEquiv>
                </Word>
                <Word id="r2l10_w2" custom="readingOrder {index:1;}">
                    <Coords points="2236,748 2236,808 2349,808 2349,748"/>
                    <TextEquiv>
                        <Unicode>Ihrem</Unicode>
                    </TextEquiv>
                </Word>
                <Word id="r2l10_w3" custom="readingOrder {index:2;}">
                    <Coords points="2363,739 2363,799 2464,799 2464,739"/>
                    <TextEquiv>
                        <Unicode>Schr.</Unicode>
                    </TextEquiv>
                </Word>
                <Word id="r2l10_w4" custom="readingOrder {index:3;}">
                    <Coords points="2488,729 2488,789 2665,789 2665,729"/>
                    <TextEquiv>
                        <Unicode>ersechen,</Unicode>
                    </TextEquiv>
                </Word>
                <Word id="r2l10_w5" custom="readingOrder {index:4;}">
                    <Coords points="2689,722 2689,782 2765,782 2765,722"/>
                    <TextEquiv>
                        <Unicode>und</Unicode>
                    </TextEquiv>
                </Word>
                <Word id="r2l10_w6" custom="readingOrder {index:5;}">
                    <Coords points="2790,718 2790,778 2853,778 2853,718"/>
                    <TextEquiv>
                        <Unicode>sie</Unicode>
                    </TextEquiv>
                </Word>
                <Word id="r2l10_w7" custom="readingOrder {index:6;}">
                    <Coords points="2878,715 2878,775 3017,775 3017,715"/>
                    <TextEquiv>
                        <Unicode>fahero</Unicode>
                    </TextEquiv>
                </Word>
                <Word id="r2l10_w8" custom="readingOrder {index:7;}">
                    <Coords points="3030,712 3030,772 3068,772 3068,712"/>
                    <TextEquiv>
                        <Unicode>in</Unicode>
                    </TextEquiv>
                </Word>
                <Word id="r2l10_w9" custom="readingOrder {index:8;}">
                    <Coords points="3093,708 3093,768 3307,768 3307,708"/>
                    <TextEquiv>
                        <Unicode>antworth</Unicode>
                    </TextEquiv>
                </Word>
                <TextEquiv>
                    <Unicode>auß Ihrem Schr. ersechen, und sie fahero in antworth</Unicode>
                </TextEquiv>
            </TextLine>
            <TextLine id="r2l11" custom="readingOrder {index:10;}">
                <Coords points="2110,889 2307,864 2650,920 2939,853 3101,901 3244,845 3291,880 3328,770 2848,761 2759,825 2630,780 2481,834 2256,790 2109,857"/>
                <Baseline points="2117,882 2177,877 2237,871 2297,867 2358,863 2418,860 2478,857 2539,855 2599,852 2659,851 2720,849 2780,849 2840,848 2900,847 2961,846 3021,845 3081,845 3142,843 3202,842 3262,840 3323,839"/>
                <Word id="r2l11_w1" custom="readingOrder {index:0;}">
                    <Coords points="2126,832 2126,892 2310,892 2310,832"/>
                    <TextEquiv>
                        <Unicode>anzenen</Unicode>
                    </TextEquiv>
                </Word>
                <Word id="r2l11_w2" custom="readingOrder {index:1;}">
                    <Coords points="2338,820 2338,880 2465,880 2465,820"/>
                    <TextEquiv>
                        <Unicode>wollen</Unicode>
                    </TextEquiv>
                </Word>
                <Word id="r2l11_w3" custom="readingOrder {index:2;}">
                    <Coords points="2507,811 2507,871 2719,871 2719,811"/>
                    <TextEquiv>
                        <Unicode>fartheyen</Unicode>
                    </TextEquiv>
                </Word>
                <Word id="r2l11_w4" custom="readingOrder {index:3;}">
                    <Coords points="2747,808 2747,868 2832,868 2832,808"/>
                    <TextEquiv>
                        <Unicode>auf</Unicode>
                    </TextEquiv>
                </Word>
                <Word id="r2l11_w5" custom="readingOrder {index:4;}">
                    <Coords points="2846,807 2846,867 2888,867 2888,807"/>
                    <TextEquiv>
                        <Unicode>dn</Unicode>
                    </TextEquiv>
                </Word>
                <Word id="r2l11_w6" custom="readingOrder {index:5;}">
                    <Coords points="2902,806 2902,866 2988,866 2988,806"/>
                    <TextEquiv>
                        <Unicode>10tn</Unicode>
                    </TextEquiv>
                </Word>
                <Word id="r2l11_w7" custom="readingOrder {index:6;}">
                    <Coords points="3002,805 3002,865 3044,865 3044,805"/>
                    <TextEquiv>
                        <Unicode>diß</Unicode>
                    </TextEquiv>
                </Word>
                <Word id="r2l11_w8" custom="readingOrder {index:7;}">
                    <Coords points="3085,801 3085,861 3325,861 3325,801"/>
                    <TextEquiv>
                        <Unicode>harzuhalten</Unicode>
                    </TextEquiv>
                </Word>
                <TextEquiv>
                    <Unicode>anzenen wollen fartheyen auf dn 10tn diß harzuhalten</Unicode>
                </TextEquiv>
            </TextLine>
            <TextLine id="r2l12" custom="readingOrder {index:11;}">
                <Coords points="2060,1046 2168,1016 2238,1055 2317,995 2447,1048 2516,985 3132,1032 3301,980 3300,926 3088,943 2934,888 2853,931 2735,894 2583,925 2374,871 2058,963"/>
                <Baseline points="2067,1020 2128,1011 2189,1006 2250,1000 2312,996 2373,993 2434,990 2496,989 2557,989 2618,987 2680,987 2741,987 2802,989 2863,989 2925,989 2986,987 3047,987 3109,986 3170,984 3231,981 3293,977"/>
                <Word id="r2l12_w1" custom="readingOrder {index:0;}">
                    <Coords points="2063,972 2063,1032 2171,1032 2171,972"/>
                    <TextEquiv>
                        <Unicode>Smn</Unicode>
                    </TextEquiv>
                </Word>
                <Word id="r2l12_w2" custom="readingOrder {index:1;}">
                    <Coords points="2311,955 2311,1015 2327,1015 2327,955"/>
                    <TextEquiv>
                        <Unicode>e</Unicode>
                    </TextEquiv>
                </Word>
                <Word id="r2l12_w3" custom="readingOrder {index:2;}">
                    <Coords points="2390,950 2390,1010 2452,1010 2452,950"/>
                    <TextEquiv>
                        <Unicode>ie</Unicode>
                    </TextEquiv>
                </Word>
                <Word id="r2l12_w4" custom="readingOrder {index:3;}">
                    <Coords points="2483,949 2483,1009 2577,1009 2577,949"/>
                    <TextEquiv>
                        <Unicode>ee</Unicode>
                    </TextEquiv>
                </Word>
                <Word id="r2l12_w5" custom="readingOrder {index:4;}">
                    <Coords points="2608,947 2608,1007 2795,1007 2795,947"/>
                    <TextEquiv>
                        <Unicode>eaegetn</Unicode>
                    </TextEquiv>
                </Word>
                <Word id="r2l12_w6" custom="readingOrder {index:5;}">
                    <Coords points="2810,949 2810,1009 2873,1009 2873,949"/>
                    <TextEquiv>
                        <Unicode>dacs</Unicode>
                    </TextEquiv>
                </Word>
                <Word id="r2l12_w7" custom="readingOrder {index:6;}">
                    <Coords points="2904,947 2904,1007 3060,1007 3060,947"/>
                    <TextEquiv>
                        <Unicode>Borischen</Unicode>
                    </TextEquiv>
                </Word>
                <Word id="r2l12_w8" custom="readingOrder {index:7;}">
                    <Coords points="3076,945 3076,1005 3155,1005 3155,945"/>
                    <TextEquiv>
                        <Unicode>Hr.</Unicode>
                    </TextEquiv>
                </Word>
                <Word id="r2l12_w9" custom="readingOrder {index:8;}">
                    <Coords points="3170,941 3170,1001 3278,1001 3278,941"/>
                    <TextEquiv>
                        <Unicode>Jacob</Unicode>
                    </TextEquiv>
                </Word>
                <TextEquiv>
                    <Unicode>Smn e ie ee eaegetn dacs Borischen Hr. Jacob</Unicode>
                </TextEquiv>
            </TextLine>
            <TextLine id="r2l13" custom="readingOrder {index:12;}">
                <Coords points="2110,1126 2240,1080 2359,1133 2470,1094 2744,1134 2957,1068 3060,1101 3322,1067 3301,976 3205,1037 2819,981 2577,1030 2522,990 2411,1050 2349,1009 2238,1055 2108,1016"/>
                <Baseline points="2117,1091 2176,1087 2236,1082 2296,1079 2356,1076 2416,1073 2476,1071 2535,1070 2595,1068 2655,1067 2715,1067 2775,1067 2835,1065 2895,1065 2954,1065 3014,1065 3074,1065 3134,1065 3194,1065 3254,1065 3314,1064"/>
                <Word id="r2l13_w1" custom="readingOrder {index:0;}">
                    <Coords points="2111,1042 2111,1102 2343,1102 2343,1042"/>
                    <TextEquiv>
                        <Unicode>Brachaud</Unicode>
                    </TextEquiv>
                </Word>
                <Word id="r2l13_w2" custom="readingOrder {index:1;}">
                    <Coords points="2370,1033 2370,1093 2439,1093 2439,1033"/>
                    <TextEquiv>
                        <Unicode>von</Unicode>
                    </TextEquiv>
                </Word>
                <Word id="r2l13_w3" custom="readingOrder {index:2;}">
                    <Coords points="2466,1030 2466,1090 2577,1090 2577,1030"/>
                    <TextEquiv>
                        <Unicode>Viiß</Unicode>
                    </TextEquiv>
                </Word>
                <Word id="r2l13_w4" custom="readingOrder {index:3;}">
                    <Coords points="2618,1027 2618,1087 2700,1087 2700,1027"/>
                    <TextEquiv>
                        <Unicode>und</Unicode>
                    </TextEquiv>
                </Word>
                <Word id="r2l13_w5" custom="readingOrder {index:4;}">
                    <Coords points="2727,1026 2727,1086 2850,1086 2850,1026"/>
                    <TextEquiv>
                        <Unicode>Isrl.</Unicode>
                    </TextEquiv>
                </Word>
                <Word id="r2l13_w6" custom="readingOrder {index:5;}">
                    <Coords points="2865,1025 2865,1085 2975,1085 2975,1025"/>
                    <TextEquiv>
                        <Unicode>Deano</Unicode>
                    </TextEquiv>
                </Word>
                <Word id="r2l13_w7" custom="readingOrder {index:6;}">
                    <Coords points="3002,1025 3002,1085 3193,1085 3193,1025"/>
                    <TextEquiv>
                        <Unicode>Francoise</Unicode>
                    </TextEquiv>
                </Word>
                <Word id="r2l13_w8" custom="readingOrder {index:7;}">
                    <Coords points="3207,1024 3207,1084 3316,1084 3316,1024"/>
                    <TextEquiv>
                        <Unicode>herbex</Unicode>
                    </TextEquiv>
                </Word>
                <TextEquiv>
                    <Unicode>Brachaud von Viiß und Isrl. Deano Francoise herbex</Unicode>
                </TextEquiv>
            </TextLine>
            <TextLine id="r2l14" custom="readingOrder {index:13;}">
                <Coords points="2091,1199 2425,1154 2572,1191 2700,1145 2937,1211 3041,1149 3171,1187 3334,1143 3313,1068 3195,1119 2964,1069 2759,1125 2089,1114"/>
                <Baseline points="2099,1179 2160,1173 2221,1168 2283,1164 2344,1160 2405,1157 2467,1154 2528,1151 2589,1149 2651,1147 2712,1146 2773,1145 2835,1145 2896,1145 2957,1145 3019,1145 3080,1145 3141,1146 3203,1147 3264,1148 3326,1149"/>
                <Word id="r2l14_w1" custom="readingOrder {index:0;}">
                    <Coords points="2101,1134 2101,1194 2179,1194 2179,1134"/>
                    <TextEquiv>
                        <Unicode>von</Unicode>
                    </TextEquiv>
                </Word>
                <Word id="r2l14_w2" custom="readingOrder {index:1;}">
                    <Coords points="2201,1126 2201,1186 2303,1186 2303,1126"/>
                    <TextEquiv>
                        <Unicode>fallg</Unicode>
                    </TextEquiv>
                </Word>
                <Word id="r2l14_w3" custom="readingOrder {index:2;}">
                    <Coords points="2338,1119 2338,1179 2383,1179 2383,1119"/>
                    <TextEquiv>
                        <Unicode>an</Unicode>
                    </TextEquiv>
                </Word>
                <Word id="r2l14_w4" custom="readingOrder {index:3;}">
                    <Coords points="2439,1110 2439,1170 2620,1170 2620,1110"/>
                    <TextEquiv>
                        <Unicode>einem,</Unicode>
                    </TextEquiv>
                </Word>
                <Word id="r2l14_w5" custom="readingOrder {index:4;}">
                    <Coords points="2643,1106 2643,1166 2687,1166 2687,1106"/>
                    <TextEquiv>
                        <Unicode>so</Unicode>
                    </TextEquiv>
                </Word>
                <Word id="r2l14_w6" custom="readingOrder {index:5;}">
                    <Coords points="2722,1105 2722,1165 2834,1165 2834,1105"/>
                    <TextEquiv>
                        <Unicode>senne</Unicode>
                    </TextEquiv>
                </Word>
                <Word id="r2l14_w7" custom="readingOrder {index:6;}">
                    <Coords points="2869,1105 2869,1165 2936,1165 2936,1105"/>
                    <TextEquiv>
                        <Unicode>Hr</Unicode>
                    </TextEquiv>
                </Word>
                <Word id="r2l14_w8" custom="readingOrder {index:7;}">
                    <Coords points="2982,1105 2982,1165 3173,1165 3173,1105"/>
                    <TextEquiv>
                        <Unicode>Conseller</Unicode>
                    </TextEquiv>
                </Word>
                <Word id="r2l14_w9" custom="readingOrder {index:8;}">
                    <Coords points="3195,1107 3195,1167 3320,1167 3320,1107"/>
                    <TextEquiv>
                        <Unicode>haber</Unicode>
                    </TextEquiv>
                </Word>
                <TextEquiv>
                    <Unicode>von fallg an einem, so senne Hr Conseller haber</Unicode>
                </TextEquiv>
            </TextLine>
            <TextLine id="r2l15" custom="readingOrder {index:14;}">
                <Coords points="1849,1176 1870,1180 1906,1166 1934,1186 1951,1181 1996,1199 2020,1196 2036,1176 2081,1179 2063,1032 1984,1066 1938,1065 1913,1087 1896,1084 1857,1124 1843,1123"/>
                <Baseline points="1857,1176 1883,1170 1910,1164 1936,1159 1963,1155 1990,1152 2016,1151 2043,1150 2070,1149"/>
                <Word id="r2l15_w1" custom="readingOrder {index:0;}">
                    <Coords points="1849,1115 1849,1175 2073,1175 2073,1115"/>
                    <TextEquiv>
                        <Unicode>Srantandt</Unicode>
                    </TextEquiv>
                </Word>
                <TextEquiv>
                    <Unicode>Srantandt</Unicode>
                </TextEquiv>
            </TextLine>
            <TextLine id="r2l16" custom="readingOrder {index:15;}">
                <Coords points="1853,1242 1880,1238 1892,1229 1923,1243 1937,1222 1958,1220 1969,1203 1978,1201 1970,1163 1947,1159 1921,1173 1884,1166 1871,1174 1853,1202 1845,1203"/>
                <Baseline points="1859,1232 1887,1226 1915,1220 1943,1214 1971,1209"/>
                <Word id="r2l16_w1" custom="readingOrder {index:0;}">
                    <Coords points="1858,1178 1858,1238 1988,1238 1988,1178"/>
                    <TextEquiv>
                        <Unicode>Jacob.</Unicode>
                    </TextEquiv>
                </Word>
                <TextEquiv>
                    <Unicode>Jacob.</Unicode>
                </TextEquiv>
            </TextLine>
            <TextLine id="r2l17" custom="readingOrder {index:16;}">
                <Coords points="2110,1269 2696,1289 2763,1233 2928,1224 3151,1259 3347,1204 3345,1142 3161,1188 3060,1143 2820,1211 2426,1155 2264,1230 2107,1209"/>
                <Baseline points="2117,1265 2178,1259 2239,1255 2300,1251 2361,1247 2422,1244 2483,1242 2544,1239 2605,1236 2666,1233 2728,1232 2789,1230 2850,1227 2911,1226 2972,1223 3033,1221 3094,1219 3155,1217 3216,1214 3277,1211 3339,1209"/>
                <Word id="r2l17_w1" custom="readingOrder {index:0;}">
                    <Coords points="2120,1221 2120,1281 2180,1281 2180,1221"/>
                    <TextEquiv>
                        <Unicode>als</Unicode>
                    </TextEquiv>
                </Word>
                <Word id="r2l17_w2" custom="readingOrder {index:1;}">
                    <Coords points="2215,1214 2215,1274 2276,1274 2276,1214"/>
                    <TextEquiv>
                        <Unicode>der</Unicode>
                    </TextEquiv>
                </Word>
                <Word id="r2l17_w3" custom="readingOrder {index:2;}">
                    <Coords points="2300,1207 2300,1267 2420,1267 2420,1207"/>
                    <TextEquiv>
                        <Unicode>jfrl.</Unicode>
                    </TextEquiv>
                </Word>
                <Word id="r2l17_w4" custom="readingOrder {index:3;}">
                    <Coords points="2444,1200 2444,1260 2563,1260 2563,1200"/>
                    <TextEquiv>
                        <Unicode>haben</Unicode>
                    </TextEquiv>
                </Word>
                <Word id="r2l17_w5" custom="readingOrder {index:4;}">
                    <Coords points="2588,1193 2588,1253 2719,1253 2719,1193"/>
                    <TextEquiv>
                        <Unicode>Vatter</Unicode>
                    </TextEquiv>
                </Word>
                <Word id="r2l17_w6" custom="readingOrder {index:5;}">
                    <Coords points="2744,1190 2744,1250 2792,1250 2792,1190"/>
                    <TextEquiv>
                        <Unicode>am</Unicode>
                    </TextEquiv>
                </Word>
                <Word id="r2l17_w7" custom="readingOrder {index:6;}">
                    <Coords points="2851,1184 2851,1244 3019,1244 3019,1184"/>
                    <TextEquiv>
                        <Unicode>anderen</Unicode>
                    </TextEquiv>
                </Word>
                <Word id="r2l17_w8" custom="readingOrder {index:7;}">
                    <Coords points="3044,1179 3044,1239 3140,1239 3140,1179"/>
                    <TextEquiv>
                        <Unicode>theil</Unicode>
                    </TextEquiv>
                </Word>
                <Word id="r2l17_w9" custom="readingOrder {index:8;}">
                    <Coords points="3175,1171 3175,1231 3357,1231 3357,1171"/>
                    <TextEquiv>
                        <Unicode>strethig¬</Unicode>
                    </TextEquiv>
                </Word>
                <TextEquiv>
                    <Unicode>als der jfrl. haben Vatter am anderen theil strethig¬</Unicode>
                </TextEquiv>
            </TextLine>
            <TextLine id="r2l18" custom="readingOrder {index:17;}">
                <Coords points="1847,1332 1878,1308 1942,1356 2016,1298 2043,1315 2079,1311 2066,1199 2042,1197 2023,1221 1983,1234 1940,1221 1924,1242 1892,1228 1855,1249 1837,1244"/>
                <Baseline points="1853,1313 1880,1308 1907,1303 1934,1299 1961,1295 1988,1292 2015,1290 2042,1289 2069,1289"/>
                <Word id="r2l18_w1" custom="readingOrder {index:0;}">
                    <Coords points="1841,1263 1841,1323 1965,1323 1965,1263"/>
                    <TextEquiv>
                        <Unicode>haben</Unicode>
                    </TextEquiv>
                </Word>
                <Word id="r2l18_w2" custom="readingOrder {index:1;}">
                    <Coords points="1979,1249 1979,1309 2089,1309 2089,1249"/>
                    <TextEquiv>
                        <Unicode>Ihr.</Unicode>
                    </TextEquiv>
                </Word>
                <TextEquiv>
                    <Unicode>haben Ihr.</Unicode>
                </TextEquiv>
            </TextLine>
            <TextLine id="r2l19" custom="readingOrder {index:18;}">
                <Coords points="2145,1357 2535,1339 2688,1382 3004,1312 3332,1318 3328,1227 3280,1213 3042,1275 2838,1230 2651,1305 2374,1260 2142,1288"/>
                <Baseline points="2153,1346 2211,1344 2270,1343 2328,1341 2387,1338 2445,1335 2504,1334 2562,1330 2621,1328 2679,1324 2738,1322 2796,1319 2855,1316 2913,1313 2972,1310 3030,1308 3089,1305 3147,1302 3206,1299 3264,1297 3323,1295"/>
                <Word id="r2l19_w1" custom="readingOrder {index:0;}">
                    <Coords points="2144,1303 2144,1363 2377,1363 2377,1303"/>
                    <TextEquiv>
                        <Unicode>falltheide</Unicode>
                    </TextEquiv>
                </Word>
                <Word id="r2l19_w2" custom="readingOrder {index:1;}">
                    <Coords points="2402,1290 2402,1350 2711,1350 2711,1290"/>
                    <TextEquiv>
                        <Unicode>Matrimonial</Unicode>
                    </TextEquiv>
                </Word>
                <Word id="r2l19_w3" custom="readingOrder {index:2;}">
                    <Coords points="2736,1276 2736,1336 2957,1336 2957,1276"/>
                    <TextEquiv>
                        <Unicode>geschäfft,</Unicode>
                    </TextEquiv>
                </Word>
                <Word id="r2l19_w4" custom="readingOrder {index:3;}">
                    <Coords points="2971,1268 2971,1328 3070,1328 3070,1268"/>
                    <TextEquiv>
                        <Unicode>umb</Unicode>
                    </TextEquiv>
                </Word>
                <Word id="r2l19_w5" custom="readingOrder {index:4;}">
                    <Coords points="3094,1263 3094,1323 3143,1323 3143,1263"/>
                    <TextEquiv>
                        <Unicode>zu</Unicode>
                    </TextEquiv>
                </Word>
                <Word id="r2l19_w6" custom="readingOrder {index:5;}">
                    <Coords points="3181,1257 3181,1317 3328,1317 3328,1257"/>
                    <TextEquiv>
                        <Unicode>wüßen</Unicode>
                    </TextEquiv>
                </Word>
                <TextEquiv>
                    <Unicode>falltheide Matrimonial geschäfft, umb zu wüßen</Unicode>
                </TextEquiv>
            </TextLine>
            <TextLine id="r2l20" custom="readingOrder {index:19;}">
                <Coords points="1845,1418 1883,1388 1907,1392 1932,1376 1969,1394 1987,1372 2021,1381 2051,1361 2131,1374 2123,1308 2077,1300 2064,1314 1991,1316 1952,1355 1872,1348 1858,1337 1838,1354"/>
                <Baseline points="1850,1388 1877,1384 1904,1379 1931,1375 1958,1372 1985,1369 2012,1364 2039,1361 2066,1359 2093,1358 2121,1356"/>
                <Word id="r2l20_w1" custom="readingOrder {index:0;}">
                    <Coords points="1847,1342 1847,1402 1927,1402 1927,1342"/>
                    <TextEquiv>
                        <Unicode>bane</Unicode>
                    </TextEquiv>
                </Word>
                <Word id="r2l20_w2" custom="readingOrder {index:1;}">
                    <Coords points="1959,1320 1959,1380 2130,1380 2130,1320"/>
                    <TextEquiv>
                        <Unicode>francocto</Unicode>
                    </TextEquiv>
                </Word>
                <TextEquiv>
                    <Unicode>bane francocto</Unicode>
                </TextEquiv>
            </TextLine>
            <TextLine id="r2l21" custom="readingOrder {index:20;}">
                <Coords points="2132,1442 2340,1478 2402,1422 2491,1472 2742,1410 3016,1434 3359,1387 3357,1343 3022,1311 2737,1387 2129,1362"/>
                <Baseline points="2139,1428 2199,1427 2260,1424 2320,1422 2381,1419 2442,1416 2502,1414 2563,1412 2623,1409 2684,1406 2745,1403 2805,1400 2866,1397 2926,1395 2987,1392 3048,1391 3108,1389 3169,1386 3229,1386 3290,1385 3351,1383"/>
                <Word id="r2l21_w1" custom="readingOrder {index:0;}">
                    <Coords points="2131,1387 2131,1447 2168,1447 2168,1387"/>
                    <TextEquiv>
                        <Unicode>ob</Unicode>
                    </TextEquiv>
                </Word>
                <Word id="r2l21_w2" custom="readingOrder {index:1;}">
                    <Coords points="2206,1385 2206,1445 2257,1445 2257,1385"/>
                    <TextEquiv>
                        <Unicode>die</Unicode>
                    </TextEquiv>
                </Word>
                <Word id="r2l21_w3" custom="readingOrder {index:2;}">
                    <Coords points="2294,1379 2294,1439 2459,1439 2459,1379"/>
                    <TextEquiv>
                        <Unicode>Züschen</Unicode>
                    </TextEquiv>
                </Word>
                <Word id="r2l21_w4" custom="readingOrder {index:3;}">
                    <Coords points="2471,1373 2471,1433 2548,1433 2548,1373"/>
                    <TextEquiv>
                        <Unicode>Her</Unicode>
                    </TextEquiv>
                </Word>
                <Word id="r2l21_w5" custom="readingOrder {index:4;}">
                    <Coords points="2572,1366 2572,1426 2787,1426 2787,1366"/>
                    <TextEquiv>
                        <Unicode>Breuckand</Unicode>
                    </TextEquiv>
                </Word>
                <Word id="r2l21_w6" custom="readingOrder {index:5;}">
                    <Coords points="2824,1357 2824,1417 2901,1417 2901,1357"/>
                    <TextEquiv>
                        <Unicode>und</Unicode>
                    </TextEquiv>
                </Word>
                <Word id="r2l21_w7" custom="readingOrder {index:6;}">
                    <Coords points="2938,1351 2938,1411 3051,1411 3051,1351"/>
                    <TextEquiv>
                        <Unicode>Jfrl.</Unicode>
                    </TextEquiv>
                </Word>
                <Word id="r2l21_w8" custom="readingOrder {index:7;}">
                    <Coords points="3065,1348 3065,1408 3179,1408 3179,1348"/>
                    <TextEquiv>
                        <Unicode>Harben</Unicode>
                    </TextEquiv>
                </Word>
                <Word id="r2l21_w9" custom="readingOrder {index:8;}">
                    <Coords points="3204,1345 3204,1405 3355,1405 3355,1345"/>
                    <TextEquiv>
                        <Unicode>vergang</Unicode>
                    </TextEquiv>
                </Word>
                <TextEquiv>
                    <Unicode>ob die Züschen Her Breuckand und Jfrl. Harben vergang</Unicode>
                </TextEquiv>
            </TextLine>
            <TextLine id="r2l22" custom="readingOrder {index:21;}">
                <Coords points="1845,1532 1877,1523 1899,1541 1943,1543 2054,1483 2107,1493 2119,1488 2116,1433 2092,1433 2070,1416 2024,1433 1987,1413 1963,1434 1918,1407 1839,1442"/>
                <Baseline points="1850,1493 1876,1489 1902,1485 1928,1484 1954,1482 1980,1479 2006,1478 2032,1478 2058,1476 2084,1475 2111,1472"/>
                <Word id="r2l22_w1" custom="readingOrder {index:0;}">
                    <Coords points="1841,1447 1841,1507 1936,1507 1936,1447"/>
                    <TextEquiv>
                        <Unicode>Srbe</Unicode>
                    </TextEquiv>
                </Word>
                <Word id="r2l22_w2" custom="readingOrder {index:1;}">
                    <Coords points="1963,1438 1963,1498 2005,1498 2005,1438"/>
                    <TextEquiv>
                        <Unicode>Hl.</Unicode>
                    </TextEquiv>
                </Word>
                <Word id="r2l22_w3" custom="readingOrder {index:2;}">
                    <Coords points="2019,1435 2019,1495 2129,1495 2129,1435"/>
                    <TextEquiv>
                        <Unicode>Conil¬</Unicode>
                    </TextEquiv>
                </Word>
                <TextEquiv>
                    <Unicode>Srbe Hl. Conil¬</Unicode>
                </TextEquiv>
            </TextLine>
            <TextLine id="r2l23" custom="readingOrder {index:22;}">
                <Coords points="2115,1532 2406,1517 2469,1560 2547,1505 2630,1553 2727,1483 3294,1486 3315,1400 2114,1488"/>
                <Baseline points="2123,1511 2182,1508 2241,1505 2300,1502 2360,1499 2419,1496 2478,1493 2538,1491 2597,1488 2656,1486 2716,1484 2775,1482 2834,1481 2893,1479 2953,1478 3012,1476 3071,1476 3131,1475 3190,1475 3249,1473 3309,1473"/>
                <Word id="r2l23_w1" custom="readingOrder {index:0;}">
                    <Coords points="2126,1468 2126,1528 2229,1528 2229,1468"/>
                    <TextEquiv>
                        <Unicode>gene</Unicode>
                    </TextEquiv>
                </Word>
                <Word id="r2l23_w2" custom="readingOrder {index:1;}">
                    <Coords points="2264,1454 2264,1514 2634,1514 2634,1454"/>
                    <TextEquiv>
                        <Unicode>Eheversprechung</Unicode>
                    </TextEquiv>
                </Word>
                <Word id="r2l23_w3" custom="readingOrder {index:2;}">
                    <Coords points="2669,1442 2669,1502 2830,1502 2830,1442"/>
                    <TextEquiv>
                        <Unicode>gülltig</Unicode>
                    </TextEquiv>
                </Word>
                <Word id="r2l23_w4" custom="readingOrder {index:3;}">
                    <Coords points="2864,1438 2864,1498 2956,1498 2956,1438"/>
                    <TextEquiv>
                        <Unicode>oder</Unicode>
                    </TextEquiv>
                </Word>
                <Word id="r2l23_w5" custom="readingOrder {index:4;}">
                    <Coords points="2992,1436 2992,1496 3072,1496 3072,1436"/>
                    <TextEquiv>
                        <Unicode>aber</Unicode>
                    </TextEquiv>
                </Word>
                <Word id="r2l23_w6" custom="readingOrder {index:5;}">
                    <Coords points="3106,1435 3106,1495 3176,1495 3176,1435"/>
                    <TextEquiv>
                        <Unicode>H.</Unicode>
                    </TextEquiv>
                </Word>
                <Word id="r2l23_w7" custom="readingOrder {index:6;}">
                    <Coords points="3188,1433 3188,1493 3302,1493 3302,1433"/>
                    <TextEquiv>
                        <Unicode>Gerben</Unicode>
                    </TextEquiv>
                </Word>
                <TextEquiv>
                    <Unicode>gene Eheversprechung gülltig oder aber H. Gerben</Unicode>
                </TextEquiv>
            </TextLine>
            <TextLine id="r2l24" custom="readingOrder {index:23;}">
                <Coords points="2120,1596 2257,1648 2387,1600 2676,1630 2899,1555 3309,1560 3338,1479 2118,1549"/>
                <Baseline points="2127,1590 2187,1588 2247,1585 2307,1583 2368,1580 2428,1577 2488,1574 2549,1571 2609,1568 2669,1566 2730,1563 2790,1562 2850,1559 2910,1557 2971,1554 3031,1553 3091,1551 3152,1550 3212,1548 3272,1547 3333,1547"/>
                <Word id="r2l24_w1" custom="readingOrder {index:0;}">
                    <Coords points="2133,1545 2133,1605 2353,1605 2353,1545"/>
                    <TextEquiv>
                        <Unicode>bewilliget</Unicode>
                    </TextEquiv>
                </Word>
                <Word id="r2l24_w2" custom="readingOrder {index:1;}">
                    <Coords points="2378,1537 2378,1597 2469,1597 2469,1537"/>
                    <TextEquiv>
                        <Unicode>sein</Unicode>
                    </TextEquiv>
                </Word>
                <Word id="r2l24_w3" custom="readingOrder {index:2;}">
                    <Coords points="2482,1531 2482,1591 2611,1591 2611,1531"/>
                    <TextEquiv>
                        <Unicode>solle,</Unicode>
                    </TextEquiv>
                </Word>
                <Word id="r2l24_w4" custom="readingOrder {index:3;}">
                    <Coords points="2638,1525 2638,1585 2701,1585 2701,1525"/>
                    <TextEquiv>
                        <Unicode>sich</Unicode>
                    </TextEquiv>
                </Word>
                <Word id="r2l24_w5" custom="readingOrder {index:4;}">
                    <Coords points="2729,1522 2729,1582 2792,1582 2792,1522"/>
                    <TextEquiv>
                        <Unicode>der</Unicode>
                    </TextEquiv>
                </Word>
                <Word id="r2l24_w6" custom="readingOrder {index:5;}">
                    <Coords points="2818,1518 2818,1578 2936,1578 2936,1518"/>
                    <TextEquiv>
                        <Unicode>Ord.</Unicode>
                    </TextEquiv>
                </Word>
                <Word id="r2l24_w7" custom="readingOrder {index:6;}">
                    <Coords points="2948,1513 2948,1573 3012,1573 3012,1513"/>
                    <TextEquiv>
                        <Unicode>von</Unicode>
                    </TextEquiv>
                </Word>
                <Word id="r2l24_w8" custom="readingOrder {index:7;}">
                    <Coords points="3039,1511 3039,1571 3103,1571 3103,1511"/>
                    <TextEquiv>
                        <Unicode>Ao</Unicode>
                    </TextEquiv>
                </Word>
                <Word id="r2l24_w9" custom="readingOrder {index:8;}">
                    <Coords points="3128,1508 3128,1568 3259,1568 3259,1508"/>
                    <TextEquiv>
                        <Unicode>1723.</Unicode>
                    </TextEquiv>
                </Word>
                <Word id="r2l24_w10" custom="readingOrder {index:9;}">
                    <Coords points="3284,1507 3284,1567 3322,1567 3322,1507"/>
                    <TextEquiv>
                        <Unicode>zu</Unicode>
                    </TextEquiv>
                </Word>
                <TextEquiv>
                    <Unicode>bewilliget sein solle, sich der Ord. von Ao 1723. zu</Unicode>
                </TextEquiv>
            </TextLine>
            <TextLine id="r2l25" custom="readingOrder {index:24;}">
                <Coords points="2108,1704 3347,1633 3344,1567 3255,1557 3062,1608 3002,1564 2748,1579 2678,1631 2517,1601 2442,1644 2104,1610"/>
                <Baseline points="2115,1677 2176,1674 2237,1670 2298,1667 2359,1664 2421,1662 2482,1658 2543,1655 2604,1652 2665,1649 2727,1646 2788,1643 2849,1641 2910,1638 2971,1636 3033,1634 3094,1631 3155,1629 3216,1628 3277,1627 3339,1626"/>
                <Word id="r2l25_w1" custom="readingOrder {index:0;}">
                    <Coords points="2114,1630 2114,1690 2331,1690 2331,1630"/>
                    <TextEquiv>
                        <Unicode>bedienen,</Unicode>
                    </TextEquiv>
                </Word>
                <Word id="r2l25_w2" custom="readingOrder {index:1;}">
                    <Coords points="2351,1622 2351,1682 2434,1682 2434,1622"/>
                    <TextEquiv>
                        <Unicode>und</Unicode>
                    </TextEquiv>
                </Word>
                <Word id="r2l25_w3" custom="readingOrder {index:2;}">
                    <Coords points="2466,1615 2466,1675 2620,1675 2620,1615"/>
                    <TextEquiv>
                        <Unicode>hiemit</Unicode>
                    </TextEquiv>
                </Word>
                <Word id="r2l25_w4" custom="readingOrder {index:3;}">
                    <Coords points="2642,1609 2642,1669 2673,1669 2673,1609"/>
                    <TextEquiv>
                        <Unicode>in</Unicode>
                    </TextEquiv>
                </Word>
                <Word id="r2l25_w5" custom="readingOrder {index:4;}">
                    <Coords points="2693,1604 2693,1664 2839,1664 2839,1604"/>
                    <TextEquiv>
                        <Unicode>krafft</Unicode>
                    </TextEquiv>
                </Word>
                <Word id="r2l25_w6" custom="readingOrder {index:5;}">
                    <Coords points="2849,1598 2849,1658 2942,1658 2942,1598"/>
                    <TextEquiv>
                        <Unicode>deren</Unicode>
                    </TextEquiv>
                </Word>
                <Word id="r2l25_w7" custom="readingOrder {index:6;}">
                    <Coords points="2972,1594 2972,1654 3087,1654 3087,1594"/>
                    <TextEquiv>
                        <Unicode>seine</Unicode>
                    </TextEquiv>
                </Word>
                <Word id="r2l25_w8" custom="readingOrder {index:7;}">
                    <Coords points="3128,1588 3128,1648 3294,1648 3294,1588"/>
                    <TextEquiv>
                        <Unicode>Tochter,</Unicode>
                    </TextEquiv>
                </Word>
                <Word id="r2l25_w9" custom="readingOrder {index:8;}">
                    <Coords points="3314,1586 3314,1646 3345,1646 3345,1586"/>
                    <TextEquiv>
                        <Unicode>so</Unicode>
                    </TextEquiv>
                </Word>
                <TextEquiv>
                    <Unicode>bedienen, und hiemit in krafft deren seine Tochter, so</Unicode>
                </TextEquiv>
            </TextLine>
            <TextLine id="r2l26" custom="readingOrder {index:25;}">
                <Coords points="2111,1781 2277,1816 2349,1757 2554,1796 2656,1736 3370,1709 3367,1661 3117,1687 2822,1641 2740,1683 2107,1706"/>
                <Baseline points="2117,1766 2179,1762 2241,1758 2303,1755 2366,1750 2428,1747 2490,1743 2552,1740 2615,1737 2677,1734 2739,1730 2801,1727 2864,1724 2926,1721 2988,1718 3050,1716 3113,1715 3175,1712 3237,1710 3299,1709 3362,1707"/>
                <Word id="r2l26_w1" custom="readingOrder {index:0;}">
                    <Coords points="2121,1723 2121,1783 2206,1783 2206,1723"/>
                    <TextEquiv>
                        <Unicode>erst</Unicode>
                    </TextEquiv>
                </Word>
                <Word id="r2l26_w2" custom="readingOrder {index:1;}">
                    <Coords points="2242,1715 2242,1775 2328,1775 2328,1715"/>
                    <TextEquiv>
                        <Unicode>frey</Unicode>
                    </TextEquiv>
                </Word>
                <Word id="r2l26_w3" custom="readingOrder {index:2;}">
                    <Coords points="2364,1708 2364,1768 2438,1768 2438,1708"/>
                    <TextEquiv>
                        <Unicode>und</Unicode>
                    </TextEquiv>
                </Word>
                <Word id="r2l26_w4" custom="readingOrder {index:3;}">
                    <Coords points="2463,1700 2463,1760 2621,1760 2621,1700"/>
                    <TextEquiv>
                        <Unicode>zbanzig</Unicode>
                    </TextEquiv>
                </Word>
                <Word id="r2l26_w5" custom="readingOrder {index:4;}">
                    <Coords points="2658,1692 2658,1752 2744,1752 2744,1692"/>
                    <TextEquiv>
                        <Unicode>und</Unicode>
                    </TextEquiv>
                </Word>
                <Word id="r2l26_w6" custom="readingOrder {index:5;}">
                    <Coords points="2768,1687 2768,1747 2830,1747 2830,1687"/>
                    <TextEquiv>
                        <Unicode>ein</Unicode>
                    </TextEquiv>
                </Word>
                <Word id="r2l26_w7" custom="readingOrder {index:6;}">
                    <Coords points="2854,1682 2854,1742 2939,1742 2939,1682"/>
                    <TextEquiv>
                        <Unicode>halb</Unicode>
                    </TextEquiv>
                </Word>
                <Word id="r2l26_w8" custom="readingOrder {index:7;}">
                    <Coords points="2975,1676 2975,1736 3073,1736 3073,1676"/>
                    <TextEquiv>
                        <Unicode>jahr</Unicode>
                    </TextEquiv>
                </Word>
                <Word id="r2l26_w9" custom="readingOrder {index:8;}">
                    <Coords points="3097,1674 3097,1734 3159,1734 3159,1674"/>
                    <TextEquiv>
                        <Unicode>als</Unicode>
                    </TextEquiv>
                </Word>
                <Word id="r2l26_w10" custom="readingOrder {index:9;}">
                    <Coords points="3183,1669 3183,1729 3354,1729 3354,1669"/>
                    <TextEquiv>
                        <Unicode>minder</Unicode>
                    </TextEquiv>
                </Word>
                <TextEquiv>
                    <Unicode>erst frey und zbanzig und ein halb jahr als minder</Unicode>
                </TextEquiv>
            </TextLine>
            <TextLine id="r2l27" custom="readingOrder {index:26;}">
                <Coords points="2096,1889 2359,1831 2545,1880 2685,1832 2762,1872 2920,1804 3368,1809 3353,1712 3027,1729 2960,1783 2850,1735 2671,1798 2500,1753 2414,1796 2349,1756 2280,1817 2092,1800"/>
                <Baseline points="2102,1845 2164,1842 2227,1841 2290,1838 2353,1835 2416,1832 2479,1828 2541,1826 2604,1821 2667,1818 2730,1815 2793,1811 2856,1808 2919,1803 2981,1800 3044,1797 3107,1794 3170,1791 3233,1788 3296,1787 3359,1784"/>
                <Word id="r2l27_w1" custom="readingOrder {index:0;}">
                    <Coords points="2105,1801 2105,1861 2246,1861 2246,1801"/>
                    <TextEquiv>
                        <Unicode>Jahrig</Unicode>
                    </TextEquiv>
                </Word>
                <Word id="r2l27_w2" custom="readingOrder {index:1;}">
                    <Coords points="2281,1795 2281,1855 2411,1855 2411,1795"/>
                    <TextEquiv>
                        <Unicode>under</Unicode>
                    </TextEquiv>
                </Word>
                <Word id="r2l27_w3" custom="readingOrder {index:2;}">
                    <Coords points="2434,1788 2434,1848 2493,1848 2493,1788"/>
                    <TextEquiv>
                        <Unicode>sey</Unicode>
                    </TextEquiv>
                </Word>
                <Word id="r2l27_w4" custom="readingOrder {index:3;}">
                    <Coords points="2529,1781 2529,1841 2659,1841 2659,1781"/>
                    <TextEquiv>
                        <Unicode>jahren</Unicode>
                    </TextEquiv>
                </Word>
                <Word id="r2l27_w5" custom="readingOrder {index:4;}">
                    <Coords points="2682,1775 2682,1835 2764,1835 2764,1775"/>
                    <TextEquiv>
                        <Unicode>weg</Unicode>
                    </TextEquiv>
                </Word>
                <Word id="r2l27_w6" custom="readingOrder {index:5;}">
                    <Coords points="2812,1769 2812,1829 2847,1829 2847,1769"/>
                    <TextEquiv>
                        <Unicode>zu</Unicode>
                    </TextEquiv>
                </Word>
                <Word id="r2l27_w7" custom="readingOrder {index:6;}">
                    <Coords points="2894,1760 2894,1820 3035,1820 3035,1760"/>
                    <TextEquiv>
                        <Unicode>zeuchen</Unicode>
                    </TextEquiv>
                </Word>
                <Word id="r2l27_w8" custom="readingOrder {index:7;}">
                    <Coords points="3058,1753 3058,1813 3176,1813 3176,1753"/>
                    <TextEquiv>
                        <Unicode>udein</Unicode>
                    </TextEquiv>
                </Word>
                <Word id="r2l27_w9" custom="readingOrder {index:8;}">
                    <Coords points="3188,1747 3188,1807 3283,1807 3283,1747"/>
                    <TextEquiv>
                        <Unicode>gnädigen</Unicode>
                    </TextEquiv>
                </Word>
                <Word id="r2l27_w10" custom="readingOrder {index:9;}">
                    <Coords points="3294,1745 3294,1805 3378,1805 3378,1745"/>
                    <TextEquiv>
                        <Unicode>Herr</Unicode>
                    </TextEquiv>
                </Word>
                <TextEquiv>
                    <Unicode>Jahrig under sey jahren weg zu zeuchen udein gnädigen Herr</Unicode>
                </TextEquiv>
            </TextLine>
            <TextLine id="r2l28" custom="readingOrder {index:27;}">
                <Coords points="2073,1986 2757,1895 2986,1947 3283,1894 3317,1820 3180,1818 3129,1865 2850,1830 2761,1875 2700,1832 2473,1899 2379,1852 2069,1917"/>
                <Baseline points="2078,1953 2139,1947 2201,1940 2263,1935 2324,1929 2386,1925 2448,1920 2509,1916 2571,1912 2633,1908 2695,1905 2756,1902 2818,1899 2880,1897 2941,1895 3003,1892 3065,1889 3126,1887 3188,1884 3250,1882 3312,1880"/>
                <Word id="r2l28_w1" custom="readingOrder {index:0;}">
                    <Coords points="2102,1901 2102,1961 2279,1961 2279,1901"/>
                    <TextEquiv>
                        <Unicode>darüber</Unicode>
                    </TextEquiv>
                </Word>
                <Word id="r2l28_w2" custom="readingOrder {index:1;}">
                    <Coords points="2323,1882 2323,1942 2500,1942 2500,1882"/>
                    <TextEquiv>
                        <Unicode>unseren</Unicode>
                    </TextEquiv>
                </Word>
                <Word id="r2l28_w3" custom="readingOrder {index:2;}">
                    <Coords points="2533,1867 2533,1927 2754,1927 2754,1867"/>
                    <TextEquiv>
                        <Unicode>gedanken</Unicode>
                    </TextEquiv>
                </Word>
                <Word id="r2l28_w4" custom="readingOrder {index:3;}">
                    <Coords points="2776,1857 2776,1917 2964,1917 2964,1857"/>
                    <TextEquiv>
                        <Unicode>wallten</Unicode>
                    </TextEquiv>
                </Word>
                <Word id="r2l28_w5" custom="readingOrder {index:4;}">
                    <Coords points="2975,1849 2975,1909 3130,1909 3130,1849"/>
                    <TextEquiv>
                        <Unicode>laßen,</Unicode>
                    </TextEquiv>
                </Word>
                <Word id="r2l28_w6" custom="readingOrder {index:5;}">
                    <Coords points="3152,1842 3152,1902 3306,1902 3306,1842"/>
                    <TextEquiv>
                        <Unicode>habend</Unicode>
                    </TextEquiv>
                </Word>
                <TextEquiv>
                    <Unicode>darüber unseren gedanken wallten laßen, habend</Unicode>
                </TextEquiv>
            </TextLine>
            <TextLine id="r2l29" custom="readingOrder {index:28;}">
                <Coords points="2755,1929 2766,1928 2775,1922 2779,1923 2780,1925 2790,1925 2790,1903 2780,1903 2777,1900 2771,1903 2766,1898 2763,1901 2755,1901"/>
                <Baseline points="2763,1937 2781,1937"/>
                <TextEquiv>
                    <Unicode></Unicode>
                </TextEquiv>
            </TextLine>
            <TextLine id="r2l30" custom="readingOrder {index:29;}">
                <Coords points="2810,1972 2820,1972 2828,1976 2834,1970 2843,1970 2838,1905 2827,1906 2823,1911 2815,1915 2806,1916"/>
                <Baseline points="2816,1944 2834,1943"/>
                <TextEquiv>
                    <Unicode></Unicode>
                </TextEquiv>
            </TextLine>
            <TextLine id="r2l31" custom="readingOrder {index:30;}">
                <Coords points="2628,1982 2636,1981 2641,1973 2651,1975 2666,1961 2699,1967 2730,1952 2722,1908 2711,1914 2705,1910 2701,1915 2679,1906 2670,1913 2654,1910 2646,1912 2635,1928 2620,1932"/>
                <Baseline points="2633,1961 2662,1944 2691,1943 2720,1943"/>
                <Word id="r2l31_w1" custom="readingOrder {index:0;}">
                    <Coords points="2628,1903 2628,1963 2712,1963 2712,1903"/>
                    <TextEquiv>
                        <Unicode>eih</Unicode>
                    </TextEquiv>
                </Word>
                <TextEquiv>
                    <Unicode>eih</Unicode>
                </TextEquiv>
            </TextLine>
            <TextLine id="r2l32" custom="readingOrder {index:31;}">
                <Coords points="2092,2067 2600,2052 2728,1999 2852,2051 2987,1985 3127,2036 3301,1960 3269,1889 2981,1951 2906,1904 2840,1965 2541,1979 2403,1930 2088,1984"/>
                <Baseline points="2099,2033 2158,2027 2218,2022 2278,2018 2338,2013 2397,2010 2457,2005 2517,2002 2577,1999 2636,1995 2696,1992 2756,1989 2816,1986 2875,1983 2935,1980 2995,1977 3055,1976 3114,1973 3174,1970 3234,1967 3294,1965"/>
                <Word id="r2l32_w1" custom="readingOrder {index:0;}">
                    <Coords points="2091,1984 2091,2044 2285,2044 2285,1984"/>
                    <TextEquiv>
                        <Unicode>Megde</Unicode>
                    </TextEquiv>
                </Word>
                <Word id="r2l32_w2" custom="readingOrder {index:1;}">
                    <Coords points="2312,1968 2312,2028 2519,2028 2519,1968"/>
                    <TextEquiv>
                        <Unicode>erfunden</Unicode>
                    </TextEquiv>
                </Word>
                <Word id="r2l32_w3" custom="readingOrder {index:2;}">
                    <Coords points="2533,1959 2533,2019 2617,2019 2617,1959"/>
                    <TextEquiv>
                        <Unicode>und</Unicode>
                    </TextEquiv>
                </Word>
                <Word id="r2l32_w4" custom="readingOrder {index:3;}">
                    <Coords points="2644,1949 2644,2009 2838,2009 2838,1949"/>
                    <TextEquiv>
                        <Unicode>Ernent,</Unicode>
                    </TextEquiv>
                </Word>
                <Word id="r2l32_w5" custom="readingOrder {index:4;}">
                    <Coords points="2853,1941 2853,2001 2977,2001 2977,1941"/>
                    <TextEquiv>
                        <Unicode>daß,</Unicode>
                    </TextEquiv>
                </Word>
                <Word id="r2l32_w6" custom="readingOrder {index:5;}">
                    <Coords points="2990,1935 2990,1995 3143,1995 3143,1935"/>
                    <TextEquiv>
                        <Unicode>weillen</Unicode>
                    </TextEquiv>
                </Word>
                <Word id="r2l32_w7" custom="readingOrder {index:6;}">
                    <Coords points="3172,1927 3172,1987 3268,1987 3268,1927"/>
                    <TextEquiv>
                        <Unicode>Ifel</Unicode>
                    </TextEquiv>
                </Word>
                <TextEquiv>
                    <Unicode>Megde erfunden und Ernent, daß, weillen Ifel</Unicode>
                </TextEquiv>
            </TextLine>
            <TextLine id="r2l33" custom="readingOrder {index:32;}">
                <Coords points="2111,2147 2706,2128 2960,2058 3315,2073 3310,1996 3077,1971 2885,2052 2745,1999 2450,2080 2231,2043 2107,2081"/>
                <Baseline points="2117,2118 2176,2115 2235,2112 2295,2108 2354,2105 2414,2101 2473,2097 2532,2093 2592,2090 2651,2087 2711,2082 2770,2078 2829,2074 2889,2071 2948,2067 3008,2063 3067,2058 3126,2054 3186,2051 3245,2046 3305,2042"/>
                <Word id="r2l33_w1" custom="readingOrder {index:0;}">
                    <Coords points="2120,2074 2120,2134 2251,2134 2251,2074"/>
                    <TextEquiv>
                        <Unicode>heibes</Unicode>
                    </TextEquiv>
                </Word>
                <Word id="r2l33_w2" custom="readingOrder {index:1;}">
                    <Coords points="2287,2065 2287,2125 2406,2125 2406,2065"/>
                    <TextEquiv>
                        <Unicode>anoch</Unicode>
                    </TextEquiv>
                </Word>
                <Word id="r2l33_w3" custom="readingOrder {index:2;}">
                    <Coords points="2430,2055 2430,2115 2573,2115 2573,2055"/>
                    <TextEquiv>
                        <Unicode>under</Unicode>
                    </TextEquiv>
                </Word>
                <Word id="r2l33_w4" custom="readingOrder {index:3;}">
                    <Coords points="2608,2047 2608,2107 2668,2107 2668,2047"/>
                    <TextEquiv>
                        <Unicode>den</Unicode>
                    </TextEquiv>
                </Word>
                <Word id="r2l33_w5" custom="readingOrder {index:4;}">
                    <Coords points="2704,2037 2704,2097 2859,2097 2859,2037"/>
                    <TextEquiv>
                        <Unicode>Jahren,</Unicode>
                    </TextEquiv>
                </Word>
                <Word id="r2l33_w6" custom="readingOrder {index:5;}">
                    <Coords points="2882,2029 2882,2089 2943,2089 2943,2029"/>
                    <TextEquiv>
                        <Unicode>die</Unicode>
                    </TextEquiv>
                </Word>
                <Word id="r2l33_w7" custom="readingOrder {index:6;}">
                    <Coords points="2978,2016 2978,2076 3205,2076 3205,2016"/>
                    <TextEquiv>
                        <Unicode>Ordnung</Unicode>
                    </TextEquiv>
                </Word>
                <Word id="r2l33_w8" custom="readingOrder {index:7;}">
                    <Coords points="3229,2005 3229,2065 3288,2065 3288,2005"/>
                    <TextEquiv>
                        <Unicode>von</Unicode>
                    </TextEquiv>
                </Word>
                <TextEquiv>
                    <Unicode>heibes anoch under den Jahren, die Ordnung von</Unicode>
                </TextEquiv>
            </TextLine>
            <TextLine id="r2l34" custom="readingOrder {index:33;}">
                <Coords points="2104,2221 3158,2140 3229,2186 3367,2141 3364,2089 2888,2070 2648,2157 2422,2119 2330,2165 2222,2113 2101,2179"/>
                <Baseline points="2112,2216 2174,2212 2236,2208 2299,2204 2361,2200 2423,2195 2486,2190 2548,2185 2610,2181 2673,2176 2735,2171 2797,2166 2860,2161 2922,2157 2984,2152 3047,2148 3109,2144 3171,2140 3234,2136 3296,2133 3359,2132"/>
                <Word id="r2l34_w1" custom="readingOrder {index:0;}">
                    <Coords points="2112,2173 2112,2233 2178,2233 2178,2173"/>
                    <TextEquiv>
                        <Unicode>Ao</Unicode>
                    </TextEquiv>
                </Word>
                <Word id="r2l34_w2" custom="readingOrder {index:1;}">
                    <Coords points="2223,2164 2223,2224 2356,2224 2356,2164"/>
                    <TextEquiv>
                        <Unicode>1773.</Unicode>
                    </TextEquiv>
                </Word>
                <Word id="r2l34_w3" custom="readingOrder {index:2;}">
                    <Coords points="2377,2153 2377,2213 2500,2213 2500,2153"/>
                    <TextEquiv>
                        <Unicode>klahr</Unicode>
                    </TextEquiv>
                </Word>
                <Word id="r2l34_w4" custom="readingOrder {index:3;}">
                    <Coords points="2533,2142 2533,2202 2655,2202 2655,2142"/>
                    <TextEquiv>
                        <Unicode>rede,</Unicode>
                    </TextEquiv>
                </Word>
                <Word id="r2l34_w5" custom="readingOrder {index:4;}">
                    <Coords points="2677,2132 2677,2192 2766,2192 2766,2132"/>
                    <TextEquiv>
                        <Unicode>und</Unicode>
                    </TextEquiv>
                </Word>
                <Word id="r2l34_w6" custom="readingOrder {index:5;}">
                    <Coords points="2789,2124 2789,2184 2844,2184 2844,2124"/>
                    <TextEquiv>
                        <Unicode>den</Unicode>
                    </TextEquiv>
                </Word>
                <Word id="r2l34_w7" custom="readingOrder {index:6;}">
                    <Coords points="2889,2113 2889,2173 3054,2173 3054,2113"/>
                    <TextEquiv>
                        <Unicode>Elteren</Unicode>
                    </TextEquiv>
                </Word>
                <Word id="r2l34_w8" custom="readingOrder {index:7;}">
                    <Coords points="3076,2103 3076,2163 3143,2163 3143,2103"/>
                    <TextEquiv>
                        <Unicode>das</Unicode>
                    </TextEquiv>
                </Word>
                <Word id="r2l34_w9" custom="readingOrder {index:8;}">
                    <Coords points="3176,2093 3176,2153 3377,2153 3377,2093"/>
                    <TextEquiv>
                        <Unicode>beneficium</Unicode>
                    </TextEquiv>
                </Word>
                <TextEquiv>
                    <Unicode>Ao 1773. klahr rede, und den Elteren das beneficium</Unicode>
                </TextEquiv>
            </TextLine>
            <TextLine id="r2l35" custom="readingOrder {index:34;}">
                <Coords points="2118,2328 3336,2255 3331,2172 3221,2206 3124,2156 2862,2231 2616,2193 2114,2252"/>
                <Baseline points="2124,2298 2184,2294 2244,2289 2304,2285 2364,2280 2424,2277 2484,2274 2544,2270 2604,2265 2664,2262 2725,2259 2785,2256 2845,2253 2905,2249 2965,2246 3025,2242 3085,2238 3145,2234 3205,2231 3265,2226 3326,2223"/>
                <Word id="r2l35_w1" custom="readingOrder {index:0;}">
                    <Coords points="2115,2255 2115,2315 2194,2315 2194,2255"/>
                    <TextEquiv>
                        <Unicode>ihre</Unicode>
                    </TextEquiv>
                </Word>
                <Word id="r2l35_w2" custom="readingOrder {index:1;}">
                    <Coords points="2241,2236 2241,2296 2609,2296 2609,2236"/>
                    <TextEquiv>
                        <Unicode>minderjährige</Unicode>
                    </TextEquiv>
                </Word>
                <Word id="r2l35_w3" custom="readingOrder {index:2;}">
                    <Coords points="2643,2219 2643,2279 2793,2279 2793,2219"/>
                    <TextEquiv>
                        <Unicode>Kindes</Unicode>
                    </TextEquiv>
                </Word>
                <Word id="r2l35_w4" custom="readingOrder {index:3;}">
                    <Coords points="2839,2208 2839,2268 2976,2268 2976,2208"/>
                    <TextEquiv>
                        <Unicode>under</Unicode>
                    </TextEquiv>
                </Word>
                <Word id="r2l35_w5" custom="readingOrder {index:4;}">
                    <Coords points="2999,2201 2999,2261 3069,2261 3069,2201"/>
                    <TextEquiv>
                        <Unicode>den</Unicode>
                    </TextEquiv>
                </Word>
                <Word id="r2l35_w6" custom="readingOrder {index:5;}">
                    <Coords points="3091,2193 3091,2253 3229,2253 3229,2193"/>
                    <TextEquiv>
                        <Unicode>Jahren</Unicode>
                    </TextEquiv>
                </Word>
                <Word id="r2l35_w7" custom="readingOrder {index:6;}">
                    <Coords points="3265,2185 3265,2245 3299,2245 3299,2185"/>
                    <TextEquiv>
                        <Unicode>zu</Unicode>
                    </TextEquiv>
                </Word>
                <TextEquiv>
                    <Unicode>ihre minderjährige Kindes under den Jahren zu</Unicode>
                </TextEquiv>
            </TextLine>
            <TextLine id="r2l36" custom="readingOrder {index:35;}">
                <Coords points="2115,2422 2330,2371 2639,2415 3013,2336 3188,2384 3365,2323 3362,2274 3223,2240 3088,2309 2984,2260 2859,2316 2541,2283 2457,2341 2343,2296 2110,2335"/>
                <Baseline points="2120,2379 2181,2378 2243,2375 2305,2373 2367,2370 2429,2368 2490,2365 2552,2361 2614,2358 2676,2355 2738,2352 2799,2348 2861,2345 2923,2341 2985,2339 3047,2334 3108,2331 3170,2328 3232,2325 3294,2321 3356,2319"/>
                <Word id="r2l36_w1" custom="readingOrder {index:0;}">
                    <Coords points="2124,2336 2124,2396 2285,2396 2285,2336"/>
                    <TextEquiv>
                        <Unicode>zeuchen</Unicode>
                    </TextEquiv>
                </Word>
                <Word id="r2l36_w2" custom="readingOrder {index:1;}">
                    <Coords points="2322,2323 2322,2383 2693,2383 2693,2323"/>
                    <TextEquiv>
                        <Unicode>uncontentierlich</Unicode>
                    </TextEquiv>
                </Word>
                <Word id="r2l36_w3" custom="readingOrder {index:2;}">
                    <Coords points="2717,2309 2717,2369 2841,2369 2841,2309"/>
                    <TextEquiv>
                        <Unicode>geben,</Unicode>
                    </TextEquiv>
                </Word>
                <Word id="r2l36_w4" custom="readingOrder {index:3;}">
                    <Coords points="2866,2303 2866,2363 2904,2363 2904,2303"/>
                    <TextEquiv>
                        <Unicode>Er</Unicode>
                    </TextEquiv>
                </Word>
                <Word id="r2l36_w5" custom="readingOrder {index:4;}">
                    <Coords points="2929,2299 2929,2359 3014,2359 3014,2299"/>
                    <TextEquiv>
                        <Unicode>dann</Unicode>
                    </TextEquiv>
                </Word>
                <Word id="r2l36_w6" custom="readingOrder {index:5;}">
                    <Coords points="3039,2292 3039,2352 3126,2352 3126,2292"/>
                    <TextEquiv>
                        <Unicode>auf</Unicode>
                    </TextEquiv>
                </Word>
                <Word id="r2l36_w7" custom="readingOrder {index:6;}">
                    <Coords points="3151,2287 3151,2347 3212,2347 3212,2287"/>
                    <TextEquiv>
                        <Unicode>das</Unicode>
                    </TextEquiv>
                </Word>
                <Word id="r2l36_w8" custom="readingOrder {index:7;}">
                    <Coords points="3238,2280 3238,2340 3375,2340 3375,2280"/>
                    <TextEquiv>
                        <Unicode>Zuge¬</Unicode>
                    </TextEquiv>
                </Word>
                <TextEquiv>
                    <Unicode>zeuchen uncontentierlich geben, Er dann auf das Zuge¬</Unicode>
                </TextEquiv>
            </TextLine>
            <TextLine id="r2l37" custom="readingOrder {index:36;}">
                <Coords points="2104,2512 2230,2465 2322,2517 2531,2454 2935,2462 3027,2417 3173,2468 3367,2409 3364,2359 3250,2336 3189,2382 3025,2343 2793,2405 2485,2373 2101,2434"/>
                <Baseline points="2111,2471 2173,2468 2235,2464 2298,2461 2360,2457 2423,2454 2485,2450 2547,2447 2610,2442 2672,2439 2735,2436 2797,2433 2859,2430 2922,2427 2984,2424 3047,2421 3109,2418 3171,2416 3234,2414 3296,2412 3359,2411"/>
                <Word id="r2l37_w1" custom="readingOrder {index:0;}">
                    <Coords points="2114,2428 2114,2488 2222,2488 2222,2428"/>
                    <TextEquiv>
                        <Unicode>recht</Unicode>
                    </TextEquiv>
                </Word>
                <Word id="r2l37_w2" custom="readingOrder {index:1;}">
                    <Coords points="2258,2417 2258,2477 2438,2477 2438,2417"/>
                    <TextEquiv>
                        <Unicode>tringe,</Unicode>
                    </TextEquiv>
                </Word>
                <Word id="r2l37_w3" custom="readingOrder {index:2;}">
                    <Coords points="2475,2407 2475,2467 2595,2467 2595,2407"/>
                    <TextEquiv>
                        <Unicode>ihme</Unicode>
                    </TextEquiv>
                </Word>
                <Word id="r2l37_w4" custom="readingOrder {index:3;}">
                    <Coords points="2618,2398 2618,2458 2739,2458 2739,2398"/>
                    <TextEquiv>
                        <Unicode>solches</Unicode>
                    </TextEquiv>
                </Word>
                <Word id="r2l37_w5" custom="readingOrder {index:4;}">
                    <Coords points="2775,2389 2775,2449 2979,2449 2979,2389"/>
                    <TextEquiv>
                        <Unicode>erteilt,</Unicode>
                    </TextEquiv>
                </Word>
                <Word id="r2l37_w6" custom="readingOrder {index:5;}">
                    <Coords points="3003,2379 3003,2439 3159,2439 3159,2379"/>
                    <TextEquiv>
                        <Unicode>diesere</Unicode>
                    </TextEquiv>
                </Word>
                <Word id="r2l37_w7" custom="readingOrder {index:6;}">
                    <Coords points="3196,2372 3196,2432 3377,2432 3377,2372"/>
                    <TextEquiv>
                        <Unicode>Ehevor¬</Unicode>
                    </TextEquiv>
                </Word>
                <TextEquiv>
                    <Unicode>recht tringe, ihme solches erteilt, diesere Ehevor¬</Unicode>
                </TextEquiv>
            </TextLine>
            <TextLine id="r2l38" custom="readingOrder {index:37;}">
                <Coords points="2112,2614 2358,2551 2497,2594 2677,2539 2860,2582 3171,2510 3283,2536 3353,2523 3349,2447 3017,2425 2757,2505 2656,2450 2367,2527 2201,2468 2108,2534"/>
                <Baseline points="2117,2564 2178,2561 2239,2556 2301,2553 2362,2550 2423,2546 2485,2541 2546,2538 2607,2535 2669,2531 2730,2528 2791,2525 2853,2522 2914,2519 2975,2516 3037,2513 3098,2511 3159,2508 3221,2505 3282,2504 3344,2501"/>
                <Word id="r2l38_w1" custom="readingOrder {index:0;}">
                    <Coords points="2110,2517 2110,2577 2337,2577 2337,2517"/>
                    <TextEquiv>
                        <Unicode>sprechung</Unicode>
                    </TextEquiv>
                </Word>
                <Word id="r2l38_w2" custom="readingOrder {index:1;}">
                    <Coords points="2375,2500 2375,2560 2627,2560 2627,2500"/>
                    <TextEquiv>
                        <Unicode>aufgehoben</Unicode>
                    </TextEquiv>
                </Word>
                <Word id="r2l38_w3" custom="readingOrder {index:2;}">
                    <Coords points="2641,2489 2641,2549 2767,2549 2767,2489"/>
                    <TextEquiv>
                        <Unicode>sein,</Unicode>
                    </TextEquiv>
                </Word>
                <Word id="r2l38_w4" custom="readingOrder {index:3;}">
                    <Coords points="2804,2482 2804,2542 2881,2542 2881,2482"/>
                    <TextEquiv>
                        <Unicode>und</Unicode>
                    </TextEquiv>
                </Word>
                <Word id="r2l38_w5" custom="readingOrder {index:4;}">
                    <Coords points="2919,2476 2919,2536 3008,2536 3008,2476"/>
                    <TextEquiv>
                        <Unicode>jfrl</Unicode>
                    </TextEquiv>
                </Word>
                <Word id="r2l38_w6" custom="readingOrder {index:5;}">
                    <Coords points="3046,2470 3046,2530 3159,2530 3159,2470"/>
                    <TextEquiv>
                        <Unicode>habex</Unicode>
                    </TextEquiv>
                </Word>
                <Word id="r2l38_w7" custom="readingOrder {index:6;}">
                    <Coords points="3185,2465 3185,2525 3248,2525 3248,2465"/>
                    <TextEquiv>
                        <Unicode>sich</Unicode>
                    </TextEquiv>
                </Word>
                <Word id="r2l38_w8" custom="readingOrder {index:7;}">
                    <Coords points="3273,2462 3273,2522 3336,2522 3336,2462"/>
                    <TextEquiv>
                        <Unicode>von</Unicode>
                    </TextEquiv>
                </Word>
                <TextEquiv>
                    <Unicode>sprechung aufgehoben sein, und jfrl habex sich von</Unicode>
                </TextEquiv>
            </TextLine>
            <TextLine id="r2l39" custom="readingOrder {index:38;}">
                <Coords points="2122,2691 2665,2628 2753,2680 2861,2613 2915,2644 3037,2601 3292,2642 3392,2612 3389,2559 3171,2511 2962,2580 2648,2547 2563,2605 2448,2565 2118,2621"/>
                <Baseline points="2127,2646 2189,2645 2252,2643 2315,2641 2378,2638 2441,2634 2503,2631 2566,2628 2629,2625 2692,2620 2755,2616 2817,2613 2880,2610 2943,2606 3006,2602 3069,2600 3131,2597 3194,2595 3257,2593 3320,2592 3383,2591"/>
                <Word id="r2l39_w1" custom="readingOrder {index:0;}">
                    <Coords points="2130,2605 2130,2665 2198,2665 2198,2605"/>
                    <TextEquiv>
                        <Unicode>nin</Unicode>
                    </TextEquiv>
                </Word>
                <Word id="r2l39_w2" custom="readingOrder {index:1;}">
                    <Coords points="2245,2602 2245,2662 2301,2662 2301,2602"/>
                    <TextEquiv>
                        <Unicode>an</Unicode>
                    </TextEquiv>
                </Word>
                <Word id="r2l39_w3" custom="readingOrder {index:2;}">
                    <Coords points="2348,2598 2348,2658 2393,2658 2393,2598"/>
                    <TextEquiv>
                        <Unicode>zu</Unicode>
                    </TextEquiv>
                </Word>
                <Word id="r2l39_w4" custom="readingOrder {index:3;}">
                    <Coords points="2439,2591 2439,2651 2554,2651 2554,2591"/>
                    <TextEquiv>
                        <Unicode>ihrem</Unicode>
                    </TextEquiv>
                </Word>
                <Word id="r2l39_w5" custom="readingOrder {index:4;}">
                    <Coords points="2599,2582 2599,2642 2725,2642 2725,2582"/>
                    <TextEquiv>
                        <Unicode>vatter</Unicode>
                    </TextEquiv>
                </Word>
                <Word id="r2l39_w6" custom="readingOrder {index:5;}">
                    <Coords points="2760,2571 2760,2631 2954,2631 2954,2571"/>
                    <TextEquiv>
                        <Unicode>begeben,</Unicode>
                    </TextEquiv>
                </Word>
                <Word id="r2l39_w7" custom="readingOrder {index:6;}">
                    <Coords points="2978,2560 2978,2620 3103,2620 3103,2560"/>
                    <TextEquiv>
                        <Unicode>beiden</Unicode>
                    </TextEquiv>
                </Word>
                <Word id="r2l39_w8" custom="readingOrder {index:7;}">
                    <Coords points="3126,2554 3126,2614 3286,2614 3286,2554"/>
                    <TextEquiv>
                        <Unicode>verlobt</Unicode>
                    </TextEquiv>
                </Word>
                <Word id="r2l39_w9" custom="readingOrder {index:8;}">
                    <Coords points="3332,2551 3332,2611 3402,2611 3402,2551"/>
                    <TextEquiv>
                        <Unicode>ge¬</Unicode>
                    </TextEquiv>
                </Word>
                <TextEquiv>
                    <Unicode>nin an zu ihrem vatter begeben, beiden verlobt ge¬</Unicode>
                </TextEquiv>
            </TextLine>
            <TextEquiv>
                <Unicode></Unicode>
            </TextEquiv>
        </TextRegion>
    </Page>
</PcGts>
