4032 3024
299 217 382 277 120

279 975 423 1035 Herbep
465 971 567 1031 frl.

272 1070 431 1130 Daflon
458 1061 552 1121 H.

261 1649 377 1709 Serch
405 1642 534 1702 Maria

251 1744 454 1804 Netbeiler
487 1741 576 1801 Heinei

246 2003 415 2063 Ferand
432 1994 583 2054 Aamon

629 231 875 291 gebesennen
914 226 1005 286 aber
1031 226 1097 286 beß
1161 231 1381 291 außtrage
1407 250 1578 310 handels
1616 273 1680 333 her

609 321 850 381 mehgen
897 316 1091 376 verbte
1164 317 1211 377 en
1258 323 1378 383 le
1452 337 1499 397 he
1549 365 1743 425 hsaen

611 406 888 466 gegangene
924 394 1189 454 sambtliche
1248 398 1393 458 eosten
1428 415 1646 475 Ebeschten
1657 432 1693 492 de

603 493 847 553 Pörthogen
878 481 1236 541 Wettschlagend
1299 483 1398 543 Gni
1414 491 1592 551 ienhden
1624 506 1705 566 ethe

598 586 672 646 sen
733 579 988 639 Prethegen
1017 572 1226 632 eröffnet
1272 577 1451 637 worden,
1466 589 1556 649 hat
1586 602 1630 662 er.
1647 617 1735 677 Sad

622 673 754 733 chand
780 670 900 730 solche
928 665 993 725 vor
1034 661 1100 721 Ihr
1126 658 1260 718 Aonl.
1273 658 1325 718 zu
1393 667 1671 727 Securriren

618 763 821 823 begehrt,
852 757 898 817 So
930 752 1070 812 Ihme
1101 747 1194 807 auch
1210 745 1461 805 bewilliget
1491 757 1649 817 beden.

621 915 695 975 Als
724 904 975 964 vorgesetzte
1004 899 1152 959 urthel
1180 901 1474 961 außgefellt
1489 906 1563 966 und
1592 914 1785 974 Recurist

609 993 787 1053 borden,
810 987 911 1047 hatt
933 982 1023 1042 herrn
1034 979 1146 1039 erber
1203 977 1415 1037 klägdten
1437 981 1505 1041 von
1527 987 1650 1047 seiner
1672 1000 1786 1060 Ehefel¬

618 1072 724 1132 bider
750 1068 829 1128 Herr
870 1063 1001 1123 Pruoflon
1067 1058 1226 1118 ablesen
1239 1058 1398 1118 laßen,
1424 1060 1490 1120 von
1516 1063 1649 1123 welches
1662 1069 1701 1129 Her

591 1157 753 1217 Daflon
790 1147 1090 1207 communication
1127 1141 1339 1201 begehrt,
1376 1138 1439 1198 die
1463 1138 1564 1198 Ihrer
1589 1139 1715 1199 eech¬

616 1232 888 1292 Auordiert,
912 1226 1160 1286 Partheyen
1208 1220 1295 1280 aber
1331 1218 1430 1278 auls
1456 1216 1728 1276 Undergricht

614 1322 693 1382 ihre
727 1318 919 1378 klägdten
954 1314 999 1374 so
1032 1312 1089 1372 sie
1123 1309 1226 1369 veren
1259 1306 1305 1366 zu
1350 1303 1463 1363 haben
1487 1301 1724 1361 vermeinten

601 1411 753 1471 sorten
780 1405 821 1465 zu
862 1397 1097 1457 fiehren,
1124 1393 1179 1453 den
1192 1389 1385 1449 Abspruch
1412 1385 1469 1445 der
1482 1381 1634 1441 Kbsten
1648 1376 1716 1436 biß

598 1504 705 1564 dahs
737 1478 1107 1538 betschlagend.

616 1593 787 1653 Sringt
823 1585 872 1645 sie
921 1578 1031 1638 wehe
1068 1570 1227 1630 mutter
1277 1564 1326 1624 an
1386 1562 1521 1622 Maria
1558 1566 1731 1626 Sterh.

617 1673 699 1733 von
731 1664 944 1724 Oberburg
978 1655 1077 1715 seye
1093 1650 1159 1710 den
1175 1645 1273 1705 14ten
1289 1642 1388 1702 obri
1422 1637 1569 1697 binds
1603 1636 1752 1696 gewesen

620 1747 697 1807 und
736 1738 971 1798 beständig
1009 1729 1086 1789 auf
1140 1721 1283 1781 Johann
1308 1715 1477 1775 Heinrich
1503 1713 1710 1773 Leübeihe

616 1821 681 1881 als
708 1816 850 1876 Vater
877 1808 1007 1868 deßen
1046 1798 1255 1858 Rharret

613 1935 823 1995 Losanen
862 1927 994 1987 Cons.
1019 1918 1242 1978 Weillen
1282 1912 1374 1972 Ane
1426 1905 1556 1965 Marie
1597 1896 1727 1956 Genand

635 2014 873 2074 rapitanti
911 2007 962 2067 zu
1024 2003 1100 2063 cien
1175 1998 1302 2058 einen
1339 1989 1579 2049 fremben
1603 1979 1679 2039 zum

573 2026 650 2086 res.

609 2100 757 2160 Vatter
788 2092 894 2152 ihres
936 2080 1252 2140 verstorbenen
1283 2069 1453 2129 Kindts
1495 2062 1726 2122 enamset;

617 2185 781 2245 habend
818 2174 920 2234 wir
945 2165 1146 2225 Erkent,
1173 2158 1248 2218 daß
1285 2149 1476 2209 selbige,
1501 2140 1602 2200 batt
1627 2133 1677 2193 sie

605 2272 720 2332 ihren
755 2258 928 2318 dienst
951 2248 1171 2308 geendet
1205 2242 1321 2302 haben,
1343 2234 1505 2294 wirdt,
1528 2224 1609 2284 enß
1643 2215 1700 2275 bey

621 2358 709 2418 Euch
752 2347 826 2407 zur
885 2334 1192 2394 abbueßung
1236 2323 1412 2383 gehalten
1441 2311 1588 2371 werden
1617 2294 1736 2354 solle.

3149 210 3228 270 121

2082 262 2360 322 Paterlingen
2384 248 2494 308 Cons:
2517 244 2687 304 Weillen
2711 244 2795 304 Jean
2831 245 2965 305 Louys
2989 248 3158 308 Savari
3194 254 3340 314 Ptro¬

2113 345 2349 405 zngehörige
2373 329 2410 389 e
2423 325 2486 385 Min
2498 319 2597 379 gnädigen
2609 316 2709 376 Herrn
2722 316 2871 376 gestechen
2896 316 3107 376 müeßen,
3131 315 3268 375 seiner

2109 429 2268 489 Elefrl.
2300 411 2428 471 Marie
2470 400 2598 460 Judict
2651 394 2907 454 Panchaud,
2928 392 3150 452 nachdeme
3183 388 3289 448 Ihre

1837 440 1996 500 soesten
2013 413 2077 473 bag

2113 515 2159 575 Ehr
2193 500 2286 560 mit
2321 487 2391 547 dem
2448 473 2611 533 Consis
2634 464 2912 524 begangener
2935 459 3132 519 Ehebruch
3156 455 3306 515 bekant

1818 558 1863 618 de
1977 508 2092 568 bon

2108 585 2277 645 borden,
2299 565 2446 625 Ehnlich
2477 551 2732 611 beygebohrt
2763 544 2794 604 zu
2837 540 2974 600 haben,
2995 535 3080 595 und
3101 527 3260 587 hiemit
3270 518 3324 578 die

1898 572 2022 632 Srdith.

2092 653 2407 713 Versuechnung
2453 624 2732 684 vorgangen;
2756 615 2814 675 So
2825 613 2907 673 habe
2919 610 2978 670 min
2989 607 3083 667 gnädigen
3094 603 3175 663 Herre
3199 600 3222 660 er

2090 747 2227 807 wider
2265 731 2319 791 sie
2366 711 2586 771 begährten
2624 693 2900 753 schiedigung
2945 683 3221 743 abgebiesen,
3239 683 3313 743 und

2100 821 2244 881 beyte
2278 804 2342 864 als
2358 792 2520 852 Ehnlich
2552 778 2778 838 zusahrten
2794 770 3006 830 bekret,
3038 768 3166 828 Weßer
3184 767 3232 827 sin
3248 767 3362 827 heit¬

2830 847 2892 907 1.

2091 905 2212 965 durch
2242 877 2589 937 benachrichtiget
2621 861 2816 921 werdent

2081 1034 2271 1094 Perten
2338 1019 2488 1079 Cons.
2515 1011 2665 1071 Marie
2705 1001 2882 1061 Buthon
2935 992 3030 1052 Ihre
3072 976 3329 1036 bngehörige

2122 1106 2316 1166 beklage
2370 1092 2435 1152 der
2467 1079 2814 1139 schwängerung
2846 1067 2933 1127 halb
2965 1062 3084 1122 eines
3105 1055 3320 1115 frembden

1831 1163 1963 1223 Dttan
1977 1139 2092 1199 Mari

2110 1188 2399 1248 abbesenden
2444 1171 2675 1231 scheeiner
2721 1161 2941 1221 gesellen,
2964 1155 3032 1215 dahe
3055 1153 3125 1213 Min
3136 1149 3229 1209 gnädigen
3240 1145 3320 1205 Herren
3332 1142 3355 1202 se

2111 1278 2257 1338 nacher
2297 1264 2511 1324 Pferten,
2524 1253 2644 1313 umb
2672 1247 2738 1307 sie
2764 1243 2819 1303 in
2858 1237 2952 1297 ihres
2978 1232 3166 1292 gemißet
3192 1231 3354 1291 nach¬

2104 1368 2173 1428 der
2214 1356 2339 1416 Ord.
2366 1346 2408 1406 de
2450 1339 2533 1399 Ao
2560 1331 2699 1391 1712.
2727 1322 3004 1382 Examiniern
3046 1318 3087 1378 zu
3114 1316 3308 1376 kömmen,

2114 1442 2352 1502 gewiesen,
2377 1427 2519 1487 deßen
2543 1417 2603 1477 sie
2638 1406 2841 1466 hierdurch
2866 1392 3164 1452 verständiget
3200 1387 3295 1447 und

2111 1525 2230 1585 anby
2277 1506 2551 1566 angefonen
2587 1494 2706 1554 werdnd
2718 1489 2789 1549 Mein
2802 1486 2896 1546 gnädigen
2908 1481 3003 1541 Herren
3015 1477 3099 1537 hres
3134 1471 3372 1531 genißtlich

2107 1608 2268 1668 aufag
2310 1590 2486 1650 Stricht
2526 1580 2567 1640 zu
2607 1577 2742 1637 laßen

2266 1729 2517 1789 Sonstags
2546 1718 2605 1778 den
2619 1714 2693 1774 6te
2722 1708 2869 1768 Nobro
2900 1701 3002 1761 1732

2480 1804 2741 1864 Statthalter

2334 1882 2553 1942 MeingdH
2565 1874 2634 1934 re
2658 1871 2680 1931 r
2715 1867 2727 1927 a
2773 1859 3004 1919 attenweill

2459 1937 2700 1997 Assessores

2085 2010 2271 2070 MengdgHer
2281 2006 2389 2066 Decaon
2428 2000 2525 2060 raths
2575 1992 2702 2052 Praf.
2721 1982 2897 2042 Späthig,
2917 1973 3044 2033 Piaf.
3064 1965 3211 2025 Müller,
3220 1961 3318 2021 Cent:

2104 2076 2286 2136 Morlott,
2306 2068 2428 2128 Major
2468 2058 2670 2118 Schmalz.
2680 2047 2792 2107 Dng.
2802 2040 2902 2100 Haller
2922 2031 3025 2091 Adv.

2125 2179 2230 2239 Maria
2261 2170 2492 2230 Magdalena
2524 2162 2713 2222 Hausfehler
2755 2157 2808 2217 so,
2818 2153 2955 2213 beillen
2976 2151 3018 2211 sie
3050 2148 3081 2208 im
3112 2144 3260 2204 verdacht
3281 2140 3345 2200 ge¬

1856 2178 1931 2238 Maria
1960 2191 2117 2251 Magdalenas

2113 2256 2208 2316 besen
2239 2249 2325 2309 mit
2357 2238 2645 2298 Maquerellieren
2666 2228 2752 2288 umb
2762 2225 2815 2285 zür
2836 2222 2975 2282 gethen,
2996 2218 3050 2278 ein
3082 2215 3198 2275 gesetzt
3221 2212 3360 2272 werden,

1910 2236 1973 2296 und

2113 2332 2269 2392 laugnet
2298 2323 2417 2383 solcheß
2456 2316 2525 2376 und
2554 2311 2642 2371 sagt
2671 2306 2779 2366 mann
2799 2302 2868 2362 iere
2897 2298 2956 2358 sich
2985 2296 3014 2356 an
3054 2293 3113 2353 der
3142 2290 3289 2350 Persehn
3309 2287 3348 2347 es

1859 2309 1920 2369 und
1936 2326 2120 2386 Hauchsehl¬

2099 2415 2226 2475 werde
2259 2407 2311 2467 die
2354 2400 2481 2460 Maria
2513 2388 2726 2448 Hausfihler
2747 2378 2822 2438 zei,
2843 2374 2884 2434 wie
2917 2370 2970 2430 bey
3001 2367 3044 2427 den
3065 2364 3182 2424 tochter
3204 2362 3385 2422 zrendern

2116 2489 2147 2549 in
2169 2491 2232 2551 Mr
2264 2484 2474 2544 Clapparedi
2496 2471 2591 2531 Hauß
2633 2461 2803 2521 diene.
