4032 3024
486 272 558 332 122

364 413 500 473 Hanes
515 394 560 454 er
574 389 665 449 krnet

367 1110 653 1170 bergehanchtred

392 1175 462 1235 sein
485 1169 566 1229 sohs

387 1417 454 1477 zum
506 1408 612 1468 Rath

401 1477 542 1537 Johanes

381 1603 491 1663 Ruthi
514 1591 624 1651 Maria

681 309 789 369 Ward
820 298 944 358 denne
991 286 1254 346 Kunnbrahle
1284 283 1362 343 von
1393 286 1486 346 r.
1501 299 1672 359 Cagdelen
1688 322 1751 382 de¬

678 389 786 449 Wirth
820 378 873 438 bey
917 371 961 431 der
1004 358 1276 418 Meubenbruts
1319 353 1450 413 beillen
1472 364 1689 424 vebereiten

673 473 696 533 zu
730 456 998 516 verschiedenen
1020 436 1160 496 mahlen
1183 429 1287 489 begen
1323 425 1566 485 überbiethens
1602 434 1670 494 vend

674 546 869 606 zulaßung
905 527 1040 587 gengen
1064 515 1137 575 und
1173 505 1332 565 tantzens
1356 500 1393 560 an
1429 502 1624 562 sontagen
1649 515 1723 575 ver¬

662 632 714 692 ser
740 620 833 680 hebe
861 610 900 670 zu
941 591 1234 651 Grembgarten
1260 581 1447 641 gestrafft
1473 588 1579 648 orden,
1593 599 1673 659 bege

659 698 903 758 begangener
931 679 1060 739 Excedis
1090 669 1119 729 an
1147 664 1234 724 letz
1262 656 1536 716 versteichenen
1579 666 1710 726 sontag

671 781 785 841 neben
797 769 962 829 scharpfer
987 755 1103 815 aenius
1128 747 1191 807 und
1216 739 1446 799 commination
1483 744 1739 804 angemeeßtegen

660 860 779 920 straff
815 847 886 907 mit
911 841 946 901 20
993 832 1065 892 lb.
1077 826 1136 886 buß
1185 816 1375 876 beleget,
1387 812 1494 872 deßen
1518 814 1649 874 Snach

669 926 910 986 Geumbgarten
936 910 1008 970 midt
1032 900 1215 960 verdeüten
1227 893 1299 953 bohl
1323 890 1384 950 auf
1408 889 1482 949 Ihne
1506 889 1530 949 zi
1566 889 1663 949 achte,
1675 891 1735 951 vnd

665 1014 696 1074 so
717 1010 748 1070 er
770 1006 800 1066 an
831 1000 884 1060 die
915 991 1061 1051 Recidit
1081 981 1175 1041 fallen
1186 975 1259 1035 wd
1280 971 1322 1031 in
1333 969 1415 1029 gnädigen
1427 968 1499 1028 Herre
1520 968 1583 1028 eßen
1603 971 1624 1031 zu
1656 977 1761 1037 bericht

688 1079 744 1139 vie
758 1078 814 1138 ser
843 1073 955 1133 Eyger
984 1065 1082 1125 krantz
1110 1058 1167 1118 und
1195 1053 1265 1113 sein
1294 1048 1364 1108 sohn
1392 1045 1421 1105 so
1449 1045 1561 1105 hörten
1590 1050 1718 1110 geget,

672 1156 799 1216 sollend
832 1154 853 1214 2
897 1149 1004 1209 mahl
1025 1144 1058 1204 24
1100 1138 1196 1198 stund
1229 1132 1294 1192 hier
1325 1125 1528 1185 eingesezt
1561 1125 1679 1185 werden

909 1202 999 1262 Seg:
1020 1195 1140 1255 Morell
1170 1190 1272 1250 Ado.

1599 1195 1729 1255 Johanneß

690 1295 861 1355 Obeschoßen
887 1286 980 1346 Cons:
1006 1280 1150 1340 Weillen
1176 1272 1267 1332 nicht
1280 1265 1478 1325 erfählet,
1504 1260 1556 1320 daß
1595 1258 1727 1318 Berthai

677 1371 751 1431 zum
787 1367 862 1427 Sach
898 1363 948 1423 Ihr
986 1354 1195 1414 angehörige
1220 1346 1282 1406 vor
1308 1340 1406 1400 Ihren
1430 1335 1468 1395 im
1505 1330 1690 1390 allmohen

687 1448 832 1508 erzogen,
854 1436 1009 1496 sonderen
1031 1429 1130 1489 nur,
1154 1425 1186 1485 do
1219 1421 1353 1481 seinem
1398 1415 1519 1475 Vatter
1553 1412 1709 1472 alleß¬

680 1518 941 1578 haußräthliche
971 1505 1102 1565 sambt
1123 1501 1173 1561 des
1192 1497 1354 1557 hinderen
1384 1492 1445 1552 Ao
1465 1489 1575 1549 1715.
1585 1482 1767 1542 verbrummen,

832 1552 912 1612 Mar

678 1595 786 1655 solchem
829 1588 862 1648 zu
916 1582 1068 1642 einacher
1100 1573 1210 1633 seiner
1242 1562 1447 1622 erquitung
1481 1553 1665 1613 Jährlichen
1675 1549 1739 1609 4.

669 1673 749 1733 Ihle
781 1663 983 1723 entrichtet
1015 1655 1157 1715 werden,
1177 1652 1207 1712 er
1239 1649 1443 1709 benebens
1473 1643 1533 1703 sich
1565 1635 1757 1695 erläuteret

667 1752 795 1812 daßer
816 1741 906 1801 sich,
926 1735 1015 1795 weib
1045 1732 1105 1792 und
1134 1729 1304 1789 kinder,
1323 1726 1353 1786 so
1362 1723 1452 1783 lang
1473 1719 1563 1779 ihme
1592 1712 1641 1772 der
1662 1704 1740 1764 lieben

676 1823 760 1883 gott
779 1814 928 1874 krafften
947 1810 1022 1870 und
1050 1803 1256 1863 gefundheit
1284 1797 1470 1857 verleichen
1489 1790 1639 1850 werde,
1657 1783 1732 1843 ohne

675 1895 760 1955 Ihren
784 1886 928 1946 entgelt
952 1880 989 1940 zu
1024 1877 1182 1937 erzeüchn
1206 1873 1277 1933 und
1302 1871 1338 1931 zu
1374 1864 1616 1924 verpflegen;
1640 1854 1675 1914 So

683 1970 753 2030 habend
771 1965 815 2025 ein
824 1963 895 2023 gnädigen
903 1961 973 2021 Herren
983 1960 1053 2020 nicht
1080 1958 1176 2018 sechen
1195 1956 1327 2016 können,
1344 1953 1398 2013 wie
1432 1947 1547 2007 seine
1582 1938 1653 1998 mit

681 2044 792 2104 Maria
825 2039 903 2099 Buth
948 2035 1169 2095 vorhabende
1202 2030 1269 2090 Ehe
1301 2029 1336 2089 zu
1390 2023 1667 2083 behinderen:

676 2123 837 2183 Wollend
859 2118 1054 2178 derohalben
1076 2116 1179 2176 beyde
1214 2114 1271 2174 als
1295 2113 1409 2173 Ehelich
1443 2110 1637 2170 zusahmen
1661 2105 1742 2165 ber¬

687 2201 782 2261 kent
805 2201 922 2261 haben,
943 2201 1008 2261 der
1040 2201 1254 2261 meinung
1296 2198 1447 2258 jedoch,
1457 2196 1531 2256 daß
1564 2194 1617 2254 sie
1661 2189 1713 2249 ger

684 2278 831 2338 bohnter
855 2278 978 2338 formb
1014 2281 1087 2341 nach
1111 2283 1333 2343 Verkundes
1357 2282 1504 2342 berden,
1528 2279 1603 2339 und
1627 2274 1663 2334 es

689 2360 883 2420 insonders
910 2365 1132 2425 angehalten
1159 2368 1200 2428 sin
1214 2370 1297 2430 solle
1310 2371 1366 2431 vor
1393 2368 1656 2428 bezeuchung
1685 2356 1726 2416 es

692 2440 755 2500 ehe
797 2440 871 2500 nach
903 2440 987 2500 woch
1009 2445 1188 2505 oberkeitl
1251 2450 1336 2510 ord,
1357 2452 1409 2512 das
1430 2452 1516 2512 ober
1547 2447 1622 2507 und
1643 2439 1737 2499 under

701 2509 803 2569 glaehr
825 2509 949 2569 stambt
971 2513 1027 2573 der
1051 2519 1197 2579 Montus
1219 2527 1332 2587 vorzu
1378 2533 1537 2593 weisen.

1825 326 1926 386 sehe
1986 287 2087 347 ader

1833 388 2066 448 geeachet

1834 698 1967 758 Setis
1984 672 2069 732 hans

1836 870 2085 930 Sesstlien

1839 1831 1970 1891 Ganthier
1992 1837 2080 1897 Jecare

1884 1886 2062 1946 françoise

1842 1960 1937 2020 Jubuis
1958 1961 2074 2021 Sammar

2091 267 2228 327 Madlen
2250 255 2389 315 Rähler
2423 248 2492 308 von
2526 245 2618 305 Chum
2652 244 2790 304 spricht
2813 244 2870 304 der
2904 245 2962 305 ehe
3007 247 3077 307 und
3099 249 3260 309 schwang

2107 341 2191 401 ung
2238 322 2345 382 halben
2370 316 2417 376 am
2478 309 2597 369 Jacob
2634 308 2825 368 Namman
2861 310 2945 370 auch
2969 311 3041 371 von
3053 311 3160 371 Alein
3197 310 3281 370 Per¬

2081 422 2150 482 such
2185 406 2244 466 bey
2278 394 2338 454 mr
2361 381 2581 441 Lufibwohl
2605 376 2664 436 non
2698 376 2827 436 Allten
2850 376 2944 436 berg
2978 377 3189 437 befuinden.
3201 373 3318 433 Cogn.

2073 495 2154 555 soll
2193 473 2342 533 aittart
2369 461 2489 521 werden
2504 458 2570 518 auf
2611 454 2773 514 Mortag
2800 452 2826 512 de
2839 451 2894 511 10.
2920 446 2975 506 biß

2098 581 2303 641 Münsingen
2353 565 2449 625 Cns-
2461 558 2668 618 Nachdeme
2704 556 2825 616 Mrgnad
2849 558 2959 618 Segriß
2983 561 3044 621 von
3068 567 3226 627 Wynaub
3238 571 3288 631 ec.

2093 651 2287 711 guthbillig
2311 639 2378 699 von
2402 634 2481 694 ihrer
2517 625 2745 685 eheansprach
2779 623 2882 683 gegen
2905 624 2997 684 Hanß
3042 627 3145 687 Stuli
3180 631 3271 691 ihren

2083 724 2349 784 ungehörigen
2374 703 2653 763 abgestanden,
2665 696 2703 756 er
2728 694 2817 754 sann
2855 692 2919 752 auf
2944 693 3146 753 gewilliget,
3160 697 3235 757 und

2070 795 2402 855 Whtgrugsame
2431 773 2662 833 bedbachtet,
2676 769 2733 829 daß
2778 767 2878 827 tats
2892 767 3037 827 dinsern
3066 769 3139 829 Eehe
3153 772 3253 832 ihren

2092 872 2299 932 sorthgang
2335 856 2506 916 nemmen,
2530 847 2654 907 nichts
2678 842 2739 902 als
2763 839 2885 899 läuter
2923 838 3069 898 ungub
3105 839 3240 899 harauß

2088 951 2356 1011 euhspringen
2384 931 2557 991 würde,
2585 921 2719 981 dahero
2746 915 2813 975 Sin
2840 911 3002 971 selbtige
3028 911 3285 971 aufgehoben,

2090 1038 2175 1098 und
2199 1026 2309 1086 beyde
2346 1017 2394 1077 in
2430 1009 2566 1069 vorige
2602 1001 2773 1061 freyhadt
2797 997 2980 1057 gesetzet,
2992 995 3042 1055 sey
3078 995 3187 1055 Stubi
3211 997 3297 1057 aber

2069 1122 2153 1182 sahr
2183 1105 2398 1165 verfellt,
2412 1093 2468 1153 daß
2512 1088 2554 1148 er
2568 1084 2655 1144 ihre
2697 1078 2755 1138 fir
2783 1072 3112 1132 empfangene
3140 1070 3283 1130 eillish

2088 1195 2232 1255 hronen
2266 1178 2388 1238 wider
2423 1169 2467 1229 zu
2500 1162 2658 1222 stellen,
2680 1155 2758 1215 alle
2792 1152 2847 1212 diß
2881 1148 3004 1208 ohtten
3026 1140 3261 1200 ergangene

2089 1270 2215 1330 kosten
2258 1256 2362 1316 allein
2383 1243 2572 1303 ertragen
2593 1232 2730 1292 solle.
2762 1223 2909 1283 Worbey
2951 1218 3067 1278 beyde
3099 1216 3173 1276 auß
3204 1213 3342 1273 erhab¬

2086 1348 2195 1408 lichen
2231 1331 2427 1391 gründen
2463 1316 2585 1376 zechen
2597 1308 2670 1368 Tag
2694 1301 2780 1361 lang
2804 1296 2902 1356 alhere
2928 1291 2988 1351 min
3000 1288 3097 1348 gnädigen
3109 1288 3207 1348 Herrn
3219 1288 3341 1348 gefang

2099 1416 2339 1476 genschafft
2353 1397 2517 1457 gehaht
2531 1382 2697 1442 ween

2085 1628 2459 1688 Schbatzenburg
2507 1613 2584 1673 ins
2663 1606 2789 1666 Nahe
2914 1600 3024 1660 nie
3039 1597 3132 1657 Hrrn
3147 1594 3211 1654 den

2087 1721 2313 1781 allhiesigen
2381 1703 2711 1763 Ballenmeister
2744 1691 2937 1751 Samuel
2983 1684 3153 1744 Dubius
3176 1679 3255 1739 über

2112 1814 2180 1874 den
2221 1806 2372 1866 Inhalt
2399 1799 2468 1859 sein
2495 1794 2563 1854 daß
2633 1787 2701 1847 H.
2728 1779 2879 1839 pref.
2906 1767 3113 1827 Schreben,
3140 1757 3208 1817 daß

2104 1894 2328 1954 nemblich
2354 1884 2539 1944 dieselbe
2604 1872 2698 1932 vor
2711 1864 2830 1924 Ihme
2869 1850 3094 1910 bekantlich
3120 1834 3305 1894 worden,

2084 1983 2144 2043 die
2182 1979 2318 2039 Jeane
2356 1971 2603 2031 Francoise
2640 1946 3221 2006 Gauthiergeschwängert

2089 2065 2137 2125 zu
2188 2062 2347 2122 haben,
2371 2055 2508 2115 zuret
2544 2047 2718 2107 gestelt,
2742 2040 2803 2100 ist
2829 2033 3026 2093 derselbe
3050 2023 3111 2083 o
3185 2015 3248 2075 n
3260 2011 3296 2071 H

2103 2155 2257 2215 deßen
2296 2147 2500 2207 gäntzlich
2540 2141 2578 2201 in
2616 2134 2758 2194 abret
2783 2125 2975 2185 gelesen,
3002 2113 3090 2173 auch
3117 2104 3205 2164 nur
3232 2094 3308 2154 mit

2082 2250 2313 2310 geständig
2342 2242 2429 2302 sein
2459 2235 2618 2295 wollen,
2646 2229 2792 2289 dieses
2820 2222 2893 2282 sach
2922 2216 3023 2276 halb
3052 2207 3153 2267 Ihme
3183 2199 3271 2259 Hl.

2077 2351 2248 2411 Praf.
2272 2341 2420 2401 etwas
2443 2333 2637 2393 geschiben
2684 2321 2889 2381 wöniger
2924 2307 3061 2367 allhier
3095 2292 3244 2352 beydem

2070 2451 2257 2511 Salben
2299 2438 2472 2498 dißorte
2500 2428 2614 2488 halb
2642 2420 2787 2480 geret
2815 2415 2843 2475 zu
2873 2411 2988 2471 haben
3030 2407 3088 2467 .
3117 2405 3332 2465 derlegen
