4032 3024
329 235 534 295 M.4.

330 871 499 931 Wänges
525 875 618 935 Anna

322 973 479 1033 Guotner
488 967 597 1027 Pfeter

329 1556 478 1616 Wäber
508 1562 607 1622 Anna

290 1658 400 1718 Buorg
433 1654 563 1714 Ullrich

648 277 692 337 en
721 279 782 339 ein
796 278 901 338 gnädige
932 274 1036 334 Heren
1080 268 1141 328 tig
1155 262 1366 322 erachtet
1410 260 1499 320 Ihme
1529 270 1708 330 hievon

642 373 770 433 parte
798 364 1037 424 zugeben,
1066 352 1164 412 mit
1193 341 1476 401 freundtlichem
1504 350 1687 410 ersuchen

647 466 741 526 mit
768 459 1051 519 befürderung
1091 445 1172 505 den
1212 433 1563 493 Eigentlichern
1589 444 1736 504 beucht

651 546 837 606 hierüber
868 541 1230 601 einzusenden.

646 726 967 786 Oberbaben.
981 721 1135 781 Wart
1163 719 1233 779 der
1261 719 1360 779 Ann
1401 722 1582 782 Wänger
1626 733 1766 793 Von¬

660 818 864 878 Oberbalm
947 814 1056 874 welche
1091 812 1152 872 der
1176 811 1235 871 Ehe
1259 809 1344 869 undt
1356 809 1656 869 schwängerung
1692 815 1763 875 halt

648 907 828 967 beklagt
861 903 997 963 Pfeter
1030 897 1245 957 Gudtner
1278 890 1369 950 auch
1414 887 1493 947 Bon
1527 886 1651 946 allda

661 993 775 1053 deßen
827 986 973 1046 Vatter
994 982 1076 1042 aber
1118 976 1232 1036 dieser
1263 973 1337 1033 Ehe
1357 969 1419 1029 sich
1451 961 1659 1021 windersetzet

651 1078 915 1138 bewilliget,
936 1070 1010 1130 Ihne
1042 1064 1232 1124 Guttner
1253 1059 1433 1119 sambt
1465 1050 1582 1110 seinen
1624 1040 1761 1100 batter

646 1166 747 1226 auff
776 1159 1025 1219 künfftigen
1054 1156 1229 1216 Montag
1303 1152 1361 1212 in
1375 1149 1493 1209 gnädigen
1507 1143 1624 1203 Herren
1639 1136 1740 1196 Cie

654 1246 808 1306 laßen
833 1240 883 1300 zu
909 1238 1076 1298 kömmen.

651 1424 817 1484 Könitz.
845 1421 929 1481 Auß
983 1419 1081 1479 Ihrem
1109 1416 1261 1476 schieben
1290 1413 1456 1473 Hhanmin
1470 1411 1581 1471 gnädigen
1595 1411 1706 1471 Hern
1720 1411 1747 1471 u

636 1510 794 1570 ersehen
858 1508 1047 1568 gehabt,
1068 1507 1132 1567 wie
1153 1507 1216 1567 daß
1259 1504 1321 1564 die
1344 1502 1458 1562 Anna
1512 1496 1680 1556 Wäber

653 1595 737 1655 von
798 1592 944 1652 Bugge
968 1589 1078 1649 srog
1102 1586 1370 1646 dißmahlen
1394 1583 1431 1643 in
1467 1582 1541 1642 der
1577 1580 1711 1640 bechen

646 1666 676 1726 in
729 1669 925 1729 diensten
998 1670 1069 1730 der
1101 1669 1194 1729 Ehe-
1214 1666 1308 1726 undt
1338 1663 1390 1723 Ich
1421 1656 1680 1716 wängerung
1712 1647 1783 1707 halb

654 1744 838 1804 beklage
881 1750 1044 1810 Ullrich
1087 1753 1218 1813 huren
1260 1753 1368 1813 lhrn
1391 1747 1672 1807 angehörigen
1684 1737 1737 1797 auß

645 1838 716 1898 dem
771 1834 956 1894 Graben
1013 1832 1098 1892 mit
1126 1831 1352 1891 Aerdeiten
1380 1828 1423 1888 Er
1465 1822 1579 1882 habe
1606 1812 1691 1872 Sie

654 1913 734 1973 seth
766 1909 836 1969 dem
908 1907 948 1967 12
988 1906 1121 1966 May
1162 1906 1294 1966 lesthin
1334 1904 1436 1964 undt
1457 1900 1711 1960 nachkerts

643 1989 746 2049 gar
769 1984 872 2044 oft
907 1981 1193 2041 beschlaffen,
1227 1981 1376 2041 deßen
1410 1978 1445 2038 Er
1490 1974 1582 2034 aber
1616 1964 1812 2024 vor¬

626 2071 804 2131 Ihnen,
815 2067 946 2127 gleich
981 2066 1017 2126 vo
1052 2066 1087 2126 Mne
1112 2065 1206 2125 gnädigen
1218 2062 1313 2122 Hrren
1325 2057 1514 2117 gäntzlich
1538 2046 1573 2106 in
1597 2034 1727 2094 abert

624 2153 827 2213 gelesen,
855 2152 986 2212 wen
1015 2152 1074 2212 in
1088 2152 1203 2212 gnädigen
1219 2151 1319 2211 Herr
1348 2148 1378 2208 hu
1464 2134 1768 2194 auffgetragen

637 2243 773 2303 haben
800 2237 1005 2297 wollind,
1032 2238 1127 2298 selbe
1154 2239 1194 2299 in
1223 2238 1317 2298 Ihro
1359 2226 1658 2286 Vorstehender

633 2314 947 2374 inderkunfft
971 2317 1056 2377 nach
1081 2318 1128 2378 der
1166 2318 1286 2378 Gnd.
1310 2316 1359 2376 de
1395 2313 1456 2373 Ao
1479 2307 1564 2367 1212
1600 2286 1795 2346 Examonr.

618 2389 704 2449 umin
734 2389 836 2449 gädgen
850 2390 966 2450 Hrren
981 2393 1052 2453 Ihro
1083 2395 1329 2455 geüßtliche
1358 2389 1517 2449 außaag
1562 2368 1735 2428 berichten

641 2467 907 2527 zulaßen.

3142 232 3247 292 125

2074 321 2452 381 Mupperrbeil.
2469 308 2728 368 Nachdeme
2764 314 2953 374 Mehn
2986 323 3089 383 verin
3106 328 3228 388 Ihren

2120 412 2429 472 berichtscheiben
2472 398 2692 458 enthalten
2722 400 2811 460 umb
2825 404 2971 464 standt
3016 409 3279 469 betreffendte

2112 501 2295 561 hednach
2322 488 2462 548 berner
2491 484 2603 544 Einen
2631 484 2868 544 Wittling
2898 486 2996 546 undt
3023 489 3206 549 Einern

2109 578 2435 638 angehorgen,
2460 571 2618 631 kelchen
2642 571 2800 631 Catoina
2859 574 3005 634 Fomel
3053 580 3321 640 Eüerhinder¬

1839 603 1938 663 berned
1950 586 2061 646 Fürek

2114 673 2266 733 seßen
2308 658 2405 718 von
2433 652 2558 712 allda
2614 652 2767 712 ledige
2794 653 2865 713 toch
2892 655 2949 715 to
2962 656 3031 716 des
3060 656 3142 716 Ehe
3170 654 3281 714 halb

1815 694 1893 754 hred
1924 672 2047 732 etriae

2122 749 2402 809 angesproche,
2416 737 2485 797 mit
2515 733 2738 793 Verdeuten
2795 735 2850 795 Er
2892 737 3018 797 bener
3046 738 3130 798 habe
3186 735 3270 795 Ihre

2118 855 2185 915 sun
2226 829 2459 889 sonthaler
2500 814 2678 874 darauff
2705 814 2909 874 gegeben,
2936 815 3170 875 nachwörte
3197 813 3292 873 aber

2123 935 2244 995 durch
2272 922 2339 982 Ein
2380 906 2690 966 mahrschafft
2704 900 2745 960 in
2772 898 2840 958 bey
2866 897 2934 957 sein
2989 895 3097 955 Hanß
3137 889 3328 949 hediger,

2108 1029 2253 1089 Jachim
2302 1008 2521 1068 Richeners
2545 996 2643 1056 undt
2679 989 2837 1049 Ullwehr
2873 982 3081 1042 Rühmers
3117 976 3191 1036 die
3215 973 3287 1033 soch

1847 1052 1950 1112 hediges
1962 1040 2078 1100 Hans.

2137 1117 2176 1177 in
2202 1096 2481 1156 particular
2522 1079 2655 1139 dahin
2681 1069 2920 1129 verheitet
2960 1059 3106 1119 worden,
3132 1047 3293 1107 daß¬

1829 1140 1924 1200 Vihener
1943 1129 2047 1189 Joochim

2099 1201 2159 1261 der
2189 1183 2361 1243 Bärner
2401 1170 2461 1230 der
2492 1161 2682 1221 Frmel,
2702 1153 2883 1213 damit
2914 1147 2954 1207 sie
2994 1143 3075 1203 von
3115 1135 3206 1195 Ihrer

1909 1186 2061 1246 Ullrics.

1838 1195 1894 1255 .

2116 1268 2367 1328 pratension
2425 1245 2652 1305 abstehen,
2675 1236 2812 1296 fünff
2835 1231 2893 1291 zig
2938 1225 3086 1285 gulden
3120 1214 3348 1274 Entrichten

2103 1360 2244 1420 solle,
2272 1346 2442 1406 wolches
2470 1334 2598 1394 dann
2626 1326 2725 1386 auch
2767 1318 2880 1378 von
2923 1311 3009 1371 der
3036 1304 3290 1364 Pfartheyen

2103 1439 2391 1499 angenommen
2412 1419 2626 1479 worden,
2647 1405 2936 1465 erdautoret
2999 1397 3170 1457 habind
3234 1397 3341 1457 diesel

2113 1533 2183 1593 bei
2225 1522 2340 1582 dieser
2368 1507 2697 1567 machenschafft
2725 1494 2796 1554 alß
2838 1483 3081 1543 ohngültig
3123 1470 3181 1530 die
3209 1462 3294 1522 auch

2115 1622 2168 1682 die
2195 1614 2475 1674 Eheaußfrah
2515 1590 2837 1650 auffgehoben,
2877 1563 3104 1623 benebend
3132 1548 3224 1608 aber

2099 1717 2279 1777 erkeit,
2305 1709 2395 1769 daß
2445 1701 2523 1761 der
2575 1690 2741 1750 Berner
2780 1678 2858 1738 30
2883 1671 2921 1731 lb
2961 1661 3089 1721 buß,
3101 1653 3128 1713 so
3154 1648 3192 1708 Er
3218 1641 3294 1701 auch

2110 1805 2253 1865 allhie
2279 1797 2424 1857 erlegt
2475 1789 2541 1849 die
2580 1780 2712 1840 Fauel
2763 1768 2855 1828 auch
2895 1760 2947 1820 30
2972 1753 3051 1813 lb.
3077 1742 3273 1802 bezahlen

2127 1904 2258 1964 solle
2287 1894 2358 1954 wie
2373 1885 2461 1945 auch
2518 1873 2620 1933 von
2649 1864 2722 1924 den
2751 1843 3129 1903 Eempfangenen
3158 1824 3377 1884 funsffig¬

2082 1986 2384 2046 Ehengstendt
2429 1956 2645 2016 gantig
2666 1946 2710 2006 zu
2732 1935 2905 1995 kenden
2947 1925 3013 1985 der
3034 1916 3208 1976 kanen

2113 2073 2358 2133 entrichten
2374 2057 2528 2117 solle,
2574 2047 2667 2107 da
2713 2032 2943 2092 Edeßen
2989 2017 3052 2077 ob
3082 2000 3313 2060 vermelten

1848 2109 1893 2169 die
1902 2118 1930 2178 60
1947 2122 2074 2182 lbsindt

2103 2170 2265 2230 keagen
2297 2159 2379 2219 nit
2411 2151 2477 2211 sind
2509 2143 2623 2203 daher
2671 2127 2915 2187 vermahrt
2947 2110 3093 2170 worden
3111 2100 3175 2160 sich
3191 2093 3321 2153 solher

1847 2165 1874 2225 Me
1901 2177 2008 2237 nger
2052 2183 2089 2243 en

2125 2260 2418 2320 ohnerlaubte
2444 2246 2563 2306 sachen
2577 2238 2616 2298 su
2657 2231 2737 2291 mur
2763 2220 2922 2280 sigen,
2950 2204 3163 2264 Übeigens
3189 2190 3335 2250 habend

1843 2223 1903 2283 balt
1922 2230 1942 2290 zu
1973 2231 2042 2291 hren

1847 2275 1903 2335 handen
1917 2282 2043 2342 geromnen

1859 2337 1978 2397 sertheil
2046 2348 2059 2408 e
2073 2349 2099 2409 e
2139 2350 2207 2410 ndien
2220 2349 2328 2409 Herren
2341 2345 2408 2405 den
2434 2340 2516 2400 Herre
2542 2330 2650 2390 Landt
2677 2319 2784 2379 Moyt
2811 2307 2917 2367 auff
2945 2294 3133 2354 leitzburg
3173 2283 3402 2343 auffgetragen

1843 2395 1937 2455 degott
1946 2407 2021 2467 aber
2040 2407 2095 2467 von

2115 2456 2178 2516 den
2225 2441 2275 2501 30
2306 2433 2353 2493 lb
2401 2423 2481 2483 buß
2529 2412 2625 2472 von
2657 2405 2720 2465 der
2751 2396 2926 2456 formel
2960 2387 3007 2447 zu
3039 2375 3261 2435 bezwehen

1852 2448 1926 2508 vfem
2002 2465 2058 2525 den

1858 2511 2008 2571 vethrian
2187 2527 2233 2587 e
2277 2524 2291 2584 n
2383 2511 2472 2571 ere
2502 2501 2516 2561 u
2547 2485 2816 2545 uberschiken

1854 2576 1983 2636 trag,
2002 2585 2073 2645 seeb

2110 2617 2156 2677 Iß
2219 2611 2280 2671 die
2295 2606 2373 2666 dey
2419 2589 2793 2649 obvenambsete
2839 2570 2932 2630 sund
2980 2557 3119 2617 annoch
3150 2542 3274 2602 Jeder

1853 2638 1963 2698 sehad
1991 2648 2061 2708 Mer

2121 2681 2217 2741 umb
2248 2680 2291 2740 10
2333 2677 2387 2737 tb
2440 2671 2525 2731 buß
2589 2657 2749 2717 beleget
2780 2647 2918 2707 worden

1856 2684 1943 2744 te
