4032 3024
315 281 510 341 176.

281 610 415 670 Stroch.
430 605 510 665 Ana
538 599 606 659 Ma¬

271 724 491 784 Neubteile
504 715 614 775 heinrich

632 363 804 423 Zurach
842 339 1016 399 Conod.
1035 318 1265 378 Kendern
1303 309 1362 369 14
1399 309 1496 369 holg
1515 319 1687 379 besthin

636 452 797 512 habende
840 436 956 496 Wie
972 426 1044 486 bey
1074 414 1235 474 fünhl.
1249 406 1380 466 Unser
1439 412 1730 472 angehongen

606 537 736 597 Anna
777 529 933 589 Mana
986 510 1155 570 Struh.
1169 499 1259 559 War
1286 490 1561 550 Oberburg,
1574 501 1730 561 welchen

599 593 675 653 29.

739 617 830 677 Unß
883 616 974 676 mit
1012 600 1285 660 klagender
1298 584 1650 644 schwängerung
1675 596 1741 656 der

648 622 710 682 Vor

642 709 702 769 Ehe
738 707 835 767 halb
859 699 1127 759 angesprochen
1211 684 1368 744 Heinrich
1405 679 1696 739 Neutolieker

636 795 733 855 von
769 790 889 850 Kuot
937 780 1154 840 Nabenbech
1201 768 1369 828 Ambts
1406 763 1513 823 Frau
1551 760 1730 820 verfeldte

633 880 751 940 dahin
776 874 1117 934 recomendirt,
1143 866 1235 926 Ihre
1275 862 1327 922 zu
1367 854 1734 914 außfündig¬

635 967 864 1027 gemachung
906 962 1013 1022 Ihres
1055 958 1243 1018 Rechtens
1257 954 1297 1014 in
1310 953 1352 1013 so
1379 949 1487 1009 kit
1528 944 1594 1004 Sie
1636 937 1772 997 Sorchen

631 1058 856 1118 begrundet
882 1055 961 1115 sein
1000 1052 1119 1112 wirdt
1159 1046 1370 1106 beholffen
1422 1038 1476 1098 zu
1502 1035 1607 1095 sein,
1633 1029 1700 1089 Es

628 1151 705 1211 hat
739 1147 826 1207 aber
861 1140 1059 1200 damals
1104 1134 1169 1194 der
1203 1128 1512 1188 Neükoweiter
1546 1126 1679 1186 laut

617 1232 710 1292 Unß
768 1222 1074 1282 vorgewisenen
1131 1211 1389 1271 Attestati
1425 1205 1496 1265 nit
1519 1200 1706 1260 erfraget

622 1314 758 1374 werde
783 1309 1033 1369 können.
1057 1303 1132 1363 der
1169 1300 1281 1360 wegen
1305 1295 1417 1355 dann
1456 1291 1517 1351 der
1541 1285 1716 1345 Strchin

646 1398 973 1458 eingescherfet
1005 1396 1191 1456 worden,
1224 1392 1302 1452 sich
1317 1388 1395 1448 noch
1427 1377 1613 1437 hiesigen

652 1489 833 1549 Satutz
859 1487 962 1547 undt
1001 1486 1169 1546 Rechten
1209 1482 1247 1542 in
1285 1478 1376 1538 Ihro
1403 1468 1570 1528 genßt
1597 1443 1792 1503 Examinius

629 1570 924 1630 zulaßen,
951 1568 1131 1628 selbige
1156 1566 1260 1626 nun
1299 1563 1338 1623 iß
1388 1558 1454 1618 d.
1466 1553 1504 1613 14
1544 1546 1595 1606 86
1633 1532 1749 1592 besthen

615 1663 798 1723 Kindth
834 1657 1019 1717 darinder
1043 1654 1190 1714 kommen,
1202 1650 1312 1710 undt
1324 1645 1459 1705 under
1483 1629 1728 1689 gnugsamme

642 1750 896 1810 ernstlicher
936 1741 1190 1801 befragung
1231 1735 1351 1795 laut
1379 1728 1499 1788 Ubst
1525 1713 1767 1773 abgelaßen

646 1843 836 1903 beichts
871 1837 955 1897 von
991 1834 1073 1894 der
1110 1826 1443 1886 Wehemutter
1478 1801 1715 1861 beständig

651 1934 756 1994 auff
769 1925 846 1985 dem
899 1918 1147 1978 Neubuele
1185 1915 1264 1975 alß
1315 1912 1486 1972 Vatter
1512 1903 1629 1963 Ihred
1668 1889 1759 1949 zur

656 2018 777 2078 fielt
827 2007 1022 2067 gebehren
1047 2005 1195 2065 kindte
1231 2000 1439 2060 versacret
1475 1990 1598 2050 seyn,
1622 1976 1684 2036 diß

630 2104 766 2164 mahl
779 2097 841 2157 ist
877 2094 939 2154 die
976 2092 1112 2152 Strahm
1161 2086 1434 2146 vidermahl
1470 2077 1557 2137 vor
1583 2066 1706 2126 Unß

637 2192 849 2252 erschin,
865 2188 963 2248 undt
997 2186 1078 2246 hat
1094 2185 1142 2245 in
1176 2180 1501 2240 Underthänige
1535 2166 1747 2226 zufflicht

657 2288 718 2348 bey
757 2287 1005 2347 Unßumb
1041 2283 1202 2343 Unser
1253 2277 1450 2337 Vortort
1476 2265 1600 2325 dahin
1625 2246 1812 2306 ange¬

623 2376 852 2436 ghalten,
884 2374 967 2434 daß
1033 2373 1164 2433 diesem
1247 2369 1344 2429 Ihre
1362 2363 1460 2423 zur
1476 2355 1591 2415 völt
1607 2337 1773 2397 gebehen

618 2465 775 2525 Kindt
792 2465 870 2525 sein
903 2467 1124 2527 heimathe
1139 2467 1265 2527 Rcht
1298 2464 1376 2524 deß
1440 2444 1709 2504 beklagten

641 2545 832 2605 Vatter
866 2550 1092 2610 verzeget,
1109 2554 1216 2614 undt
1233 2551 1510 2611 angeschaffet
1546 2532 1651 2592 werde
1685 2510 1789 2570 machte

3140 251 3312 311 127.)

2102 331 2214 391 Wan
2241 316 2323 376 nun
2352 309 2421 369 die
2448 304 2616 364 Strechen
2630 304 2698 364 sich
2712 307 2782 367 nit
2796 309 2864 369 und
2893 315 2989 375 noch
3017 328 3253 388 allhiesigen

2085 419 2302 479 statuten
2344 399 2589 459 verhalten
2646 397 2775 457 sondern
2789 399 2933 459 annch
2949 403 3063 463 alleß
3107 411 3308 471 mügliche

2072 513 2361 573 vorgebehrt,
2377 502 2469 562 daß
2515 495 2592 555 des
2607 491 2867 551 Nouwweieler
2897 490 3111 550 Ehntdlebet
3143 488 3249 548 undt

2100 614 2184 674 zum
2219 598 2375 658 standt
2411 586 2614 646 gebracht
2637 580 2758 640 werden
2793 577 2925 637 könne
2997 574 3092 634 Alß
3128 570 3284 630 tragend

2000 711 2202 771 Wie
2215 691 2297 751 bein
2324 680 2513 740 Weiffel
2553 674 2608 734 Iho
2635 673 2824 733 plordet
2851 671 2919 731 bei
2959 670 3177 730 beleibens
3217 664 3297 724 mach

2072 801 2163 861 Ihre
2217 785 2295 845 der
2323 770 2638 830 Impetrantin
2677 761 2717 821 in
2743 760 2849 820 Ihrem
2888 757 2927 817 so
2968 753 3296 813 billichmeßtigen

2080 886 2274 946 begehren
2349 867 2453 927 umb
2483 862 2512 922 so
2543 861 2587 921 da
2647 857 2827 917 Ehender
2841 856 3185 916 zufutsprehen

2093 971 2210 1031 nechn
2223 959 2368 1019 solches
2394 952 2459 1012 der
2498 947 2694 1007 Curclnt
2707 947 2890 1007 übliche
2916 947 3060 1007 pran,
3073 945 3297 1005 Conform¬

2094 1055 2212 1115 uidt
2245 1043 2347 1103 Won
2364 1038 2515 1098 solcke
2534 1037 2567 1097 in
2600 1037 2770 1097 andern
2804 1037 3073 1097 bgebuhute
3125 1030 3175 1090 zu

2082 1137 2256 1197 Erliden
2304 1125 2416 1185 Waß
2462 1116 2653 1176 erbietig
2686 1112 2859 1172 machen

2072 1302 2173 1362 Ihra
2208 1289 2394 1349 Stereh,
2411 1282 2478 1342 daß
2513 1278 2580 1338 Ihr
2614 1275 2716 1335 Kind
2766 1269 3074 1329 bißaußtrag
3124 1260 3310 1320 Landelß

1875 1427 1981 1487 obte
2074 1407 2119 1467 zu
2180 1389 2457 1449 hochsetten,
2472 1375 2611 1435 alleo
2656 1368 2702 1428 Es
2749 1360 2979 1420 verdinget
3009 1349 3238 1409 gehuldet

2946 1454 3021 1514 ad
3051 1443 3259 1503 form.

2080 1501 2210 1561 Sote
2231 1485 2384 1545 solbe.
2405 1477 2470 1537 Er
2514 1465 2754 1525 Mtt.

2083 1649 2109 1709 E
2176 1643 2284 1703 Vid.
2298 1638 2380 1698 Juit.
2406 1634 2475 1694 sub
2501 1630 2568 1690 fol.
2597 1625 2650 1685 17
2690 1619 2839 1679 sonder
2894 1607 3109 1667 wollendt
3151 1596 3217 1656 die

2061 1724 2286 1784 Klegern
2314 1716 2442 1776 hurte
2483 1711 2610 1771 dahin
2653 1704 2793 1764 gelise
2836 1698 2949 1758 haben
3004 1692 3047 1752 zu
3103 1679 3330 1739 Vindici¬

2081 1814 2216 1874 1unh
2252 1812 2351 1872 Ihrer
2387 1804 2647 1864 Ehransprach
2695 1795 2782 1855 vor
2818 1786 2941 1846 seines
2978 1765 3324 1825 Competirlichen

2059 1918 2258 1978 Tichter
2289 1901 2641 1961 zubelangen,
2673 1886 2780 1946 Wie
2796 1877 2888 1937 nun
2933 1867 3010 1927 diß
3056 1858 3118 1918 de
3148 1848 3255 1908 aller

2112 2007 2245 2067 Gotha
2278 2000 2457 2060 übliche
2503 1982 2849 2042 Rochtrübung,
2871 1960 2993 2020 undt
3015 1940 3317 2000 sonderleitlich

2078 2095 2210 2155 diese
2237 2091 2394 2151 modus
2422 2078 2684 2138 procedendi
2711 2066 2804 2126 auff
2830 2057 2948 2117 diesen
2988 2048 3068 2108 fuß
3132 2034 3345 2094 Verzlichen

2120 2186 2334 2246 worden.
2359 2179 2459 2239 Alß
2511 2171 2648 2231 habend
2698 2160 2874 2220 Mirin
2912 2146 3252 2206 Erdauwrung

2095 2284 2238 2344 füte
2250 2281 2310 2341 etc.
2322 2273 2621 2333 lidermalige
2669 2257 2908 2317 Einkommen
2943 2246 3183 2306 sitationo

2098 2383 2299 2443 schreiber
2326 2375 2367 2435 zu
2407 2368 2568 2428 gunsten
2608 2360 2689 2420 der
2717 2356 2838 2416 Anna
2877 2346 3093 2406 hurtein
3146 2334 3227 2394 sie

2104 2479 2221 2539 gene
2251 2471 2353 2531 Wie
2397 2462 2501 2522 auch
2530 2454 2648 2514 Iimmer
2677 2445 2853 2505 wollten
2883 2435 2972 2495 mit
2986 2422 3294 2482 erheblichen
