4032 3024
267 272 347 332 128

243 644 497 704 glediglich.

266 1082 392 1142 Pfte
409 1067 555 1127 Coandt.

263 2329 399 2389 Lanono
431 2323 477 2383 4.
491 2323 598 2383 Jades

425 2380 610 2440 Albert.

298 2452 431 2512 Terran
465 2450 520 2510 Jf.
530 2448 587 2508 Art

588 342 726 402 geündt
754 338 781 398 zu
822 332 974 392 Eincher
1017 320 1306 380 abfndrung
1335 317 1487 377 finden
1528 330 1721 390 können

593 447 750 507 sondern
781 436 953 496 ollendt
984 428 1048 488 die
1079 422 1236 482 hurten
1283 419 1331 479 zu
1378 423 1723 483 außfündigneh

592 542 670 602 Phr
711 531 990 591 vermeinenden
1030 520 1322 580 Ehraußfrech
1350 518 1389 578 an
1428 518 1509 578 deß
1550 518 1615 578 ande
1641 520 1748 580 Sile

590 632 780 692 Judicem
834 617 1133 677 Conpetentem
1229 610 1459 670 Verlisan
1513 606 1649 666 haben

600 728 629 788 so
658 723 776 783 fuchs
848 713 1023 773 hiemit
1052 702 1447 762 underantlörtlich
1490 695 1723 755 verdüütt

589 809 762 869 Ralh.

610 916 750 976 Vndt
765 912 858 972 wiel
904 908 1044 968 sowed
1091 905 1246 965 Pfeter
1276 904 1400 964 füwer
1431 907 1694 967 angehönge

599 1007 742 1067 welche
781 1003 990 1063 ohngracht
1015 998 1224 1058 gethanen
1250 995 1484 1055 Gelübder
1512 996 1680 1056 allhier

605 1102 694 1162 das
732 1096 887 1156 Rechten
914 1086 1132 1146 verlaßen
1183 1078 1286 1138 undt
1312 1075 1376 1135 dan
1401 1075 1543 1135 keten
1568 1075 1735 1135 genomm

611 1197 697 1257 alß
739 1182 955 1242 gelebendt
983 1173 1098 1233 Wir
1142 1169 1198 1229 die
1228 1168 1470 1228 hofnung,
1486 1166 1572 1226 Ihr
1600 1168 1745 1228 Us¬

615 1286 834 1346 werdendt
882 1274 1101 1334 denselben
1149 1266 1259 1326 gleich
1283 1261 1345 1321 lie
1381 1257 1479 1317 Wir
1503 1254 1540 1314 in
1564 1249 1758 1309 dergleichen

616 1372 888 1432 brgebenhiten
926 1364 1070 1424 willsa
1095 1347 1509 1407 hofentssprochen,
1536 1330 1756 1390 dermahlen

608 1469 710 1529 Zue
736 1463 902 1523 gebuhr
941 1454 1056 1514 undt
1082 1447 1184 1507 God
1222 1438 1377 1498 Unsern
1402 1427 1620 1487 Tribunal
1645 1423 1773 1483 halten

592 1558 636 1618 so
669 1553 825 1613 wirin
859 1548 1015 1608 andern
1026 1539 1327 1599 Decurrengen
1361 1529 1405 1589 zu
1438 1518 1695 1578 demeriren

613 1633 934 1693 ohnvergeßen
961 1626 1018 1686 sen
1045 1625 1199 1685 werden.
1228 1627 1395 1687 Uaßic

598 1768 975 1828 Wardaußanlaß
1032 1760 1086 1820 daß
1129 1758 1268 1818 Albert
1297 1751 1436 1811 lausan
1479 1742 1577 1802 Lide
1591 1730 1702 1790 seines

596 1861 752 1921 Vatter
790 1852 861 1912 H.
885 1846 1030 1906 Paoles
1054 1838 1198 1898 Sausun
1247 1826 1476 1886 vorhabende
1500 1812 1561 1872 Ehe
1597 1800 1681 1860 mit

606 1945 703 2005 Anne
735 1934 822 1994 Terr
908 1923 1135 1983 gemachte
1167 1915 1393 1975 Opposition
1458 1896 1664 1956 folgender

626 2021 786 2081 Weiteg
819 2011 900 2071 Sr
947 2003 1108 2063 MeHr
1140 1997 1171 2057 e.
1189 1988 1382 2048 Rachebeit

601 2270 700 2330 Als
719 2269 738 2329 t
757 2269 837 2329 hun
858 2268 1075 2328 Aadervnd
1114 2265 1253 2325 frundt
1273 2259 1412 2319 worden,
1432 2252 1492 2312 daß
1530 2244 1591 2304 1.
1610 2233 1728 2293 Jaler

619 2360 775 2420 Lauswn
828 2359 893 2419 ein
945 2359 1114 2419 dortiges
1140 2355 1389 2415 Rabelanit
1427 2346 1493 2406 sich
1506 2338 1584 2398 mit
1597 2327 1675 2387 eine

630 2442 767 2502 Rechter
782 2440 994 2500 nahmens
1039 2440 1099 2500 vir
1145 2438 1296 2498 Temen
1326 2430 1462 2490 Ehrlich
1509 2410 1675 2470 elobet

637 2519 702 2579 ist
714 2516 832 2576 kurtz
859 2515 1002 2575 darauf
1028 2514 1094 2574 ein
1158 2510 1303 2570 gericht
1316 2499 1538 2559 erschollen,
1563 2483 1602 2543 ob
1628 2470 1706 2530 vndt

3109 231 3282 291 129)

2067 330 2144 390 Sich
2172 316 2289 376 deßen
2315 308 2407 368 Sohn
2445 305 2629 365 sothanes
2655 305 2708 365 Ehe
2733 310 2943 370 widofthen,
2968 315 3086 375 weilen
3099 318 3203 378 selbe
3218 319 3295 379 ohne

2092 405 2145 465 ein
2167 394 2297 454 großes
2319 386 2404 446 übel
2448 383 2546 443 nicht
2567 383 2697 443 bezagen
2718 385 2837 445 werden
2892 391 3021 451 könne
3085 395 3291 455 zumahlen

2097 483 2261 543 selbiger
2296 471 2355 531 wie
2390 467 2426 527 Es
2460 464 2683 524 verschidenen
2730 466 2929 526 Persohnen
2976 468 3175 528 vorgeben,
3199 464 3256 524 die

2067 564 2203 624 Teraz
2236 553 2361 613 seines
2394 548 2563 608 vatters
2586 550 2822 610 eheverlobte
2890 553 2969 613 vor
2993 551 3138 611 Cronte
3162 546 3285 606 ontzig

2075 643 2191 703 Jahre
2249 625 2541 685 beschlaffen.
2564 623 2822 683 Nachdeme
2845 626 2927 686 nun
2962 626 3055 686 dieses
3078 624 3265 684 Genüwmel

2076 732 2143 792 dem
2211 715 2327 775 alten
2386 701 2560 761 Lausun
2628 697 2667 757 zu
2706 697 2803 757 ohren
2842 697 3084 757 gelanget,
3114 698 3221 758 hatt
3249 697 3278 757 Er

2104 805 2184 865 lich
2210 801 2250 861 zu
2277 798 2343 858 H.
2371 792 2597 852 Pfredicant
2623 780 2825 840 Bönsgeris
2851 774 3025 834 begeben,
3038 770 3131 830 umb
3170 770 3279 830 Nuu¬

2083 887 2196 947 ihme
2233 882 2259 942 zu
2284 875 2549 935 vernennen,
2574 867 2625 927 ob
2650 864 2726 924 sein
2751 861 2826 921 Sohn
2864 856 2927 916 sich
2964 853 3141 913 dißfahls
3167 848 3332 908 ange¬

2104 964 2250 1024 meldet
2291 955 2490 1015 daselben
2543 945 2625 1005 aber
2647 942 2814 1002 mitnem
2877 933 3168 993 geantwortet
3189 928 3304 988 worden

2089 1041 2297 1101 gedachtem
2343 1028 2413 1088 H.
2436 1023 2610 1083 Pidicant
2633 1015 2888 1075 angezeigt,
2911 1009 3004 1069 wnd
3027 1005 3108 1065 für
3131 1000 3224 1060 kede

2108 1120 2193 1180 sein
2237 1113 2323 1173 Sohn
2367 1107 2475 1167 wider
2496 1105 2549 1165 die
2583 1101 2712 1161 Terrnz
2744 1096 2992 1156 gefüehret,
3014 1087 3100 1147 Ihne
3122 1077 3294 1137 zugleich

2091 1195 2303 1255 ersuchend
2354 1182 2506 1242 solchen
2567 1177 2628 1237 vor
2658 1176 2720 1236 sich
2760 1171 3034 1231 zubescheiden
3145 1157 3267 1217 undt

2087 1290 2316 1350 deßthals
2344 1278 2374 1338 zu
2417 1271 2502 1331 Rat
2546 1261 2733 1321 hustosen
2804 1247 3105 1307 watmaßen
3148 1237 3249 1297 nun

2100 1379 2256 1439 solches
2281 1366 2488 1426 beschechen
2553 1354 2631 1414 wie
2669 1349 2722 1409 der
2747 1341 2890 1401 Junge
2928 1329 3110 1389 Lausum
3149 1318 3293 1378 nach¬

2087 1460 2285 1520 eelchem
2355 1442 2554 1502 resitiom
2623 1431 2693 1491 die
2733 1423 2873 1483 Ferran
2912 1408 3161 1468 beschloffen

2081 1543 2133 1603 zu
2166 1536 2284 1596 haben
2370 1525 2433 1585 dem
2497 1518 2573 1578 He.
2604 1508 2850 1568 Obedicantzn
2883 1494 3086 1554 Gorgeben
3149 1482 3203 1542 sie

2104 1614 2294 1674 hingegen
2346 1606 2451 1666 diese
2504 1599 2588 1659 klag
2641 1588 2841 1648 beständig
2873 1572 3062 1632 vermeinet
3095 1559 3188 1619 undt

2082 1701 2326 1761 derenthalb
2351 1693 2454 1753 auff
2492 1677 2775 1737 Satisfaction
2813 1652 3070 1712 geschloßen,
3096 1640 3160 1700 und
3198 1634 3275 1694 wer

2082 1796 2308 1856 Endtlichene
2347 1787 2384 1847 am
2448 1779 2548 1839 Ehor
2573 1765 2725 1825 Gricht
2750 1754 2799 1814 zu
2850 1736 3064 1796 Landanne
3103 1718 3280 1778 diesert¬

2086 1881 2331 1941 geschaffts
2365 1864 2495 1924 wegen
2546 1844 2791 1904 geschloßen
2841 1818 2989 1878 worden,
3021 1798 3234 1858 wedende

2121 1973 2181 2033 Er.
2193 1965 2278 2025 Kl.
2302 1957 2376 2017 auß
2426 1939 2741 1999 mittkommender
2767 1919 2986 1979 Procediet
3010 1908 3071 1968 daß
3108 1898 3278 1958 mehreren

2109 2042 2413 2102 versechten:
2424 2030 2524 2090 heut
2558 2021 2649 2081 dato
2671 2011 2784 2071 sindt
2806 1998 2997 2058 sämbtl.
3019 1981 3222 2041 Partheyen

2059 2126 2098 2186 vo
2111 2126 2175 2186 Min
2188 2125 2293 2185 gnädigen
2306 2120 2409 2180 Herre
2436 2116 2488 2176 eß
2539 2108 2657 2168 Obten
2683 2090 2995 2150 PhörGeichst
3021 2067 3268 2127 erschinnen

2089 2217 2124 2277 da
2169 2214 2285 2274 dain
2331 2201 2665 2261 mehrerwehnter
2700 2181 2861 2241 Lausum
2918 2168 3022 2228 auff
3045 2157 3161 2217 seines
3195 2149 3323 2209 klag,

2091 2298 2200 2358 gegen
2260 2291 2322 2351 der
2346 2284 2540 2344 Tero,
2564 2278 2613 2338 sie
2637 2273 2723 2333 aber
2747 2266 2845 2326 auff
2857 2260 2917 2320 des
2941 2249 3220 2309 Verweinung,
3234 2233 3342 2293 undt

2092 2386 2164 2446 daß
2223 2380 2282 2440 Sie
2311 2375 2427 2435 deren
2486 2362 2704 2422 gäntzlichen
2733 2347 2994 2407 ohnschuldig
3025 2335 3112 2395 mit
3155 2328 3286 2388 hohen

2103 2465 2457 2525 betrürungen,
2470 2451 2565 2511 und
2606 2444 2715 2504 auff
2743 2434 3041 2494 angemeßene
3068 2422 3341 2482 reparation
