4032 3024
291 243 387 303 130

630 334 874 394 Schließende
904 331 1118 391 Vroharrt.
1150 327 1242 387 daln
1272 326 1332 386 in
1349 326 1471 386 gnädigen
1486 330 1608 390 Heren
1623 336 1685 396 den

632 426 771 486 Inhalt
798 424 853 484 der
894 419 1103 479 Procedud
1144 415 1269 475 undt
1282 414 1351 474 des
1364 414 1601 474 Pfartheyn
1614 420 1710 480 klag

650 509 723 569 und
773 502 944 562 antwort
982 496 1165 556 gnugsam
1227 493 1449 553 erdrukret
1497 496 1670 556 habint

638 589 698 649 Sie
719 587 811 647 mit
821 584 1057 644 einhöligen
1119 580 1231 640 mehr
1271 576 1496 636 befunden
1516 570 1640 630 undt

630 670 793 730 eobent,
816 666 885 726 daß
956 658 1142 718 Weilenso
1176 652 1270 712 wohl
1305 649 1339 709 in
1387 649 1456 709 dem
1504 649 1724 709 Contumier

633 760 702 820 alß
725 753 958 813 allhiestiger
981 736 1284 796 Stattsatzung
1307 727 1389 787 klar
1412 724 1458 784 de
1483 724 1692 784 terminirte

633 852 671 912 in
697 848 852 908 welcher
877 840 968 900 Zeit
993 833 1071 893 Ein
1097 824 1201 884 klag
1239 812 1432 872 gefüehet
1457 804 1586 864 werden
1612 803 1715 863 solle

634 951 700 1011 die
722 937 1012 997 Ehrr-Grichts
1068 915 1281 975 Ordnung
1314 904 1358 964 de
1402 899 1459 959 No
1481 893 1559 953 172
1592 889 1660 949 Fol.
1671 886 1726 946 25i

647 1035 704 1095 dem
752 1025 880 1085 hesten
914 1011 1124 1071 Pfunten
1206 995 1355 1055 praevis
1380 985 1495 1045 ordne
1588 969 1774 1029 daßfahle

642 1111 707 1171 die
739 1103 814 1163 klag
846 1096 943 1156 erst
964 1089 1060 1149 nach
1093 1074 1448 1134 Neüemaieten
1522 1056 1608 1116 von
1641 1049 1694 1109 der
1717 1042 1769 1102 het

642 1197 690 1257 an
739 1191 813 1251 deß
863 1178 1096 1238 geklagten
1158 1156 1439 1216 beyschlaffs
1476 1138 1660 1198 zunehnen

649 1285 849 1345 beschechen
912 1270 1062 1330 würde
1113 1252 1300 1312 darauff
1339 1239 1413 1299 gar
1438 1229 1563 1289 nichtt
1589 1216 1776 1276 reflectirt

665 1366 812 1426 werden
836 1358 959 1418 solle,
983 1349 1094 1409 denne
1156 1339 1216 1399 die
1254 1329 1389 1389 Rechte
1413 1317 1524 1377 nicht
1560 1301 1745 1361 zugeben

644 1458 719 1518 daß
763 1442 979 1502 jehmandt
1023 1428 1119 1488 wann
1142 1422 1184 1482 es
1217 1415 1303 1475 seine
1336 1407 1401 1467 Ehe
1444 1395 1606 1455 berühet
1638 1379 1746 1439 wider

672 1536 765 1596 sich
791 1528 967 1588 selbsten
1033 1512 1180 1572 Zeugen
1208 1499 1315 1559 bünde
1369 1484 1475 1544 undt
1502 1466 1716 1526 Endtlichen

675 1625 743 1685 dto
773 1619 939 1679 Lausum
1023 1607 1119 1667 nicht
1148 1601 1216 1661 das
1244 1589 1439 1649 geringste
1508 1565 1619 1625 auff
1633 1550 1703 1610 Sie

661 1702 886 1762 blisen,
908 1695 1005 1755 undt
1026 1689 1113 1749 diese
1145 1679 1404 1739 Declaration
1479 1662 1544 1722 wie
1565 1655 1597 1715 Er
1619 1643 1759 1703 dennoch

666 1785 824 1845 volgibet
884 1777 1006 1837 beines
1042 1770 1138 1830 legt
1162 1757 1466 1817 außgelußes
1490 1740 1563 1800 tub
1586 1724 1768 1784 gethan,

679 1867 905 1927 thumahlen
919 1862 960 1922 Er
989 1859 1060 1919 das
1088 1854 1243 1914 Jenige
1300 1842 1384 1902 war
1412 1833 1469 1893 Er
1496 1820 1610 1880 wider
1638 1801 1709 1861 die

669 1957 809 2017 Tenaz
847 1951 886 2011 zu
911 1946 1064 2006 Klagen
1076 1935 1292 1995 verhabens
1318 1916 1546 1976 verschiden
1585 1881 1803 1941 Particalas.

657 2044 880 2104 Verschren
933 2025 1139 2085 eböftnet
1175 2012 1260 2072 und
1297 2001 1399 2061 dieses
1435 1983 1573 2043 genicht
1590 1958 1762 2018 selhten

662 2121 962 2181 verenlaßet,
994 2110 1094 2170 auch
1129 2105 1194 2165 dem
1245 2097 1329 2157 H.
1345 2082 1561 2142 Podicant
1577 2050 1761 2110 Bargenr

667 2216 747 2276 Eost
763 2209 862 2269 nach
878 2203 977 2263 deme
1009 2196 1057 2256 Er
1092 2190 1172 2250 ven
1188 2181 1319 2241 selbene
1370 2168 1418 2228 zu
1434 2159 1517 2219 sich
1533 2136 1744 2196 bescheiden

689 2301 782 2361 unt
801 2294 973 2354 befraget
1011 2283 1162 2343 werden,
1181 2275 1218 2335 ob
1255 2260 1465 2320 frobiget
1503 2227 1636 2287 wider
1654 2198 1729 2258 der

673 2381 811 2441 Fernn
845 2379 967 2439 gerdt
1001 2369 1314 2429 aufängblichen
1331 2339 1574 2399 haeditirt
1591 2296 1780 2356 wohler

679 2470 780 2530 aber
808 2465 939 2525 solches
953 2459 1113 2519 gethan
1157 2448 1331 2508 zuhaben
1389 2419 1635 2479 gestanden
1708 2384 1750 2444 Er

682 2556 809 2616 seine
845 2548 1026 2608 byscheit
1062 2545 1153 2605 diese
1189 2538 1316 2598 Klag
1352 2526 1461 2586 durch
1497 2509 1553 2569 den
1589 2480 1734 2540 Eydte

1894 1172 2016 1232 Grube
2041 1152 2140 1212 Olgpn.

1878 1264 1986 1324 lausen
2009 1245 2151 1305 Albert,

1883 1829 1984 1889 Kaster
2009 1825 2096 1885 Anno

1884 1946 2018 2006 Ganthies
2029 1942 2115 2002 samm

1882 2007 2029 2067 trancoise

1877 2353 1980 2413 Roe
2014 2359 2065 2419 der

1879 2425 2058 2485 Shuster.

3245 212 3364 272 134.

2126 308 2291 368 Tobahre
2326 297 2349 357 zu
2372 293 2502 353 können
2573 289 2796 349 abgelisen
2843 290 3008 350 sothane
3044 292 3138 352 klag
3161 289 3279 349 dann

2123 407 2212 467 alß
2258 392 2332 452 Ehin
2362 380 2587 440 besetzliche
2617 381 2946 441 Verlünbtung
2976 385 3214 445 anzusehen
3260 379 3364 439 undt

2111 519 2155 579 e
2226 486 2372 546 Temz
2386 469 2647 529 angeneßene
2691 474 2981 534 Reparation
3039 477 3241 537 Suthun

2128 589 2336 649 verselt,
2368 572 2399 632 Er
2431 568 2464 628 ih
2496 562 2576 622 aber
2608 559 2655 619 die
2673 557 2928 617 fombderen
2960 553 3087 613 sundt
3119 549 3184 609 die

2117 691 2308 751 behörige
2345 671 2484 731 straff
2536 655 2739 715 darauff
2764 649 2801 709 zu
2840 645 3017 705 dictiren
3068 639 3219 699 laut

2128 794 2294 854 Choryd.
2309 776 2431 836 Satz.
2460 765 2567 825 Fol.
2582 758 2656 818 25.
2688 749 2792 809 Sat.
2807 744 2869 804 14.
2884 739 3005 799 gantz
3035 731 3277 791 hreobietig

2127 875 2383 935 überlaßen
2436 854 2545 914 sein
2584 837 2734 897 solle.

2109 1001 2122 1061 N
2216 988 2256 1048 Eo
2282 981 2350 1041 hat
2376 970 2576 1030 angelobt
2604 961 2712 1021 nicht
2751 957 2791 1017 zu
2830 951 2979 1011 liechen,
3005 946 3058 1006 da
3085 934 3341 994 übeigens¬

2127 1094 2179 1154 der
2207 1077 2366 1137 Albert
2393 1059 2554 1119 Lausin
2606 1046 2713 1106 auch
2754 1038 2887 1098 bekeit
2941 1029 3007 1089 die
3033 1022 3139 1082 Wittw
3194 1006 3340 1066 Gruber

2125 1157 2356 1217 Geschloffen
2410 1146 2452 1206 zu
2479 1138 2642 1198 haben,
2683 1124 2873 1184 beruffet
2888 1113 2956 1173 sich
2969 1106 3065 1166 aber
3079 1098 3173 1158 auff
3202 1090 3256 1150 die

2168 1251 2333 1311 Kreisl

2268 1376 2538 1436 Montags
2576 1365 2626 1425 den
2653 1360 2768 1420 10en
2780 1353 2947 1413 Noobris
2973 1349 3140 1409 1732.

2558 1447 2736 1507 Praeses

2361 1530 2617 1590 Meinger
2633 1514 2761 1574 rener
2775 1508 2846 1568 von
2875 1507 3032 1567 Mehlin

2497 1591 2786 1651 Afssessores

2143 1663 2344 1723 Mih.
2403 1653 2485 1713 ed.

2156 1796 2244 1856 Nun
2290 1787 2502 1847 erscheint
2536 1779 2637 1839 Anna
2682 1773 2838 1833 Gaßer
2883 1765 3130 1825 vornitz
3152 1759 3231 1819 von
3253 1756 3398 1816 Wallist

2160 1878 2275 1938 matt
2316 1875 2388 1935 bey
2431 1868 2556 1928 deren
2608 1862 2659 1922 die
2702 1855 2879 1915 Susane
2910 1845 3098 1905 Hauthus
3119 1841 3316 1901 vertisch¬

2153 1963 2291 2023 geltet
2340 1954 2541 2014 gebesen,
2567 1946 2642 2006 und
2680 1940 2781 2000 sagt
2806 1934 2919 1994 eine
2957 1929 3032 1989 frl
3070 1927 3132 1987 von
3171 1927 3296 1987 Rüthi,
3308 1927 3346 1987 so

2159 2051 2204 2111 ei
2284 2045 2501 2105 gestorben
2535 2037 2627 2097 habe
2661 2030 2729 2090 ihro
2787 2025 2844 2085 die
2878 2018 3071 2078 Hauthier
3095 2012 3380 2072 zugebracht,

2145 2141 2217 2201 Der
2241 2129 2508 2189 SpallenMr
2544 2118 2604 2178 ein
2640 2111 2810 2171 langer
2847 2103 3065 2163 mägeres
3089 2098 3211 2158 Mand
3235 2096 3355 2156 seye

2151 2228 2375 2288 einmahl
2412 2218 2458 2278 zu
2506 2213 2565 2273 ihr
2601 2209 2659 2269 der
2707 2200 2897 2260 Gaserin
2920 2190 3206 2250 haußkommen
3241 2189 3324 2249 und

2140 2325 2289 2385 worten
2329 2306 2668 2366 übernachtet,
2695 2294 2777 2354 Mr
2803 2287 2979 2347 Kpfer
3020 2281 3087 2341 der
3116 2278 3318 2338 Schuster

2152 2413 2235 2473 habe
2266 2408 2339 2468 ihre
2381 2402 2423 2462 zu
2475 2396 2559 2456 2te
2590 2388 2746 2448 mahlen
2787 2379 2828 2439 im
2871 2372 3007 2432 seiner
3048 2362 3309 2422 Werkstatt

2145 2500 2297 2560 allhier
2335 2491 2463 2551 gellt
2501 2479 2640 2539 geben.
2667 2469 2742 2529 Vide
2754 2463 2831 2523 H.
2844 2455 2971 2515 Vogstes
2997 2448 3060 2508 und
3087 2443 3149 2503 H.
3162 2438 3365 2498 Altenauß

2130 2585 2197 2645 S.
2210 2577 2345 2637 Cogn.
2358 2565 2561 2625 Verschoben
2588 2555 2642 2615 biß
2682 2547 2749 2607 des
2777 2540 2857 2600 H.
2884 2534 2992 2594 Rost
3032 2525 3221 2585 antworth
3248 2519 3438 2579 einlangen

2150 2657 2293 2717 wirdt,
2316 2650 2377 2710 der
2412 2640 2567 2700 Kupfer
2603 2631 2698 2691 dann
2734 2625 2805 2685 auf
2830 2617 3068 2677 künfftigen
3092 2607 3235 2667 danftag
3258 2604 3403 2664 eufhei¬
