4032 3024
377 197 523 257 132.

737 211 1079 271 OberBallen.
1092 199 1231 259 Cons.
1268 201 1484 261 Weillen
1509 222 1636 282 Peter
1661 252 1750 312 Furt

388 296 569 356 Guetar
584 290 682 350 Peter

737 310 802 370 von
829 302 1012 362 Könitz,
1038 291 1181 351 belchen
1234 287 1326 347 Ana
1377 295 1560 355 Wenger
1600 326 1769 386 Eüberen

391 397 556 457 wänger
584 391 668 451 Amna

747 406 1015 466 Angehörige
1050 389 1133 449 der
1149 383 1233 443 Ehn
1285 379 1367 439 und
1386 390 1738 450 schwangerung
1755 433 1823 493 se¬

722 506 946 566 Beklagt,
983 494 1068 554 ihre
1103 485 1173 545 der
1190 478 1591 538 Eheversprechung
1625 497 1696 557 und
1713 512 1764 572 daß

721 601 950 661 beischlofs
986 588 1120 648 zwahr
1170 571 1448 631 geständig,
1485 571 1557 631 ies
1593 585 1787 645 vindts¬

713 699 858 759 halben
903 690 990 750 aber
1019 683 1062 743 ob
1092 675 1208 735 Ihme
1223 665 1367 725 selbes
1398 661 1602 721 bezauchen
1645 678 1806 738 möge,

716 793 803 853 sich
819 787 905 847 auf
934 779 1008 839 sie
1051 770 1213 830 gemißt
1242 763 1476 823 beruffen;
1505 764 1564 824 So
1593 771 1724 831 habend
1739 784 1813 844 ve¬

712 879 810 939 Eüch
822 872 1005 932 ansinnen
1042 860 1190 920 wollen
1238 854 1300 914 die
1349 851 1545 911 Wänger
1582 854 1630 914 in
1654 861 1753 921 ihrer

729 959 1094 1019 beverstechenden
1121 946 1305 1006 genißt
1318 943 1458 1003 lauth
1486 943 1640 1003 lhorg:
1669 945 1766 1005 Ord¬

726 1058 760 1118 de
794 1053 886 1113 Ab.
910 1046 1036 1106 1712.
1059 1037 1335 1097 Examiniere
1357 1033 1449 1093 unmdine
1461 1033 1553 1093 gnädigen
1564 1033 1656 1093 Hern
1667 1033 1714 1093 deß

707 1146 888 1206 herauß
917 1135 1155 1195 kommenden
1169 1126 1350 1186 berichten
1377 1123 1406 1183 zu
1447 1121 1617 1181 laßen.

707 1275 1128 1335 Raoperßweill
1168 1261 1264 1321 und
1290 1258 1509 1318 Schuofen
1549 1258 1672 1318 Consi
1699 1260 1820 1320 dennach

369 1359 476 1419 Bury
515 1351 635 1411 Maria

719 1372 847 1432 Maria
882 1362 999 1422 Surr
1045 1356 1115 1416 von
1138 1351 1370 1411 Schwanden
1406 1349 1487 1409 mit
1510 1350 1743 1410 zueignung

716 1462 802 1522 ihreß
841 1453 979 1513 kindts
1016 1447 1079 1507 der
1104 1444 1166 1504 ehe
1204 1440 1329 1500 halben
1354 1435 1642 1495 angesprochen
1654 1432 1754 1492 hanß

356 1507 502 1567 Weibel
535 1493 650 1553 Hanß

706 1549 852 1609 weibel
882 1541 955 1601 von
987 1534 1235 1594 Suebeill,
1257 1529 1309 1589 der
1340 1527 1506 1587 entlichen
1526 1525 1589 1585 den
1610 1521 1786 1581 beischlaff

709 1628 900 1688 bekent,
921 1624 975 1684 die
1017 1621 1081 1681 ehe
1114 1617 1294 1677 ansprach
1315 1612 1401 1672 aber
1422 1609 1689 1669 vermeinet,
1710 1607 1773 1667 und

702 1720 757 1780 sie
791 1718 903 1778 selbe
947 1715 1069 1775 nicht
1102 1712 1292 1772 beweisen
1314 1708 1471 1768 können:
1493 1703 1705 1763 derobegen
1727 1699 1749 1759 so

693 1809 744 1869 han
756 1806 819 1866 min
834 1804 935 1864 gnädigen
947 1801 1050 1861 Herren
1062 1798 1215 1858 sothanne
1255 1790 1574 1850 Eheansprach
1599 1782 1817 1842 aufgehoben

717 1891 793 1951 und
820 1888 935 1948 beyde
975 1885 1013 1945 im
1051 1883 1180 1943 vorige
1220 1880 1412 1940 freyheit
1438 1876 1619 1936 gesetzet,
1632 1870 1722 1930 ihmer
1735 1866 1811 1926 aber

689 1982 759 2042 der
793 1974 910 2034 Suer
956 1967 1060 2027 vnnd
1095 1966 1141 2026 ad
1177 1964 1339 2024 formam
1409 1961 1478 2021 als
1514 1959 1559 2019 un
1583 1956 1710 2016 eheliche
1722 1947 1828 2007 zubeg¬

692 2059 845 2119 kent,
869 2050 1010 2110 belches
1066 2047 1364 2107 anzunemmen
1397 2044 1430 2104 er
1473 2039 1716 2099 angelobet,
1727 2025 1836 2085 woruf

694 2137 820 2197 beyde
847 2132 923 2192 zur
960 2129 1253 2189 abbreßung
1305 2127 1509 2187 gehalten
1534 2117 1714 2177 worden.

346 2319 490 2379 hahnt
522 2299 633 2359 Pfete
666 2286 968 2346 Tumplitz.
1002 2287 1241 2347 Obwohlen
1304 2284 1417 2344 zwar
1433 2275 1608 2335 Pfeter
1624 2252 1784 2312 cehndte

699 2362 779 2422 undt
805 2362 899 2422 Hanß
939 2367 1113 2427 Müschler
1139 2373 1259 2433 beyde
1300 2374 1393 2434 Bon
1446 2349 1780 2409 Schwartzenbuch

349 2402 524 2462 Mischler
533 2407 629 2467 Haus

709 2440 770 2500 den
802 2442 989 2502 brndicht
1005 2448 1129 2508 hoffer
1176 2453 1255 2513 von
1285 2450 1550 2510 dienerlil
1626 2408 1813 2468 beklagen

348 2483 473 2543 hoffer
498 2480 659 2540 beudicht

724 2515 800 2575 mit
833 2519 972 2579 Ragina
1018 2526 1127 2586 Frey
1159 2530 1251 2590 von
1283 2529 1484 2589 köümen,
1516 2513 1701 2573 Rudolff
1717 2486 1825 2546 Hacfer

374 2553 455 2613 Bry
492 2543 646 2603 Regina

702 2594 784 2654 von
840 2599 1005 2659 Buchse
1059 2608 1212 2668 Ehrlibk
1253 2613 1323 2673 mit
1350 2611 1542 2671 Einander
1585 2593 1777 2653 Ehebrah

359 2616 521 2676 Hooffer
543 2600 681 2660 Rudorf

1885 2387 1985 2447 baßler
2010 2396 2121 2456 Mariy

1885 2469 1999 2529 Walthen
2037 2479 2160 2539 Provisor

3196 227 3343 287 133f.

2125 291 2298 351 getriben
2328 277 2356 337 zu
2385 272 2486 332 haben
2529 268 2746 328 angestofen
2777 271 2791 331 o
2805 274 2949 334 sohan
2964 281 3079 341 gnädigen
3095 284 3195 344 Herren
3240 287 3254 347 d

2125 385 2337 445 bedenken,
2365 366 2423 426 mit
2437 361 2524 421 nug
2538 358 2608 418 für
2652 358 2780 418 lange
2794 359 2893 419 Zeith
2923 364 3264 424 vorbeygestochen

2117 482 2173 542 Ehe
2203 471 2245 531 die
2273 456 2458 516 anbelagdt
2485 445 2742 505 beschechen,
2770 445 2927 505 Denne
2969 447 3040 507 die
3054 446 3182 506 Zeugen
3195 445 3323 505 selbst

2124 562 2335 622 ankleger
2356 547 2461 607 undt
2513 536 2660 596 hiemit
2693 531 2765 591 alß
2798 529 2903 589 Eine
2945 529 3145 589 Vorlaute
3176 529 3346 589 Kund¬

2106 665 2281 725 schafft
2297 635 2569 695 anzusehen,
2600 617 2822 677 Endtlichn
2854 612 2982 672 dann
3013 610 3078 670 der
3094 607 3300 667 Ehemann

2123 752 2351 812 Rudolff
2394 725 2536 785 Honfter
2550 714 2693 774 nichts
2721 704 2934 764 geklagt,
2948 699 3034 759 auch
3048 695 3191 755 solches
3205 691 3291 751 von

2122 850 2233 910 seine
2274 824 2484 884 Ehefreut
2525 811 2636 871 nicht
2664 805 2830 865 glauben
2859 802 2969 862 will
3039 799 3094 859 die
3123 797 3178 857 soch
3219 789 3344 849 Gott

2137 936 2213 996 und
2238 925 2326 985 der
2351 915 2464 975 Zeith
2503 900 2856 960 heimbgestellt,
2881 889 2994 949 undt
3020 883 3133 943 beiyde
3184 874 3285 934 von

2134 1025 2246 1085 dieser
2258 1011 2482 1071 ankleydt
2508 996 2694 1056 liberirt,
2720 988 2831 1048 undt
2856 982 2968 1042 weln
2992 976 3055 1036 die
3092 969 3204 1029 Frey
3230 961 3291 1021 sich

2136 1119 2222 1179 mit
2246 1108 2309 1168 dem
2383 1093 2519 1153 Truuk
2557 1080 2818 1140 übernommen,
2842 1073 2942 1133 undt
2966 1069 3064 1129 auff
3090 1064 3151 1124 der
3188 1059 3300 1119 Stroß

2136 1205 2229 1265 also
2257 1186 2432 1246 ligendt
2458 1170 2741 1230 angetroffen
2754 1160 2941 1220 worden,
2970 1155 3063 1215 Alß
3104 1144 3318 1204 wollindt

2137 1317 2154 1377 M
2239 1289 2393 1349 Hge
2427 1274 2495 1334 e
2547 1261 2785 1321 ufetegn
2820 1252 2974 1312 haben,
3007 1244 3076 1304 Ihr
3109 1229 3280 1289 solches

2129 1391 2404 1451 verkwistlich
2444 1368 2735 1428 vorzuhalten
2762 1359 2857 1419 undt
2872 1356 2913 1416 su
2967 1347 3147 1407 beseren
3201 1328 3368 1388 läb¬

2112 1501 2125 1561 v
2154 1491 2265 1551 lesen
2293 1469 2658 1529 anzunahnen.

2306 1694 2616 1754 Ponsaht
2644 1677 2697 1737 de
2747 1672 2799 1732 3.
2824 1664 3007 1724 Nob.
3035 1651 3138 1711 12

2589 1803 2770 1863 Praeseo

2259 1939 2521 1999 MnHH.
2553 1919 2707 1979 Bennno
2737 1907 2815 1967 von
2845 1892 3094 1952 Mählemn

2542 2016 2778 2076 Asessore

2255 2139 2446 2199 Weh.
2461 2130 2529 2190 oed

2373 2206 2470 2266 .

2146 2317 2323 2377 Gesul
2367 2309 2411 2369 an
2455 2296 2707 2356 MnHHr.n
2736 2280 2987 2340 Großviedel
3031 2268 3208 2328 Küpfer.
3223 2263 3385 2323 Maria

2146 2404 2318 2464 Bastler
2353 2391 2433 2451 Von
2467 2379 2721 2439 Bottowwiel
2778 2368 2859 2428 habe
2893 2365 2927 2425 on
2939 2362 2997 2422 Min
3009 2357 3100 2417 gnädigen
3111 2351 3216 2411 Herren
3227 2345 3284 2405 die

2177 2484 2455 2544 schidigung
2502 2470 2671 2530 begehrt
2707 2462 2828 2522 wider
2864 2455 2925 2515 Ihr
2972 2436 3273 2496 Eheverlobten

2155 2578 2237 2638 den
2286 2569 2476 2629 Prooisod
2524 2553 2798 2613 Walthert,
2821 2541 2917 2601 Ehee
2941 2534 3060 2594 undt
3095 2525 3226 2585 bevor
3261 2519 3357 2579 aber
