4032 3024
394 306 486 366 134
500 301 578 361 b.

693 336 866 396 dluseben
903 321 971 381 Ihr
1025 310 1094 370 daß
1130 300 1252 360 beyehey
1286 296 1479 356 illfahrn
1497 306 1636 366 wollen
1707 332 1775 392 für

685 438 817 498 Manth
885 420 951 480 hie
977 409 1059 469 von
1098 396 1232 456 parte
1259 386 1459 446 zugeben,
1474 389 1700 449 einsfahls
1713 401 1766 461 Ihr

377 444 401 504 4
436 430 580 490 habendt
603 413 640 473 Sie

391 485 651 545 gutfundentc.

703 533 768 593 deß
822 506 1061 566 Waltheits
1089 482 1367 542 auffenthalt
1395 473 1567 533 wüßen
1608 473 1754 533 thatet

707 609 767 669 Ihm
830 596 1039 656 notificirn
1077 587 1101 647 zu
1126 581 1323 641 können,
1337 575 1410 635 daß
1460 574 1522 634 die
1546 572 1731 632 Baßler

690 698 756 758 Ihn
803 680 901 740 tell
932 672 1127 732 verwüisen
1145 665 1324 725 laßen.

697 870 901 930 Pferthen
930 856 1032 916 Praf
1090 843 1265 903 Weilen
1308 836 1411 896 laut
1439 835 1703 895 Einkommener

390 996 497 1056 Gales
511 988 577 1048 tnie
605 971 873 1031 Mangestredud
913 953 980 1013 Von
1007 938 1248 998 Breaulmes
1288 927 1356 987 die
1382 922 1490 982 Ane
1543 919 1692 979 Marie
1718 921 1798 981 Galo

699 1041 815 1101 welche
848 1035 911 1095 den
965 1027 1104 1087 David
1125 1018 1220 1078 Colet
1253 1011 1316 1071 der
1337 1002 1689 1062 schwängerung
1721 1001 1795 1061 halb

388 1075 483 1135 Colet
505 1062 612 1122 David

697 1119 861 1179 beklagt,
873 1111 956 1171 nun
991 1106 1049 1166 sich
1084 1101 1190 1161 nicht
1214 1095 1450 1155 schwanger
1496 1088 1697 1148 befindet
1732 1087 1779 1147 Er

698 1211 808 1271 dann
843 1203 931 1263 auch
966 1197 1021 1257 die
1054 1191 1155 1251 that
1177 1183 1367 1243 gäntzlich
1412 1173 1646 1233 vonienet
1692 1165 1769 1225 allß

690 1296 816 1356 habend
830 1293 842 1353 e
867 1290 942 1350 nigen
955 1285 1055 1345 Heren
1068 1277 1283 1337 einethalb
1308 1268 1422 1328 alleß
1472 1260 1598 1320 Gott
1636 1251 1738 1311 undt
1762 1246 1814 1306 der

685 1375 763 1435 seit
789 1373 1129 1433 heimbgestellt,
1155 1364 1222 1424 und
1248 1358 1325 1418 soll
1353 1351 1405 1411 sie
1431 1339 1614 1399 drinnen,
1627 1328 1693 1388 alß
1732 1318 1784 1378 auß

694 1459 787 1519 ihrem
835 1456 987 1516 eigenem
1057 1448 1210 1508 mundt
1234 1437 1457 1497 gerichtet,
1480 1428 1551 1488 sud
1587 1417 1810 1477 abbüeßung

699 1535 861 1595 gehalten
883 1529 1046 1589 werden.
1058 1524 1116 1584 Sie
1128 1520 1196 1580 umb
1232 1516 1277 1576 die
1289 1509 1382 1569 sosen
1393 1496 1613 1556 versellende

700 1643 770 1703 Auß
814 1637 870 1697 der
900 1631 1070 1691 zleyten
1128 1626 1312 1686 Procedid
1356 1621 1426 1681 von
1470 1612 1684 1672 gedachten

701 1725 940 1785 Beaulmes
965 1719 1067 1779 Habind
1092 1718 1154 1778 Min
1168 1717 1268 1777 gnädigen
1281 1714 1382 1774 Herrn
1395 1709 1484 1769 auch
1509 1695 1685 1755 ersechen
1735 1667 1785 1727 ie

741 1810 769 1870 eß
812 1810 1001 1870 Araham
1060 1811 1088 1871 de
1117 1810 1218 1870 Riaz
1249 1808 1291 1868 so
1306 1805 1407 1865 woht
1437 1796 1509 1856 der
1539 1787 1596 1847 Ehe
1625 1774 1698 1834 alß
1742 1753 1799 1813 deß

405 1810 434 1870 de
454 1805 533 1865 Riaz
553 1801 711 1861 Abraha¬

393 1885 593 1945 Cachemälle
612 1877 722 1937 Marie

730 1900 996 1960 beyschlaffs
1009 1901 1089 1961 halb
1117 1900 1264 1960 beklge
1344 1891 1504 1951 Marie
1530 1866 1784 1926 Cachemaile

712 1994 777 2054 die
788 1989 875 2049 aber
897 1985 1028 2045 fint-
1051 1984 1159 2044 undt
1182 1981 1324 2041 anders
1346 1974 1576 2034 vermeinet,
1597 1947 1772 2007 deolegen

706 2069 749 2129 so
760 2069 848 2129 habed
870 2068 935 2128 Mein
947 2065 1033 2125 gnädigen
1044 2063 1132 2123 Herren
1143 2059 1186 2119 Sie
1220 2056 1306 2116 von
1362 2046 1459 2106 Ihme
1482 2032 1667 2092 liberirt
1699 2012 1798 2072 undt

723 2144 813 2204 Ihne
847 2144 995 2204 allhier
1017 2143 1085 2203 alß
1119 2143 1176 2203 auß
1210 2140 1324 2200 seinem
1403 2128 1561 2188 Eigenau
1629 2105 1777 2165 mundt

711 2225 910 2285 gerichtet,
923 2225 989 2285 zur
1016 2227 1268 2287 abbießung
1294 2222 1507 2282 gehalten
1559 2208 1626 2268 die
1639 2191 1772 2251 Kösten

700 2312 1056 2372 trttschlagende
1123 2315 1178 2375 da
1218 2317 1356 2377 dann
1383 2315 1425 2375 Er
1465 2308 1574 2368 Riag
1616 2292 1696 2352 der

715 2401 987 2461 Sachemaille
1023 2403 1196 2463 Wandel
1220 2405 1283 2465 So
1295 2404 1368 2464 Meine
1381 2401 1480 2461 gnädigen
1492 2394 1591 2454 Herren
1604 2375 1739 2435 gethan

735 2474 819 2534 und
855 2480 905 2540 Si
941 2485 1008 2545 alß
1043 2489 1110 2549 Ein
1144 2492 1299 2552 Ehrlich
1332 2488 1693 2548 Merscherkent.

3198 228 3280 288 133

2124 316 2296 376 Sutzan
2311 312 2326 372 H
2405 308 2546 368 Efarsh
2625 307 2656 367 o
2717 305 2875 365 nHen
2906 304 2968 364 ere
3000 301 3343 361 lagenderthunin

2098 413 2192 473 hate
2245 399 2420 459 Küeffer
2447 393 2541 453 undt
2568 392 2649 452 habe
2702 391 2972 451 angebracht
2998 388 3053 448 wie
3079 384 3145 444 daß
3187 376 3361 436 derselben

1839 496 1892 556 se
1995 456 2077 516 er

2157 504 2212 564 In
2240 488 2406 548 ditten
2449 476 2559 536 Ruff
2588 472 2697 532 wider
2711 472 2782 532 Ihn
2823 472 2907 532 Bor
2920 473 3087 533 zwelff
3114 472 3267 532 Jahren

1839 575 1955 635 gsan
1973 547 2128 607 tehand

2135 571 2487 631 außgetrettenen
2514 554 2677 614 Ehenau
2757 553 2974 613 Abersamb
3016 553 3273 613 Hoffmann

2137 679 2208 739 von
2236 649 2482 709 Lattringen
2553 633 2683 693 nicht
2711 632 2812 692 thun
2855 632 2956 692 wolle
2999 631 3287 691 außgrundt

2116 758 2261 818 weilen
2313 741 2378 801 Ein
2418 730 2548 790 brieff
2589 724 2667 784 von
2720 721 2824 781 Ihme
2878 717 3152 777 eingelanget,
3165 713 3206 773 so
3232 709 3297 769 Sie

2100 848 2272 908 Künffter
2300 828 2387 888 aber
2430 814 2689 874 Supporict
2703 808 2903 868 glauben,
2932 803 3132 863 zumahle
3176 795 3247 855 der

2102 937 2339 997 Sfortauß
2388 912 2514 972 Fürn
2552 904 2652 964 und
2676 902 2715 962 10
2740 900 2802 960 r.
2827 898 3003 958 geboret
3053 887 3240 947 Woüber

2098 1029 2314 1089 Menge
2357 1007 2443 1067 ere
2459 1000 2517 1060 Hr
2560 992 2733 1052 Pfarn
2762 983 3037 1043 auffgetragen
3066 979 3152 1039 haben
3166 973 3340 1033 wollendt

2121 1125 2186 1185 ihr
2213 1107 2358 1167 kueff
2372 1085 2757 1145 auszumachen,
2783 1076 2916 1136 undt
2942 1075 3049 1135 ihme
3088 1073 3367 1133 Hooffmann

2106 1195 2525 1255 zunzuschriben,
2553 1172 2665 1232 seine
2693 1160 2931 1220 Ehefrauls
2959 1154 3058 1214 habe
3085 1152 3168 1212 Ihne
3196 1151 3380 1211 Verüfen

2127 1288 2317 1348 laßen,
2333 1268 2428 1328 und
2444 1258 2539 1318 selb
2573 1250 2650 1310 ier
2668 1246 2810 1306 lanck
2841 1243 3050 1303 kommen.

2143 1455 2507 1515 Hmmeswaldt
2527 1436 2616 1496 und
2655 1427 2836 1487 Relp.
2854 1417 2946 1477 be.
2982 1412 3018 1472 Es
3054 1406 3146 1466 habe
3182 1394 3291 1454 Iwir

2119 1567 2274 1627 Chösten
2339 1543 2455 1603 härn
2521 1527 2612 1587 von
2650 1517 2844 1577 Gruben
2883 1509 3104 1569 Kiochhöre
3130 1500 3388 1560 Zimmeswalt

1854 1598 1885 1658 ha
1949 1589 2090 1649 Christen

2169 1651 2223 1711 die
2256 1632 2375 1692 Anna
2429 1607 2711 1667 Himmermann
2743 1596 2809 1656 von
2853 1591 3014 1651 Gelpp,
3037 1587 3090 1647 die
3134 1584 3177 1644 Er
3210 1580 3350 1640 ge¬

1861 1681 2038 1741 Gürmann
2052 1679 2133 1739 Anna

2166 1719 2409 1779 schwängeret
2467 1699 2501 1759 zu
2549 1691 2710 1751 Ehrlichen
2746 1683 2907 1743 begehrt
2943 1676 3047 1736 Liebe
3070 1670 3163 1730 aber
3185 1661 3278 1721 dera

2152 1809 2298 1869 Vatter
2309 1803 2364 1863 sich
2421 1796 2522 1856 dieses
2556 1789 2612 1849 Ehe
2656 1774 2904 1834 bezeuchung
2937 1754 3196 1814 widersetzet,
3207 1741 3330 1801 undt

2126 1904 2238 1964 seine
2262 1894 2400 1954 Rahtes
2425 1883 2550 1943 undts
2575 1874 2637 1934 dem
2700 1865 2799 1925 Jahyn
2824 1849 3136 1909 veggsaunennen
3161 1831 3361 1891 verlangt

2139 1997 2232 2057 als
2255 1989 2418 2049 hend
2489 1978 2534 2038 e
2582 1971 2649 2031 e
2720 1960 2790 2020 her
2813 1950 2929 2010 auch
2954 1940 3047 2000 das
3069 1928 3304 1988 suprcht¬

2137 2083 2339 2143 ertheilt,
2368 2074 2455 2134 und
2484 2067 2557 2127 die
2572 2063 2600 2123 se
2643 2058 2702 2118 Ehe
2731 2045 3020 2105 versprechung
3049 2025 3324 2085 auffgehoben

2150 2177 2227 2237 de
2252 2165 2569 2225 abbüeßung
2608 2148 2799 2208 bißnoch
2849 2137 2926 2197 der
2978 2126 3181 2186 Reußt
3206 2117 3258 2177 ein
3283 2110 3409 2170 sollede

2130 2278 2206 2338 de
2225 2268 2441 2328 Indeßen
2498 2254 2577 2314 Ihn
2615 2243 2732 2303 alben
2752 2231 2929 2291 feineren
2967 2211 3201 2271 undgang
3220 2196 3417 2256 berbobten

2123 2368 2288 2428 wtaten
