4032 3024
487 315 600 375 1368.

718 373 956 433 Bechsge.
974 352 1141 412 Jarban
1177 341 1307 401 Setz,
1325 340 1361 400 so
1399 340 1471 400 Lab
1492 341 1528 401 1.
1564 348 1656 408 ar
1674 359 1787 419 isten

743 470 795 530 die
820 453 1004 513 thuligung
1029 438 1134 498 linder
1147 432 1213 492 ihm
1264 427 1499 487 ehemann
1578 442 1759 502 Johanns

474 529 582 589 Rat.
593 513 701 573 Beobar

461 619 544 679 hey
587 583 861 643 ewenschuge
902 547 987 607 hen
1008 524 1240 584 angeforgn
1260 510 1554 570 ehalten,
1577 526 1704 586 haben

747 639 982 699 angebracht
1015 624 1061 684 sie
1092 612 1249 672 befinde
1297 601 1375 661 sich
1390 598 1500 658 seith
1533 598 1595 658 den
1626 602 1690 662 26.
1706 610 1783 670 Aug

730 725 915 785 Jungschin
943 712 1028 772 von
1086 703 1170 763 Phnr
1213 694 1440 754 schlanger
1483 691 1569 751 der
1583 691 1724 751 Mann

733 824 824 884 habe
854 808 1024 868 hingegen
1040 788 1269 848 Ventlüket,
1284 775 1392 835 wand
1407 768 1530 828 Ihme
1560 767 1636 827 das
1668 770 1807 830 Kinden

735 909 868 969 berühn
880 898 990 958 möge
1039 886 1149 946 wolle
1185 871 1429 931 fornemmen,
1465 857 1660 917 worüber
1684 856 1758 916 Meg

729 990 809 1050 Ihnn
834 981 1078 1041 aufgetragen
1090 968 1195 1028 haben
1229 961 1323 1021 woll
1334 955 1416 1015 midt
1462 948 1533 1008 Sie
1556 946 1603 1006 in
1638 940 1743 1000 Ihrer

730 1069 1044 1129 bevorstehender
1068 1051 1357 1111 Niderkunfft
1394 1039 1682 1099 Examinioen,
1695 1039 1782 1099 undt

724 1169 795 1229 Ihr
830 1155 1078 1215 genstlich
1095 1142 1272 1202 außbag
1289 1134 1483 1194 bechten
1518 1132 1554 1192 zu
1589 1133 1749 1193 laßen

713 1352 910 1412 Könit.
927 1345 972 1405 Es
1002 1341 1094 1401 habe
1124 1335 1308 1395 Endtliche
1338 1330 1430 1390 Hanß
1490 1320 1811 1380 Schwendemann

481 1397 681 1457 Schwendiman
705 1395 764 1455 sanß

747 1436 810 1496 von
841 1435 1073 1495 Riedtburg,
1094 1428 1220 1488 kelchem
1273 1419 1399 1479 Anna
1451 1409 1578 1469 Stoll
1609 1402 1661 1462 von
1684 1397 1788 1457 allda

491 1475 577 1535 Stoll
607 1471 703 1531 Anna

755 1513 814 1573 Ihr
839 1511 969 1571 Kindt
1005 1508 1256 1568 zugeegnet
1279 1505 1315 1565 vo
1326 1503 1398 1563 Mine
1410 1500 1506 1560 gnädigen
1517 1495 1613 1555 Heren
1636 1484 1816 1544 angelobt

746 1598 854 1658 selbe
877 1595 1165 1655 zuEhrlichen,
1189 1594 1392 1654 derolegen
1417 1591 1487 1651 Sie
1512 1587 1608 1647 auch
1643 1575 1787 1635 selben

756 1682 839 1742 also
854 1679 980 1739 Ehrlich
1022 1684 1205 1744 zusammn
1219 1687 1389 1747 bekent.

720 1858 1096 1918 Jhwarzenburg
1128 1861 1259 1921 praf.
1275 1858 1325 1918 Er
1357 1848 1586 1908 verlange
1617 1826 1749 1886 zwar

473 1927 618 1987 Schneider
637 1927 738 1987 Cchristen

743 1936 800 1996 von

819 1944 1025 2004 MngeHe
1051 1951 1153 2011 eristen
1180 1950 1359 2010 Schweider
1386 1943 1476 2003 auß
1528 1932 1591 1992 der
1618 1917 1720 1977 Auß

472 2008 647 2068 Hofstder
660 2013 769 2073 Elstben

781 2023 835 2083 die
848 2028 1026 2088 Elstbeth
1053 2034 1312 2094 Chofftatter
1339 2031 1368 2091 so
1394 2028 1435 2088 Er
1462 2007 1803 2067 geschwängert

748 2117 990 2177 zuEhrlicher,
1003 2124 1131 2184 weilen
1156 2127 1245 2187 aber
1272 2125 1373 2185 selbe
1398 2119 1513 2179 wegen
1538 2094 1780 2154 begangenen

755 2192 927 2252 Meyenn
953 2198 1153 2258 Ehebrucher
1179 2202 1232 2262 die
1258 2202 1405 2262 behorige
1445 2189 1592 2249 stroff
1618 2164 1723 2224 nicht

761 2275 1153 2335 außgestanden,
1182 2287 1251 2347 alß
1295 2288 1393 2348 viedt
1434 2284 1491 2344 der
1519 2276 1590 2336 Hl.
1603 2254 1773 2314 prafi¬

758 2353 901 2413 hiemt
916 2361 1077 2421 ersucht
1108 2369 1173 2429 hie
1188 2374 1284 2434 nach
1316 2377 1363 2437 der
1396 2370 1635 2430 Ordnung
1666 2346 1697 2406 de
1731 2322 1827 2382 1.

766 2429 840 2489 zur
855 2435 1091 2495 gebührender
1120 2457 1415 2517 Deptracation
1459 2457 1709 2517 znhalten

3198 232 3281 292 137

2116 291 2240 351 Undt
2252 280 2327 340 nach
2352 275 2403 335 der
2427 272 2602 332 Geißt
2628 272 2689 332 für
2715 274 2764 334 die
2789 276 2827 336 in
2876 281 3077 341 bemeltes
3114 283 3313 343 Ordndng

2098 382 2305 442 bestimbte
2359 368 2483 428 Zeith
2496 364 2566 424 deß
2620 362 2759 422 landes
2787 364 2827 424 zu
2854 365 3034 425 verlesen
3104 368 3158 428 da
3199 370 3241 430 Iy

2106 487 2170 547 des
2198 478 2262 538 Mein
2275 471 2380 531 gnädigen
2392 464 2497 524 Herren
2524 460 2576 520 dem
2667 455 2862 515 Schneider
2889 454 2981 514 dera
3020 454 3293 514 lebesfauht

2137 566 2458 626 zubekennet,
2471 550 2513 610 ob
2554 547 2638 607 aber
2665 544 2820 604 selbige
2861 544 2931 604 alß
2972 544 3097 604 Ehelich
3127 544 3195 604 oder
3223 541 3320 601 nicht

2123 653 2446 713 einzuschrieben
2477 637 2594 697 seyn,
2623 633 2725 693 soll
2756 631 2947 691 selbiges
2962 629 3021 689 in
3050 629 3153 689 albo
3182 628 3358 688 gelaßen

2129 755 2341 815 werden.

2093 894 2351 954 Luttburg
2365 876 2547 936 praef.
2577 869 2621 929 Es
2652 867 2773 927 wolle
2802 861 3075 921 verlauten,
3104 854 3151 914 ob
3180 848 3303 908 hätte

2116 1001 2336 1061 deßelben
2361 979 2518 1039 Ambts
2543 967 2763 1027 Sorfahr
2801 959 2892 1019 H.
2905 953 3177 1013 Landtvogt
3203 940 3357 1000 Stücker

2122 1092 2159 1152 in
2196 1081 2260 1141 dem
2297 1061 2586 1121 Consistorial
2636 1048 2812 1108 handel
2849 1040 3038 1100 süschen
3050 1033 3175 1093 Anna
3200 1021 3377 1081 Erißman¬

2149 1168 2214 1228 uß
2268 1156 2334 1216 dem
2427 1143 2545 1203 hohen
2586 1137 2665 1197 veg
2678 1132 2797 1192 undt
2824 1130 2956 1190 Rudi
2983 1129 3063 1189 Rat
3101 1127 3168 1187 dem

1867 1196 2032 1256 hißman
2046 1189 2138 1249 dict¬

2145 1257 2340 1317 Grichts
2377 1237 2549 1297 Weibel
2597 1229 2634 1289 zu
2670 1225 2842 1285 Itttwel
2891 1220 2927 1280 in
2965 1215 3111 1275 brysen
3148 1201 3296 1261 deß¬

1839 1315 1945 1375 Vd.
1961 1289 2052 1349 Ruck

2123 1340 2329 1400 Schrebers
2356 1329 2494 1389 holfs
2535 1321 2686 1381 welches
2727 1317 2768 1377 Er
2809 1312 2906 1372 auch
2947 1302 3209 1362 verzeichnet
3236 1289 3345 1349 haben

2140 1425 2270 1485 soll,
2308 1416 2387 1476 der
2425 1408 2674 1468 Frißmann
2725 1402 2908 1462 roogl.
2934 1389 3206 1449 Versprochen

2096 1525 2241 1585 deroen
2255 1515 2328 1575 Min
2343 1508 2459 1568 gnädigen
2473 1501 2589 1561 Herren
2604 1496 2791 1556 deselben
2820 1489 3095 1549 bründtlich
3125 1474 3313 1534 ersucht

2113 1608 2203 1668 habe
2250 1594 2468 1654 wollmndt,
2490 1585 2559 1645 den
2605 1582 2719 1642 Holf
2753 1576 2948 1636 darüber
2993 1571 3040 1631 zu
3073 1562 3359 1622 vernemmen,

3237 1634 3310 1694 .

2126 1686 2244 1746 undt
2256 1679 2364 1739 seinen
2399 1673 2542 1733 bericht
2577 1667 2731 1727 sambt
2754 1662 2826 1722 dem
2884 1652 3098 1712 Auffsatz
3133 1637 3253 1697 deßn

2115 1781 2256 1841 hopft
2286 1769 2499 1829 fürderlich
2513 1753 2826 1813 einzusanden:

2107 1936 2395 1996 Nillarell.
2442 1921 2638 1981 Weiben
2653 1908 2789 1968 laut
2821 1896 2927 1956 Ihrr
2942 1880 3230 1940 eingesenter

2154 2024 2343 2084 Pocedicd
2368 2015 2406 2075 so
2431 2009 2532 2069 wohl
2570 2002 2634 2062 die
2672 1990 2975 2050 Magdelaine
3027 1971 3164 2031 Haldi
3191 1961 3266 2021 alß

1857 2041 1967 2101 Hald,
1977 2036 2153 2096 Madilaise

2179 2110 2281 2170 Jean
2337 2096 2587 2156 Francors
2622 2078 2793 2138 Besson
2895 2061 2962 2121 von
3019 2052 3110 2112 vor
3145 2042 3383 2102 Hraußfraß

1864 2124 1947 2184 deson
1974 2122 2042 2182 Secan
2069 2123 2166 2183 frau¬

2136 2180 2348 2240 gutwillig
2376 2164 2759 2224 abgestanden;
2787 2149 2873 2209 Als
2902 2141 2988 2201 hanm
3016 2134 3072 2194 ine
3086 2128 3200 2188 gnädigen
3214 2121 3329 2181 Herre

2131 2262 2291 2322 selbige
2326 2256 2429 2316 auch
2463 2245 2727 2305 aufgehohen,
2750 2234 2853 2294 undt
2887 2226 3025 2286 beyde
3048 2220 3082 2280 in
3116 2211 3288 2271 Vorige

2110 2352 2315 2412 Beyheit
2344 2341 2551 2401 gesehzet,
2580 2328 2741 2388 deßen
2770 2320 2844 2380 Sie
2873 2307 3181 2367 verständiget
3210 2294 3372 2354 werdind

2132 2430 2461 2490 mitgesinnen
2522 2416 2615 2476 das
2646 2409 2780 2469 Cammer
2821 2395 3109 2455 imolument
3139 2386 3170 2446 so
3190 2385 3252 2445 sich
3273 2381 3386 2441 auff

2120 2530 2180 2590 50
2210 2522 2272 2582 l.
2301 2511 2512 2571 belaufft
2559 2499 2725 2559 Barder
2755 2490 2891 2550 Hald
2951 2478 3194 2538 zubezeih
3238 2465 3345 2525 undt

2131 2603 2201 2663 dem
2271 2594 2509 2654 Secretario
2538 2574 2959 2634 zuübermahen.
