4032 3024
509 275 663 335 18f.

750 338 926 398 Watt.
944 310 1120 370 Weiben
1155 288 1314 348 Cchißten
1348 284 1508 344 Baltl.
1525 296 1613 356 Ston
1630 321 1770 381 Bollin

769 426 829 486 sich
844 411 1042 471 erkütert
1072 396 1134 456 die
1179 387 1301 447 Mania
1348 383 1455 443 Stub
1485 387 1530 447 zu
1562 404 1759 464 fhrlichen

768 516 837 576 aß
851 501 977 561 emein
993 487 1105 547 gnädigen
1119 476 1245 536 Herren
1259 472 1300 532 die
1330 470 1426 530 auff
1456 474 1554 534 alßo
1595 488 1749 548 ehrlich

511 498 761 558 haltschster,

766 595 922 655 zusame
947 573 1143 633 bekennet,
1155 562 1324 622 deßen
1362 559 1440 619 Sie
1492 564 1700 624 berichtet

510 595 608 655 aut
625 580 706 640 Mon

772 677 931 737 verdindt
956 667 1029 727 mit
1053 658 1201 718 gesinng
1226 651 1336 711 selbe
1374 649 1779 709 verbundenunden

773 758 942 818 Copuliten
966 746 1210 806 zulaßen,
1234 735 1429 795 Indeßen
1465 733 1551 793 aber
1587 734 1685 794 das

763 847 988 907 Analuent
1024 839 1061 899 Ie
1072 837 1119 897 sich
1143 832 1227 892 auff
1250 830 1297 890 40
1321 826 1381 886 l.
1393 823 1571 883 belaufft
1606 818 1690 878 von
1714 816 1773 876 den

769 944 951 1004 Pfarheyn
994 932 1316 992 zubezrüchen,
1330 921 1443 981 undt
1484 915 1555 975 den
1584 910 1793 970 secretanio

766 1025 1116 1085 srübestucden.

791 1187 1117 1247 Guigesferg.
1134 1183 1254 1243 Über
1288 1184 1357 1244 deß
1408 1186 1477 1246 H.
1511 1189 1700 1249 Pfarh.
1717 1189 1768 1249 dan

796 1280 1053 1340 Eingelangte
1079 1277 1268 1337 schreiben,
1283 1275 1402 1335 solen
1431 1273 1497 1333 ein
1511 1270 1619 1330 gnädigen
1632 1262 1767 1322 Herren

797 1372 960 1432 antwort
987 1370 1221 1430 verdeütet
1261 1367 1412 1427 haben:
1439 1355 1699 1415 betreffende

515 1481 626 1541 Paul.
652 1477 727 1537 Alle¬

827 1480 934 1540 Mll.
979 1486 1071 1546 faul
1116 1491 1208 1551 undt
1240 1492 1346 1552 Anna
1391 1488 1667 1548 Brüllhard
1682 1474 1819 1534 stritse

514 1546 698 1606 Brillhard
730 1541 806 1601 Ana¬

824 1564 990 1624 Ehelenthe
1014 1568 1156 1628 wollinde
1168 1570 1264 1630 gnädigen
1275 1571 1369 1631 Heren
1393 1569 1477 1629 ehnen
1488 1561 1773 1621 auffgetragen

784 1642 872 1702 habe
897 1648 1100 1708 Pfarteyn
1112 1653 1251 1713 sambt
1276 1655 1338 1715 des
1377 1651 1591 1711 Sthliger
1629 1633 1718 1693 von

793 1730 889 1790 heit
904 1736 1080 1796 überaicht
1113 1743 1160 1803 tag
1193 1744 1240 1804 vor
1274 1746 1336 1806 Sie
1369 1742 1530 1802 halten
1545 1736 1592 1796 zu
1608 1722 1752 1782 laßen

517 1846 813 1906 Augischafir.

835 1843 1012 1903 klangen
1050 1856 1111 1916 die
1130 1867 1307 1927 Moihen
1329 1873 1368 1933 zu
1407 1872 1683 1932 Gugshen
1702 1847 1843 1907 wenden

528 1901 603 1961 then

777 1912 896 1972 diesie
922 1920 987 1980 zur
1001 1935 1223 1995 bezahlung
1264 1950 1329 2010 der
1356 1954 1434 2014 5lb
1461 1952 1552 2012 buß
1619 1934 1763 1994 halten

801 1988 895 2048 undt
922 1995 989 2055 won
1003 2002 1057 2062 sie
1070 2011 1180 2071 nicht
1206 2024 1368 2084 gehirren
1395 2030 1557 2090 thäte,
1570 2022 1692 2082 selbe
1705 2006 1773 2066 auf

790 2072 969 2132 überacht
1007 2089 1198 2149 tagallhew
1250 2106 1377 2166 wüßen
1404 2110 1454 2170 zu
1480 2109 1671 2169 laßen,
1710 2093 1761 2153 da

778 2147 920 2207 Mhe
947 2155 985 2215 e
1010 2164 1101 2224 abey
1128 2176 1206 2236 umb
1244 2187 1322 2247 dero
1335 2194 1491 2254 sammer
1529 2180 1801 2240 Emolumiat

793 2221 852 2281 der
880 2227 982 2287 80b.
1012 2243 1142 2303 verhelt
1186 2264 1318 2324 selches
1347 2273 1420 2333 Sie
1448 2275 1507 2335 von
1566 2267 1639 2327 Ihra
1667 2239 1827 2299 beziehen

806 2293 897 2353 midt
920 2302 989 2362 den
1036 2344 1476 2404 Leckertibesthlhz
1498 2349 1732 2409 wedendt.

547 2387 654 2447 beyelr
680 2392 987 2452 Magerkndtliche,
1002 2426 1162 2486 liedends
1190 2446 1242 2506 Sie
1270 2466 1510 2526 gleichfahls
1537 2469 1591 2529 die
1617 2455 1778 2515 Marpret

540 2443 679 2503 Wange
712 2446 773 2506 haß
804 2461 945 2521 beteler
976 2484 1086 2544 weiher
1101 2501 1148 2561 den
1165 2515 1258 2575 Hauß
1319 2537 1476 2597 anges
1508 2543 1555 2603 der
1570 2539 1632 2599 Ehr
1665 2525 1773 2585 halb

808 2532 970 2592 Auffech
988 2554 1080 2614 üuber
1098 2580 1260 2640 achten
1278 2605 1423 2665 alliher
1442 2614 1587 2674 Eeien
1605 2600 1805 2660 läßer.

3204 223 3277 283 139

2120 313 2342 373 Grandson
2405 298 2541 358 Praf.
2578 295 2678 355 über
2702 295 2776 355 sein
2814 296 2963 356 schreiben
3024 296 3123 356 undt
3148 294 3372 354 beygelege¬

2107 400 2210 460 ener
2233 383 2417 443 Noredud
2453 373 2544 433 von
2613 368 2809 428 iomnard
2867 367 3062 427 betreffen
3085 365 3119 425 des
3142 362 3292 422 Koagne

2146 466 2361 526 Vicollies,
2385 451 2504 511 wolche
2539 445 2600 505 Ihr
2635 443 2707 503 zur
2731 442 2838 502 welt
2862 440 3077 500 gebohrnes
3100 434 3268 494 Kindt

2129 560 2189 620 dem
2249 541 2454 601 Abrahum
2516 527 2662 587 Ihnod
2686 523 2758 583 von
2782 521 3025 581 Monatack
3085 519 3329 579 zugefignet,

1834 548 1977 608 ssalter
1992 518 2071 578 bauid

2115 658 2160 718 so
2175 643 2282 703 wohl
2329 626 2406 686 vor,
2421 617 2498 677 alß
2543 610 2590 670 Im
2635 604 2697 664 der
2727 599 2896 659 grußt
2926 598 2988 658 der
3018 598 3110 658 aber
3142 598 3234 658 Ihra

1842 662 1864 722 1
1974 611 2109 671 Aor.

2110 745 2239 805 diese
2268 719 2468 779 anklgdt
2484 707 2526 767 in
2555 699 2684 759 abernt
2698 692 2785 752 seyn
2842 687 3028 747 vollende
3058 682 3187 742 Ehrl.
3201 679 3286 739 Ihme

2136 825 2341 885 vefollen
2389 798 2562 858 haben,
2593 784 2876 844 vorstehende
2909 774 3177 834 Pforhegen
3223 754 3333 814 duch

2131 925 2201 985 Vr
2238 913 2308 973 H.
2345 894 2576 954 Gfärl.
2593 884 2628 944 in
2665 879 2752 939 dem
2807 865 3090 925 Purgationg
3127 844 3269 904 Eyde

2113 1008 2227 1068 wohl
2255 993 2368 1053 undt
2396 977 2636 1037 grundtlich
2664 958 3004 1018 underechten,
3018 944 3131 1004 undt
3145 934 3342 994 nachkerte

2110 1090 2213 1150 über
2251 1072 2483 1132 deywohen
2548 1055 2870 1115 mntnötigen
2973 1038 3128 1098 bericht
3166 1029 3192 1089 so
3217 1020 3308 1080 wohl

2096 1180 2186 1240 Ihre
2214 1159 2526 1219 empfangenen
2605 1140 2748 1200 Eydel
2774 1128 3061 1188 Instrution
3139 1113 3230 1173 alß

2117 1253 2315 1313 habender
2354 1232 2632 1292 Lümbdert
2685 1217 2791 1277 vor
2831 1208 3002 1268 Ihrgl.
3016 1196 3174 1256 halten

2128 1332 2413 1392 zulaßen:

2099 1515 2530 1575 Kadelsingen:
2560 1491 2668 1551 Auß
2731 1478 2839 1538 Ihren
2899 1463 3085 1523 schreben
3130 1447 3315 1507 habendt

2097 1613 2313 1673 Mendge
2348 1598 2397 1658 en
2430 1587 2582 1647 rehren
2615 1570 2817 1630 gehabt,
2850 1558 2918 1618 wie
2951 1549 3068 1609 darß
3117 1535 3251 1595 bentz

1850 1664 1942 1724 bath
1953 1654 2055 1714 bentz

1847 1749 2035 1809 Serchle
2055 1726 2117 1786 beg
2158 1701 2409 1761 bathainkt
2430 1679 2556 1739 betze
2576 1659 2846 1719 Sigenthaler
2890 1641 2972 1701 von
3013 1630 3180 1690 Bicker
3224 1614 3391 1674 dieß¬

1879 1838 2120 1898 sohlich
2167 1794 2361 1854 Schicht
2408 1774 2482 1834 bey
2505 1762 2626 1822 bit
2676 1750 2796 1810 beiso
2843 1738 2964 1798 Jumn
3014 1730 3108 1790 Rach
3158 1718 3325 1778 Shaeb

1870 1930 1977 1990 vas
2001 1912 2108 1972 hauß
2174 1879 2458 1939 vergangen,
2479 1858 2565 1918 hich
2586 1843 2805 1903 bättagin
2848 1827 2936 1887 den
2957 1810 3347 1870 Riehschauschun

2135 1982 2274 2042 Nadel
2307 1966 2431 2026 füngen
2463 1955 2524 2015 sich
2540 1946 2650 2006 also
2666 1936 2759 1996 mit
2774 1927 2883 1987 hein
2900 1915 3181 1975 übernommen,
3212 1903 3290 1963 daß

2136 2075 2346 2135 darauß
2394 2058 2492 2118 Eüine
2523 2043 2701 2103 schleger
2749 2023 2992 2083 erfolget.
3024 2007 3234 2067 Wrüber

2110 2173 2131 2233 M
2215 2164 2320 2224 e
2402 2153 2425 2213 e
2656 2128 2802 2188 en
2823 2115 2928 2175 abe
2972 2095 3182 2155 allnd,
3202 2074 3307 2134 Man

2144 2254 2220 2314 dem
2293 2246 2399 2306 beit
2443 2235 2580 2295 Barhl
2594 2223 2700 2283 undt
2744 2209 2864 2269 Setz
2894 2189 3134 2249 Sigenhale
3165 2169 3300 2229 neben

2140 2342 2194 2402 24
2250 2332 2487 2392 stündiger
2505 2307 2908 2367 gefangenschafft
2946 2279 3110 2339 annoth
3148 2266 3240 2326 von

2132 2431 2264 2491 Jedem
2344 2424 2450 2484 1otb
2490 2416 2557 2476 buß
2622 2399 2849 2459 zuhanden
2875 2386 2942 2446 der
2968 2378 3074 2438 Keum
3128 2368 3394 2428 zubezeuhen,

2126 2518 2188 2578 der
2224 2514 2336 2574 Rudi
2373 2507 2522 2567 Schrab
2546 2498 2658 2558 undt
2695 2487 2805 2547 Hanß
2868 2472 3054 2532 Schwab
3091 2464 3164 2524 den
3203 2458 3337 2518 Wirth

2133 2605 2210 2665 von
2276 2600 2392 2660 heut
2419 2591 2639 2651 überacht
2678 2580 2757 2640 tag
2795 2568 3043 2628 horhalten
3068 2558 3120 2618 zu
3146 2551 3289 2611 laßen
