4032 3024
249 586 259 646 d

344 297 502 357 170f.

338 489 496 549 Schlecht
511 483 638 543 Pfeter

341 577 477 637 böünig
496 562 632 622 Barbarn

320 668 515 728 sellische
550 656 657 716 hsen

335 1966 499 2026 Gerläder
514 1968 597 2028 Ehe.

336 2045 554 2105 Mittenbach

426 2095 546 2155 Dond

655 351 900 411 beteffendt
917 343 1022 403 damn
1058 334 1181 394 Pfter
1198 329 1374 389 Schrecht
1408 333 1496 393 von
1514 349 1741 409 Lltigen

653 435 1009 495 umbtslauffen
1057 416 1267 476 kirchhher
1315 416 1647 476 Nadelfingen

663 524 823 584 welches
848 517 923 577 sein
947 511 1110 571 Ehrlieb
1159 503 1345 563 Barbara
1396 501 1668 561 Bränigauß

681 619 714 679 er
747 607 992 667 Gemeindt
1025 594 1216 654 Wohlen
1271 590 1527 650 beklaget,
1549 594 1617 654 sich
1628 597 1672 657 in

649 704 821 764 Ehebruch
834 693 914 753 mit
953 686 1099 746 Christen
1125 679 1418 739 SalWißfrg
1457 679 1525 739 Wo
1577 682 1723 742 Mehlen

657 779 913 839 dißmahlen
966 769 1197 829 hindersäß
1260 766 1300 826 zu
1351 767 1569 827 besagten
1595 777 1749 837 liletin

687 870 919 930 vergangen
968 861 1004 921 zu
1041 859 1200 919 haben,
1235 859 1394 919 welcher
1418 857 1649 917 anbelegdt
1673 854 1734 914 die

639 963 846 1023 Baobara
905 951 1066 1011 brünig
1111 946 1204 1006 vor
1251 946 1354 1006 Eüch
1390 946 1643 1006 geständig
1666 947 1748 1007 ge¬

638 1051 780 1111 losen
872 1042 961 1102 mit
1001 1037 1220 1097 Verdäuten
1286 1033 1350 1093 der
1390 1033 1687 1093 Salltisperge

645 1134 744 1194 habe
810 1121 1008 1181 eymahl
1030 1116 1064 1176 in
1097 1114 1219 1174 seinem
1306 1114 1384 1174 deß
1449 1122 1736 1182 bäbitheylig

636 1220 720 1280 mit
747 1214 831 1274 Ihre
874 1206 1069 1266 Zuthun
1112 1201 1280 1261 gehabt
1336 1201 1405 1261 die
1434 1207 1699 1267 Saltischerr

648 1308 755 1368 aber
782 1303 917 1363 diesen
957 1289 1349 1349 Anklaggäntzlich
1388 1281 1673 1341 verneuen

627 1400 752 1460 wolin
779 1399 841 1459 ein
854 1399 955 1459 gnädige
968 1396 1069 1456 Herren
1094 1391 1144 1451 Ihm
1196 1380 1512 1440 auffgetragen
1537 1365 1663 1425 haben

650 1492 867 1552 allseitge
900 1493 930 1553 2
961 1490 1180 1550 fortheyen
1210 1483 1304 1543 über
1321 1476 1430 1536 acht
1460 1468 1538 1528 tag
1569 1456 1725 1516 allhor

665 1585 786 1645 halte
817 1590 862 1650 zu
907 1592 1090 1652 laßen.

630 1731 809 1791 Hedul
847 1727 882 1787 an
918 1726 935 1786 M
1026 1725 1170 1785 HHr
1207 1722 1369 1782 elfr.
1386 1709 1659 1769 Langhauß¬

638 1826 732 1886 weid
758 1825 825 1885 min
839 1823 947 1883 gnädigen
960 1822 1054 1882 Herre
1081 1822 1162 1882 Rath
1175 1820 1282 1880 undt
1309 1817 1458 1877 Burger
1484 1812 1552 1872 das
1565 1810 1605 1870 so
1618 1805 1712 1865 wohl

628 1912 718 1972 Bor
766 1912 856 1972 Inn,
887 1911 949 1971 alß
994 1910 1087 1970 nach
1117 1910 1180 1970 der
1210 1907 1393 1967 genißt
1423 1900 1501 1960 von
1531 1890 1699 1950 dersil

641 1994 841 2054 Zerländer
874 1993 964 2053 Eine
986 1993 1175 2053 gebohrnet
1208 1992 1342 2052 Wildt
1376 1989 1454 2049 zur
1477 1983 1565 2043 wolt
1599 1973 1721 2033 ge¬

650 2080 796 2140 braht
828 2080 923 2140 undt
941 2080 989 2140 is
1053 2081 1230 2141 dallidt
1280 2076 1587 2136 Mittenbach
1619 2058 1683 2118 zu

647 2158 846 2218 gefignete
886 2158 1019 2218 Kind,
1046 2158 1127 2218 Ihme
1153 2159 1287 2219 solches
1313 2157 1379 2217 alß
1420 2149 1606 2209 ohntheil
1620 2138 1672 2198 ich

647 2239 998 2299 zugesprochen,
1024 2245 1085 2305 alß
1124 2247 1300 2307 wolinmine
1312 2244 1413 2304 gnädigen
1425 2241 1525 2301 Herren
1538 2228 1726 2288 Shneash

654 2317 811 2377 hiemit
846 2324 1075 2384 freundtlich
1087 2329 1255 2389 ersucht
1291 2326 1461 2386 haben,
1496 2315 1653 2375 diesers

623 2401 760 2461 Kindt
789 2405 885 2465 Ihme
912 2408 995 2468 H.
1022 2411 1314 2471 Mittenbech
1341 2404 1590 2464 nunmehro
1604 2389 1687 2449 alß

642 2480 858 2540 ohnehelich
888 2487 1121 2547 einschriben
1149 2493 1398 2553 zuveßen.

3134 212 3284 272 Mete.

2067 320 2373 380 Thalheimb.
2399 310 2552 370 Rosina
2591 310 2732 370 Meyer
2769 312 2822 372 deß
2872 314 3025 374 Heinich
3050 311 3191 371 Härdis

2051 424 2144 484 Ihrs
2157 405 2435 465 angehörigen
2476 398 2516 458 so
2542 398 2622 458 forl
2648 400 2796 460 Ehrweib
2809 402 2861 462 hal
2889 403 2942 463 ein
2955 403 3061 463 gnädigen
3074 397 3209 457 Herren

1794 468 2019 528 sesen

2048 515 2260 575 klagendt
2286 495 2514 555 vorstellig
2540 491 2726 551 gemacht,
2739 493 2819 553 daß
2859 494 2952 554 man
2993 496 3058 556 Sie
3086 493 3273 553 drunden

1809 578 1847 638 ge
1866 548 1980 608 rch

2065 602 2172 662 nicht
2193 592 2301 652 mehr
2344 584 2527 644 dulden
2603 581 2744 641 wollen
2808 577 3001 637 hierüber
3035 570 3131 630 nun

2054 692 2176 752 kent
2210 680 2351 740 Ihen
2386 669 2737 729 aufgetragen
2774 663 2879 723 Ihra
2896 661 3001 721 Ein
3037 654 3284 714 benwotigten

2062 774 2359 834 heinachschein
2391 761 2688 821 zuzustellen

2027 968 2249 1028 Aaraulo
2313 952 2483 1012 Maria
2522 947 2665 1007 Ehisch
2705 945 2769 1005 Ihr
2822 940 3095 1000 angehörige
3148 924 3212 984 ist

2058 1055 2191 1115 wegen
2246 1039 2529 1099 verdächtigen
2596 1030 3027 1090 herumbschlieffent
3053 1017 3242 1077 eingesetzt

2091 1142 2182 1202 undt
2210 1132 2498 1192 dienittert,
2524 1128 2630 1188 Ihre
2668 1126 2761 1186 aber
2800 1123 2866 1183 die
2892 1118 3036 1178 Statt
3064 1104 3286 1164 verbotten

1810 1139 1901 1199 Shs
1917 1119 2039 1179 Maria

2080 1225 2183 1285 undt
2210 1219 2484 1279 anbefohlen
2522 1212 2744 1272 worden,
2770 1207 2834 1267 sich
2860 1202 2951 1262 noch
2990 1194 3146 1254 Frauto
3173 1186 3225 1246 zu

2050 1318 2239 1378 begeben,
2279 1308 2441 1368 deßen
2481 1302 2549 1362 Sie
2575 1297 2777 1357 berichtet
2817 1292 2993 1352 werdind
3034 1288 3129 1348 mit
3155 1285 3318 1345 gesinn

2069 1411 2138 1471 Sie
2165 1404 2291 1464 dahin
2348 1395 2597 1455 zuhalten,
2626 1388 2722 1448 daß
2779 1385 2834 1445 Sie
2861 1381 2945 1441 mit
2973 1377 3084 1437 Ihren
3126 1369 3322 1429 Ehemann

2070 1501 2204 1561 hause

2099 1646 2255 1706 Wark
2283 1637 2370 1697 H.
2398 1628 2598 1688 Francois
2626 1616 2769 1676 Louis
2797 1609 2955 1669 Beryer
2983 1603 3054 1663 Son
3084 1600 3297 1660 Lansanne

1829 1696 1910 1756 Veger
1932 1697 1955 1757 R.
1979 1697 2084 1757 Franca¬

2071 1735 2182 1795 wirt
2208 1732 2294 1792 seine
2332 1724 2518 1784 Ehefraul
2555 1713 2680 1773 Caran
2718 1701 2880 1761 Berger
2904 1691 2992 1751 auch
3016 1685 3104 1745 Von
3141 1681 3265 1741 allda

1829 1790 1914 1850 Veger
1929 1787 2057 1847 Erssarn

2100 1826 2185 1886 Eung
2213 1815 2717 1875 Auffbrieffertheilt.
2928 1782 2985 1842 ad
3013 1771 3183 1831 form.

2065 2004 2217 2064 Durch
2232 1994 2293 2054 fin
2308 1986 2490 2046 schrieben
2534 1978 2626 2038 von
2671 1975 2837 2035 Stumel
2869 1969 2899 2029 u
2929 1967 3006 2027 men
3020 1962 3142 2022 gnädigen
3157 1954 3264 2014 Herr

2106 2091 2306 2151 berichtet,
2321 2081 2405 2141 wie
2435 2075 2505 2135 daß
2549 2071 2620 2131 die
2650 2067 2793 2127 Maria
2835 2059 3036 2119 Tribolh
3078 2054 3122 2114 den
3136 2052 3178 2112 12
3192 2048 3279 2108 July

2126 2172 2445 2232 Andsgersen
2508 2155 2786 2215 umkundes
2817 2141 3095 2201 gnugsamer

1840 2157 1976 2217 Debehet
2004 2171 2113 2231 Marig¬

1837 2231 1927 2291 Vber
1939 2246 2067 2306 daniel

2088 2266 2348 2326 frnstlicher
2385 2251 2709 2311 Examination
2770 2233 2882 2293 auff
2906 2225 2981 2285 den
3043 2214 3230 2274 daniel

2089 2361 2258 2421 Geber
2314 2352 2404 2412 Ban
2438 2344 2608 2404 allhier
2653 2336 2731 2396 alß
2788 2327 2968 2387 Vatter
3002 2319 3239 2379 deßelben

2095 2454 2350 2514 verharret
2364 2443 2534 2503 seyn.
2548 2432 2633 2492 Cog.
2647 2425 2732 2485 Ihra
2760 2416 2845 2476 soll
2887 2407 2958 2467 das
2988 2401 3114 2461 Kindt
3128 2398 3356 2458 überlaßen

2096 2540 2188 2600 sen,
2215 2542 2268 2602 biß
2307 2540 2347 2600 Er
2373 2538 2413 2598 ur
2439 2530 2598 2590 landt
2611 2513 2770 2573 kommen
2783 2494 2943 2554 wirdt.
