4032 3024
450 348 551 408 1429

733 394 893 454 Königen
956 376 1003 436 die
1037 356 1243 416 Hebammen
1259 342 1324 402 an,
1356 337 1578 397 Magnetha
1612 352 1706 412 bium

722 488 790 548 sige
831 473 969 533 gestern
1052 450 1203 510 Kindts
1230 435 1395 495 gewesen,
1423 431 1519 491 undt
1547 434 1644 494 auff
1657 445 1741 505 H.

437 529 503 589 Birey
525 508 714 568 Magarshag

425 597 629 657 obefrandt
643 579 717 639 chr
746 568 804 628 von
847 547 1110 607 Sraffenwiet
1155 521 1373 581 verharret:
1388 512 1505 572 Cogl.
1520 511 1593 571 soll
1622 513 1694 573 noch

714 641 991 701 dicintbett
1006 618 1236 678 gescheiun.

712 779 874 839 bringt
908 762 988 822 sel
1038 742 1168 802 hentz,
1185 730 1235 790 die
1267 713 1593 773 Vehemutteran

697 865 824 925 Rasina
867 856 924 916 Ich
952 847 1036 907 seye
1066 837 1135 897 leß
1178 820 1462 880 verstochenen
1476 815 1688 875 Freytage

449 897 492 957 Ich
500 883 594 943 Mosina

698 951 830 1011 Kindts
858 939 1045 999 genesen,
1058 929 1138 989 undt
1151 923 1258 983 auff
1284 916 1338 976 dem
1377 907 1538 967 Albari
1579 899 1753 959 verhanet

438 968 551 1028 Abay.
576 958 615 1018 .

706 1031 784 1091 Cof.
796 1030 886 1090 solle
901 1024 978 1084 noch
991 1019 1043 1079 der
1081 1004 1315 1064 Kindtbett
1353 985 1587 1045 erscheinen.

708 1184 803 1244 M.
819 1181 964 1241 Kupfe
996 1176 1043 1236 der
1059 1164 1315 1224 schustersagt,
1346 1149 1395 1209 die
1411 1141 1508 1201 sleb
1539 1129 1618 1189 Von
1636 1121 1699 1181 der

451 1256 569 1316 Küpfe
582 1239 689 1299 Msr.

708 1280 800 1340 Rüth
815 1274 895 1334 habe
921 1269 1016 1329 Ihme
1057 1263 1136 1323 alßo
1163 1258 1217 1318 Sie
1231 1255 1270 1315 in
1299 1251 1351 1311 der
1365 1245 1486 1305 Jasul
1540 1226 1769 1286 krantgelegen

446 1329 558 1389 Dubuis
574 1321 685 1381 Samuel

724 1359 977 1419 ReyPitschete
1009 1348 1229 1408 Paquetlin
1262 1341 1356 1401 geben
1378 1336 1461 1396 mit
1493 1329 1630 1389 befelch
1673 1316 1767 1376 solches

452 1386 585 1446 Ganthies
594 1380 702 1440 framvit

725 1456 763 1516 zu
801 1443 1081 1503 zleygmahler
1119 1432 1184 1492 der
1209 1426 1350 1486 Anna
1413 1415 1604 1475 Gößer
1643 1400 1744 1460 von

446 1448 567 1508 Gaßer
578 1447 676 1507 Anna

675 1532 904 1592 salblingen
927 1522 963 1582 zu
988 1517 1192 1577 entrichten

734 1660 835 1720 Nach
849 1657 891 1717 fin
920 1654 1093 1714 Schriben
1121 1652 1208 1712 Mon
1264 1645 1539 1705 Radefüngen
1581 1620 1710 1680 Lunt

465 1718 617 1778 Walthert
628 1722 694 1782 Catr.

733 1747 790 1807 die
804 1741 902 1801 Patiy
930 1739 1114 1799 Walhens
1142 1741 1284 1801 außert
1311 1740 1425 1800 diesem
1480 1732 1651 1792 fahlet
1679 1715 1750 1775 sehr

724 1822 848 1882 guten
861 1819 1039 1879 Lümbdens
1068 1825 1299 1885 beschiben.

741 1952 876 2012 Wart
918 1957 958 2017 die
984 1961 1066 2021 Ehrel
1106 1966 1282 2026 ferlöder
1311 1966 1390 2026 über
1419 1962 1485 2022 die
1499 1957 1594 2017 nän
1609 1948 1675 2008 heh

453 2012 617 2072 Gerläder
629 2014 692 2074 hfel

730 2034 901 2094 eingebene
944 2044 1095 2104 suppl.
1116 2045 1202 2105 dahin
1234 2044 1384 2104 gewise,
1405 2036 1685 2096 dißtwegen

737 2104 789 2164 sich
815 2110 882 2170 vor
908 2119 1041 2179 Gregl.
1054 2123 1320 2183 anzumelder
1333 2118 1453 2178 ttieten
1466 2111 1559 2171 solches
1572 2105 1611 2165 ein
1639 2097 1705 2157 indt

729 2167 861 2227 außfroch
872 2176 993 2236 ansichet
1003 2182 1068 2242 undt
1079 2186 1123 2246 mit
1156 2188 1200 2248 me
1211 2186 1288 2246 Her
1321 2180 1355 2240 rer

478 2273 618 2333 Fichten
652 2258 793 2318 Maht
810 2259 879 2319 der
950 2264 1054 2324 adte
1090 2274 1299 2334 ohlenanen
1334 2281 1388 2341 doe
1422 2277 1563 2337 Groß
1597 2254 1772 2314 hohstend

488 2333 577 2393 feter
596 2334 705 2394 Conrad.

743 2332 817 2392 den
847 2337 998 2397 Burdt
1013 2350 1133 2410 Phete
1163 2359 1237 2419 vor
1268 2368 1507 2428 Schoffausen
1538 2358 1568 2418 n
1597 2333 1779 2393 Mapt.

743 2411 863 2471 landen,
885 2418 940 2478 wan
961 2423 995 2483 Er
1017 2431 1181 2491 betretten
1203 2441 1301 2501 werden
1324 2444 1444 2504 könte
1488 2437 1652 2497 einsetzen

738 2482 845 2542 laßen
869 2489 892 2549 zu
929 2500 1083 2560 kommenen
1106 2517 1250 2577 Gralt
1285 2527 1429 2587 Patant
1452 2528 1701 2588 ertheilt.

1351 2608 1405 2668 ad
1437 2609 1621 2669 form:

1807 535 1915 595 sete
1958 496 2088 556 taund

1909 598 2065 658 he.

1825 1071 1889 1131 hauts
1901 1060 1977 1120 sachtes
1987 1045 2086 1105 Maria¬

1835 1124 2027 1184 shendt

1833 1202 1988 1262 shedest

3146 213 3307 273 143.

2068 347 2281 407 Susanna
2341 321 2585 381 Buchbeger
2600 312 2798 372 beklagt
2813 310 2872 370 der
2887 310 2979 370 Ehr-
2994 310 3100 370 undt
3117 310 3330 370 schwänge¬

2097 436 2267 496 michhalb
2301 424 2336 484 an
2449 412 2632 472 Anthan
2689 403 2825 463 lernan
2928 394 3031 454 von
3053 389 3213 449 Allhier

2076 557 2146 617 der
2177 540 2233 600 die
2247 530 2306 590 Ehe
2334 510 2609 570 Wroßfachung
2637 495 2869 555 bekennet,
2897 491 2970 551 den
3012 488 3214 548 beyschlof

2111 615 2427 675 berlaugnet,
2459 595 2506 655 Ie
2521 590 2648 650 sagt,
2664 585 2713 645 Esr
2744 583 2840 643 habe
2887 578 2965 638 Sie
2998 575 3108 635 Richt
3123 569 3219 629 oder

2051 740 2100 800 14
2132 725 2199 785 Jag
2232 710 2315 770 Vor
2350 695 2499 755 Jteobi
2531 675 2881 735 beschlaffen.
2898 661 2998 721 Cop.
3014 653 3130 713 alleß
3181 641 3281 701 Vr¬

2079 817 2267 877 schöber
2302 796 2370 856 biß
2421 783 2489 843 hum
2524 771 2678 831 meinen
2695 765 2833 825 Jahr.

2089 995 2254 1055 Maria
2290 975 2527 1035 Hausfeahes,
2545 961 2584 1021 so
2620 949 2821 1009 hingesteht
2839 935 3004 995 worden,
3022 923 3133 983 sagt
3151 916 3205 976 die

2072 1095 2208 1155 sähter
2245 1072 2405 1132 hrender
2456 1049 2629 1109 habendt
2680 1036 2728 1096 Sie
2765 1027 2928 1087 geschikt
2952 1020 3013 1080 den
3052 1012 3237 1072 Jungen

2073 1176 2285 1236 Gheisender
2317 1147 2596 1207 abzuhoben,
2628 1126 2726 1186 undt
2742 1115 2840 1175 Ihe
2889 1101 3053 1161 befelch
3069 1089 3183 1149 geben

2100 1262 2165 1322 das
2193 1250 2300 1310 mitl
2339 1236 2445 1296 beym
2498 1220 2632 1280 Affen
2698 1205 2817 1265 dahin
2858 1191 3071 1251 zuschiken,
3085 1181 3178 1241 Conl.
3191 1176 3244 1236 die

2084 1352 2216 1412 Rächte
2253 1331 2385 1391 grende
2406 1317 2557 1377 solten
2575 1303 2726 1363 Citit
2765 1285 2953 1345 beren.
