4032 3024
482 319 592 379 144f

477 1140 572 1200 Ghrge
586 1127 744 1187 besehug

489 2225 624 2285 Wanner
646 2226 737 2286 Gentz

493 2318 589 2378 Jnach
625 2325 720 2385 Mara

821 299 1112 359 Gorgrichts
1169 262 1443 322 Gesahung

847 414 1060 474 Montags
1086 392 1139 452 den
1154 385 1246 445 17ten
1261 380 1340 440 9br.
1353 381 1487 441 1732.

1007 503 1266 563 Hhesides.

805 605 890 665 Men
906 587 1006 647 ngdge
1063 571 1120 631 re
1161 565 1205 625 oen
1234 558 1376 618 Mihlin

834 670 959 730 Muhh
1024 644 1245 704 hachlsher
1275 627 1466 687 Jener.

1006 731 1256 791 Assessores

727 835 865 895 Decan
917 821 1029 881 sachs

729 921 872 981 Pred:
894 906 1047 966 Morell

738 1018 897 1078 hastlahs
925 1001 1098 1061 Späthing

769 1107 898 1167 Kraf.
910 1092 1052 1152 Müller
1086 1086 1145 1146 von
1169 1080 1380 1140 Signaub

758 1185 889 1245 Praf.
902 1172 1046 1232 Mutach
1073 1169 1138 1229 von
1165 1165 1414 1225 Kuggaenß

755 1265 922 1325 Samuel
958 1257 1153 1317 Haller.

759 1346 929 1406 hauptl.
949 1338 1141 1398 Morlott.

746 1434 886 1494 Majos
928 1419 1169 1479 Schmalz.

981 1536 1298 1596 Gorschreiber

917 1636 1122 1696 Johnoh
1173 1627 1302 1687 Brun

868 1738 964 1798 Mie
1005 1727 1314 1787 Chorschreiber

772 1822 841 1882 H.
870 1813 979 1873 Savid
1008 1804 1077 1864 von
1117 1793 1413 1853 Groffereind

926 1892 1194 1952 Chorbeibel

754 1969 839 2029 Herr
865 1969 977 2029 Johan
1025 1972 1262 2032 Fridenrich
1299 1976 1509 2036 Feürstei

744 2084 889 2144 Wardt
904 2090 1051 2150 Meligh
1108 2101 1299 2161 Assessor
1329 2105 1475 2165 Muach
1489 2098 1725 2158 berydiget,

758 2210 974 2270 Niderbeill
1009 2224 1117 2284 Cons:
1141 2235 1309 2295 Weillen
1345 2243 1452 2303 Sentz
1489 2238 1656 2298 Waunes
1669 2226 1740 2286 von

771 2294 994 2354 Gelbofen,
1018 2310 1155 2370 welchen
1179 2322 1302 2382 Mario
1352 2329 1501 2389 Zimmerl
1538 2323 1626 2383 Ihre
1638 2312 1749 2372 Krget

777 2370 877 2430 borgd
906 2377 962 2437 der
976 2392 1236 2452 schwangerung
1264 2408 1351 2468 halb
1379 2415 1551 2475 beklage
1595 2413 1666 2473 mit
1682 2406 1766 2466 ster

765 2451 911 2511 denten,
937 2461 1004 2521 daß
1031 2469 1070 2529 Er
1096 2476 1137 2536 sie
1163 2484 1203 2544 den
1216 2490 1283 2550 21.
1296 2496 1403 2556 Apr.
1429 2501 1575 2561 letschn
1588 2488 1789 2548 beschloßfen

773 2514 846 2574 vnd
862 2529 1128 2589 geschödngeret
1173 2559 1277 2619 habe,
1291 2573 1426 2633 diesere
1455 2579 1558 2639 Klag
1587 2563 1797 2623 verwand,

3136 217 3304 277 1456.

2075 270 2162 330 lbid
2173 262 2237 322 Mein
2249 257 2324 317 gnädige
2346 251 2433 311 Herren
2444 249 2487 309 sie
2531 248 2705 308 ansinen
2726 250 2900 310 wollen,
2921 256 3095 316 klägern
3127 261 3160 321 in
3192 265 3279 325 ihrer

2086 339 2443 399 bevorstechenden
2476 323 2632 383 getißt
2654 319 2766 379 lauth
2788 319 2900 379 Cherg:
2934 319 3022 379 Ord:
3044 319 3079 379 de
3101 320 3167 380 Ao
3202 322 3279 382 1712

2061 438 2291 498 Eaminier
2328 421 2364 481 n
2376 416 2437 476 Min
2449 409 2546 469 gnädigen
2558 401 2655 461 Herrn
2667 396 2716 456 deß
2752 387 3153 447 heraußkommenden
3176 387 3323 447 berichten

2086 523 2122 583 zu
2159 508 2281 568 laßen

2084 610 2232 670 Meßen
2266 597 2312 657 sie
2358 586 2471 646 deßen
2507 575 2723 635 berichten,
2745 567 2815 627 mit
2849 561 3008 621 gesinen
3044 556 3203 616 weillen
3226 553 3282 613 der

2093 691 2235 751 Wauer
2285 669 2469 729 bebeisen
2510 652 2664 712 wolle,
2684 647 2744 707 daß
2776 644 2826 704 ein
2866 641 3030 701 anderes
3061 640 3173 700 etboß
3214 642 3315 702 zeiths

2091 772 2212 832 zuvor
2261 757 2321 817 ehe
2358 748 2417 808 sie
2443 739 2540 799 ihne
2575 727 2782 787 beklage,
2794 721 2854 781 bey
2891 719 2951 779 ihre
2988 718 3036 778 im
3085 718 3170 778 beth
3181 721 3316 781 gelegen

1835 737 2014 797 18.

2090 841 2395 901 kundtschafften
2420 821 2530 881 deßt
2542 813 2627 873 halb
2651 808 2701 868 zu
2725 798 2970 858 vernemmen,
2982 792 3006 852 un
3032 790 3080 850 in
3092 787 3189 847 gnädigen
3203 785 3289 845 Herr

2072 935 2201 995 seren
2229 911 2431 971 außagen
2459 890 2761 950 einzusenden

2083 1055 2273 1115 Weillen
2314 1038 2493 1098 Rudoloh
2514 1027 2641 1087 Engel
2682 1019 2746 1079 von
2777 1010 2987 1070 Riberstein
3008 1003 3197 1063 bekeunet
3219 997 3271 1057 sie

2096 1136 2280 1196 Barbara
2325 1122 2475 1182 Müller
2510 1112 2578 1172 von
2613 1103 2763 1163 Sengen
2797 1092 3027 1152 beschlafen
3049 1087 3083 1147 zu
3130 1085 3280 1145 haben,

1833 1126 2070 1186 begskeidig

1834 1246 1925 1306 Mller
1950 1235 2081 1295 Parbara
2107 1224 2184 1284 und
2210 1215 2276 1275 sich
2302 1203 2561 1263 erläuteret
2600 1191 2651 1251 ihr
2677 1186 2769 1246 ihme
2807 1174 3105 1234 zugeeignete
3133 1167 3223 1227 Kind
3249 1163 3326 1223 an¬

2087 1295 2354 1355 zunemmen,
2385 1283 2492 1343 habend
2513 1277 2566 1337 ein
2578 1271 2663 1331 gnädigen
2673 1265 2759 1325 Herren
2770 1259 2845 1319 ihne
2877 1252 3005 1312 solcheß
3058 1246 3101 1306 ad
3122 1243 3293 1303 formam

2104 1378 2173 1438 als
2187 1368 2398 1428 unhhelich
2426 1356 2467 1416 zu
2509 1344 2704 1404 bekent,
2720 1333 2803 1393 und
2831 1327 2957 1387 beyde
2971 1321 3055 1381 zue
3083 1315 3320 1375 abbursung

2097 1451 2339 1511 gehalten.

2106 1573 2234 1633 Madle
2273 1560 2440 1620 Bähler
2453 1548 2645 1608 beklagt
2671 1541 2735 1601 bie
2760 1538 2863 1598 schen
2890 1534 2928 1594 den
2953 1531 3018 1591 6tn
3043 1528 3095 1588 diß
3133 1523 3325 1583 beschechen

2103 1657 2160 1717 ser
2194 1648 2287 1708 Ehe,
2309 1639 2391 1699 und
2413 1625 2747 1685 schwängerung
2782 1612 2862 1672 halb
2909 1606 3023 1666 Jacob
3059 1597 3277 1657 Rauman̄

2119 1627 2135 1687 9

1860 1631 1970 1691 Shähler
1993 1627 2104 1687 Madte

2088 1742 2170 1802 von
2206 1731 2371 1791 thun,
2394 1720 2478 1780 mit
2501 1707 2749 1767 verdeüten,
2761 1695 2831 1755 daß
2867 1689 2902 1749 er
2925 1684 2985 1744 sie
3020 1682 3055 1742 an
3115 1677 3162 1737 der
3185 1675 3326 1735 Bauren

1845 1732 1956 1792 Zuman
1986 1727 2083 1787 Jacol

2097 1823 2323 1883 faßnacht
2348 1807 2502 1867 letstho
2539 1784 2893 1844 geschwängeret,
2918 1768 2957 1828 Er
2982 1758 3223 1818 vermeinet
3248 1752 3335 1812 mit

2112 1898 2197 1958 und
2221 1889 2454 1949 anderß,
2478 1873 2637 1933 bekent
2661 1859 2795 1919 jedoch
2821 1851 2857 1911 an
2893 1845 2954 1905 der
2978 1837 3102 1897 Herren
3126 1829 3321 1889 Baßnacht

2108 1976 2176 2036 bey
2203 1972 2273 2032 ihre
2327 1963 2507 2023 gebehen
2535 1953 2562 2013 zu
2604 1944 2700 2004 sein
2756 1930 2880 1990 Cogn:
2907 1921 3004 1981 solle
3031 1912 3142 1972 mert
3169 1909 3210 1969 8.
3225 1906 3334 1966 Tagen

2113 2056 2339 2116 anzeigen
2390 2041 2516 2101 bosie
2553 2031 2692 2091 kundt
2742 2021 2856 2081 ligen
2881 2011 2993 2071 wolle

2107 2190 2249 2250 Lector,
2277 2182 2392 2242 Cons.
2420 2172 2621 2232 demnoch
2649 2158 2864 2218 Trancoie
2908 2144 3064 2204 Brelat
3093 2135 3179 2195 Ihre
3207 2124 3366 2184 Anget¬

1854 2219 1946 2279 helaes
1962 2227 2118 2287 Pracaie

2111 2274 2247 2334 Ebrige
2298 2265 2386 2325 mit
2398 2253 2648 2313 klagendem
2697 2236 2897 2296 beischlaff
2923 2227 2984 2287 der
3010 2223 3072 2283 Ehe
3096 2218 3222 2278 halben
3234 2214 3373 2274 ange¬

2116 2359 2245 2419 prochen
2284 2351 2362 2411 Sean
2427 2339 2556 2399 Maro
2596 2326 2713 2386 Noel
2765 2314 2842 2374 auch
2882 2304 2985 2364 Ihren
3011 2290 3324 2350 angeförigen,

1840 2343 1977 2403 Maskian
2001 2356 2102 2416 Mare.

2098 2451 2163 2511 der
2189 2444 2269 2504 ihre
2308 2436 2387 2496 aber
2413 2429 2480 2489 seß
2519 2419 2611 2479 eint
2637 2411 2717 2471 und
2743 2399 2926 2459 anderen
2965 2391 3006 2451 in
3032 2384 3362 2444 abendgebesen

2117 2528 2199 2588 und
2242 2523 2297 2583 sie
2340 2511 2577 2571 darüberhy
2605 2497 2689 2557 ihre
2716 2482 2981 2542 Eheansprach
2995 2469 3093 2529 nicht
3120 2461 3357 2521 gahmäßig

2114 2610 2304 2670 bebeisen
2340 2594 2518 2654 können:
2554 2581 2791 2641 derobegen
2803 2574 2840 2634 so
2863 2569 2946 2629 haben
2958 2564 3016 2624 Mine
3030 2559 3124 2619 gnädigen
3136 2554 3220 2614 Herr
3244 2546 3326 2606 diese
