4032 3024
714 305 965 365 Eheaesprach
980 272 1218 332 aufgehoben,
1233 257 1343 317 sund
1358 258 1484 318 beyde
1515 270 1563 330 in
1578 292 1719 352 srigen

458 327 606 387 16h.

730 399 909 459 freyheit
937 366 1116 426 gesezet,
1143 347 1212 407 deß
1267 337 1336 397 von
1363 335 1432 395 ihre
1488 350 1709 410 geklagten

720 497 786 557 vor
801 479 898 539 ihne
930 448 1157 508 Vermeinten
1191 423 1434 483 beischlafs
1450 425 1581 485 halben
1597 436 1678 496 aber

724 566 931 626 zumahlen
957 538 1080 598 keine
1104 510 1460 570 schbangerschafft
1484 510 1692 570 vorhanden

734 653 832 713 allß
882 632 980 692 gott
996 617 1063 677 und
1097 605 1163 665 her
1179 592 1295 652 zeith
1311 583 1690 643 heimbgestellt.

1001 654 1109 714 deinn

713 741 769 801 Sie
802 719 982 779 deßthalb
1006 690 1231 750 ergangene
1253 673 1366 733 vosten
1388 667 1681 727 Compensiert,

734 810 803 870 ihne
827 796 908 856 aber
931 784 1001 844 dahy
1025 764 1212 824 verfellt,
1235 749 1294 809 die
1340 739 1550 799 allhiesige
1585 743 1715 803 Emol¬

718 893 775 953 zu
794 879 971 939 besehen
1009 854 1145 914 Werbeg
1186 836 1303 896 Recht
1341 824 1439 884 chred
1458 820 1518 880 auß
1556 823 1714 883 gnaden

721 974 771 1034 su
805 949 1035 1009 abueßtung
1069 925 1368 985 nachgelaßen.

697 1103 954 1163 Romainmos
980 1088 1028 1148 ied
1053 1084 1164 1144 praes.
1176 1081 1273 1141 Über
1287 1079 1348 1139 deß
1384 1079 1459 1139 H.
1471 1078 1691 1138 Landtvogten

719 1185 853 1245 Schreiben
895 1172 967 1232 undt
977 1165 1163 1225 Einlaagen
1205 1156 1433 1216 betreffendt
1464 1151 1516 1211 der
1547 1148 1609 1208 H.
1630 1142 1775 1202 Pfredicant

724 1255 832 1315 lane
872 1246 921 1306 von
951 1240 1147 1300 Lahobran
1177 1237 1266 1297 undt
1295 1235 1383 1295 Jyfo
1423 1231 1581 1291 Salome
1610 1224 1679 1284 von

465 1255 563 1315 Calane
582 1248 650 1308 Jonas
660 1246 729 1306 fran¬

753 1326 870 1386 prgus
907 1322 1059 1382 wolleine
1073 1319 1167 1379 gnädigen
1179 1316 1273 1376 Herer
1296 1313 1450 1373 eselben
1462 1304 1734 1364 freundtlich

449 1338 575 1398 Schögn
604 1331 732 1391 hsalben

735 1400 868 1460 dersucht
903 1397 1083 1457 ertheynd
1120 1397 1203 1457 über
1215 1396 1252 1456 i4
1300 1394 1361 1454 fag
1396 1391 1444 1451 Vs
1529 1378 1625 1438 nnige
1649 1366 1673 1426 H

732 1487 850 1547 halten
886 1477 921 1537 zu
945 1472 1099 1532 laßen.

734 1638 943 1698 Bottberg:
984 1628 1081 1688 Was
1109 1627 1166 1687 die
1179 1627 1402 1687 hochgrästl.
1415 1628 1555 1688 Hanaus
1582 1629 1778 1689 liechte¬

759 1718 903 1778 begische
941 1713 1169 1773 Regierungs
1195 1712 1303 1772 Räth
1327 1711 1400 1771 leym
1447 1707 1508 1767 deß
1557 1697 1713 1757 Heinrich

471 1778 538 1838 hoist
557 1772 661 1832 Heinrich

746 1797 798 1857 has
853 1794 973 1854 bürgke
1000 1793 1026 1853 zu
1066 1793 1280 1853 Erschlieber
1308 1785 1521 1845 femiende
1549 1764 1722 1824 Ansproch

463 1840 588 1900 Meyer
600 1828 725 1888 Kasamnen

754 1876 795 1936 an
836 1876 889 1936 die
920 1877 1107 1937 Susanna
1159 1877 1305 1937 Meyer
1336 1872 1481 1932 Capfer
1512 1857 1699 1917 Meyers

732 1957 816 2017 Ihre
832 1959 1061 2019 angehörign
1075 1962 1203 2022 tochtes
1218 1963 1262 2023 an
1290 1963 1346 2023 Rg
1446 1958 1490 2018 die
1519 1951 1619 2011 Räth
1633 1937 1733 1997 abgeh

735 2045 861 2105 laßen,
883 2044 963 2104 das
975 2047 1111 2107 Verdink
1147 2049 1192 2109 Sie
1226 2050 1295 2110 auß
1340 2047 1512 2107 anschluß
1570 2023 1752 2083 zuersehen

750 2118 851 2178 haben
895 2121 1055 2181 sruber
1085 2129 1186 2189 Ihnen
1200 2137 1476 2197 auffgetragen
1505 2122 1636 2182 werde,
1666 2095 1723 2155 die

746 2189 846 2249 Wegt
874 2195 1031 2255 darüber
1058 2203 1100 2263 zu
1130 2211 1285 2271 wenenn
1315 2216 1414 2276 undt
1442 2213 1527 2273 das
1555 2193 1784 2253 herauß¬

767 2279 928 2339 kommende
976 2292 1187 2352 finderlich
1224 2305 1373 2365 sambt
1397 2305 1459 2365 den
1495 2290 1706 2350 Original

760 2362 901 2422 schreiben
948 2369 1102 2429 berichten
1149 2383 1373 2443 zulaßen,
1397 2384 1551 2444 damit
1574 2373 1621 2433 an
1644 2361 1704 2421 die

763 2431 982 2491 Regierungs
996 2452 1216 2512 Rechtweidter
1244 2462 1362 2522 geant
1376 2461 1506 2521 wertet
1522 2450 1668 2510 wrden

764 2504 949 2564 könne.

1813 618 1877 678 sr
1938 579 2043 639 labe

1807 695 1855 755 so
1907 653 2034 713 heren

1811 775 1857 835 de

3151 214 3305 274 1475.

2068 327 2239 387 langte
2270 302 2472 362 folgende
2502 298 2643 358 Hedul
2673 300 2766 360 Ein:
2798 303 2891 363 Auß
2937 307 3092 367 Euteren
3123 303 3187 363 ne
3202 298 3312 358 H.

2065 425 2207 485 verwreg
2245 408 2336 468 undt
2363 402 2427 462 der
2466 398 2621 458 Relani
2661 398 2686 458 e
2724 398 2815 458 gndg
2828 398 2919 458 Herre
2931 395 3126 455 omittirten
3153 385 3229 445 Kur

2067 511 2225 571 Vethör
2259 489 2406 549 Chadles
2430 481 2587 541 Lausun
2656 481 2758 541 undt
2804 484 2894 544 Anc
2939 485 3075 545 Terras
3098 481 3178 541 von

2087 594 2300 654 Kudance
2344 572 2456 632 gegen
2486 566 2629 626 Albert
2657 568 2828 628 Lansun
2856 571 2970 631 seinen
2984 574 3099 634 Sohn,
3113 572 3270 632 habendt

2069 707 2139 767 Me
2153 692 2239 752 en
2267 680 2309 740 de
2337 667 2608 727 gestaltsamme
2652 661 2879 721 dessellben
2921 661 3049 721 wider
3077 658 3206 718 seines

2067 795 2238 855 Vatters
2264 771 2513 831 heuworth
2526 760 2723 820 gemachte
2774 755 3049 815 Oppositionen
3077 749 3207 809 undt

2077 889 2217 949 darbey
2259 867 2553 927 verstanden,
2581 859 2652 919 wie
2680 858 2721 918 Er
2764 857 2834 917 der
2861 853 3073 913 geführten
3100 843 3312 903 bedembliche

2051 988 2177 1048 Reden
2222 974 2336 1034 halb,
2347 970 2381 1030 so
2405 965 2507 1025 wohl
2553 958 2656 1018 seinen
2701 951 2883 1011 Vatter
2907 944 2975 1004 alß
3022 936 3078 996 die
3101 924 3238 984 Terraz

2081 1065 2194 1125 umb
2231 1055 2494 1115 Verzeichung
2519 1042 2757 1102 gebetten.
2794 1025 3133 1085 Welchemnach
3158 1008 3310 1068 Ehrgl.

2077 1149 2198 1209 Erkent
2222 1145 2332 1205 und
2368 1139 2453 1199 tich
2478 1135 2538 1195 e
2562 1129 2794 1189 eHren
2818 1114 3050 1174 freündtlich
3074 1098 3292 1158 angesanen

2094 1238 2187 1298 haben
2202 1230 2375 1290 wollendt
2428 1218 2643 1278 Partheyn
2670 1209 2883 1269 nochmals
2911 1201 3004 1261 Vor
3031 1196 3125 1256 Euch
3151 1189 3299 1249 zube¬

2085 1334 2270 1394 scheiden
2382 1315 2494 1375 undt
2519 1309 2580 1369 den
2618 1304 2791 1364 Albert
2816 1298 2990 1358 Lansun
3039 1289 3163 1349 dohin

2085 1422 2351 1482 zuhalten,
2387 1406 2472 1466 daß
2532 1397 2582 1457 Er
2618 1391 2678 1451 der
2714 1381 2883 1441 Terraz
2921 1368 3186 1428 roparation

2101 1520 2209 1580 Eher
2238 1509 2333 1569 Ihrn
2403 1489 2663 1549 ertheile,
2692 1477 2773 1537 deß
2814 1466 2965 1526 wegen
3021 1453 3131 1513 dann
3145 1447 3240 1507 auch

2095 1622 2142 1682 Hr
2189 1606 2443 1666 HHe
2474 1588 2695 1648 deselben
2712 1577 2775 1637 ein
2806 1566 2980 1626 Actsin
3011 1556 3076 1616 die
3122 1544 3281 1604 handt

2094 1714 2222 1774 fallen
2247 1701 2413 1761 laßen,
2438 1689 2567 1749 undt
2592 1673 2848 1733 nachwerts
2873 1660 2975 1720 Ihne
3001 1651 3180 1711 tansum

2070 1800 2370 1860 MigerHren
2383 1789 2450 1849 deß
2519 1775 2763 1835 Pfitahl-
2792 1761 2996 1821 Directori
3036 1743 3268 1803 übergeben

2083 1901 2229 1961 weode
2281 1890 2401 1950 umb
2427 1880 2546 1940 solche
2574 1874 2614 1934 in
2640 1869 2707 1929 die
2733 1857 3012 1917 spimstuben
3051 1846 3092 1906 zu
3118 1836 3345 1896 empfahrn

2075 1997 2158 2057 zum
2216 1981 2489 2041 Willkomb
2524 1963 2773 2023 abbrugken
2821 1948 2927 2008 undt
2951 1939 3022 1999 hut
3057 1926 3211 1986 arbeit

2087 2069 2295 2129 anhalten
2329 2055 2549 2115 zulaßend
2618 2043 2699 2103 biß
2745 2035 2872 2095 aufft
2884 2021 3102 2081 scheinbare
3137 1999 3323 2059 beßte¬

2085 2157 2256 2217 rung,
2282 2151 2387 2211 undt
2413 2147 2454 2207 von
2506 2140 2689 2200 engn
2704 2132 2808 2192 Herren
2821 2119 3032 2179 gefellig,
3045 2100 3163 2160 auch
3189 2083 3282 2143 auf

2110 2257 2199 2317 deß
2273 2241 2480 2301 Vatter
2509 2232 2644 2292 Kosten
2673 2226 2747 2286 hin
2807 2218 2879 2278 den
2896 2212 2954 2272 15.
2985 2202 3088 2262 Nob.
3117 2180 3252 2240 1732.

2089 2390 2303 2450 hieauff
2335 2376 2468 2436 wardt
2484 2366 2698 2426 folgender
2749 2352 2881 2412 Acsio
2930 2342 2995 2402 der
3011 2333 3144 2393 Tennz
3160 2314 3360 2374 ertheilt¬

2090 2486 2311 2546 Demnach
2338 2473 2435 2533 Ver
2462 2465 2557 2525 Unß
2600 2453 2847 2513 gelanget
2888 2440 2958 2500 die
2985 2426 3177 2486 Zwschen
3206 2408 3273 2468 der

2098 2578 2207 2638 Rgste
2234 2569 2342 2629 Jane
2384 2557 2561 2617 Terraz,
2575 2548 2725 2608 welche
2752 2540 2821 2600 sich
2834 2536 2929 2596 mit
2956 2529 3025 2589 H.
3051 2522 3242 2582 Charles
