4032 3024
448 344 564 404 1785

702 391 827 451 Laugm
874 375 935 435 ein
953 363 1094 423 loharen
1125 352 1156 412 zu
1202 343 1453 403 Lausanne
1501 352 1657 412 Ehrlich

720 483 892 543 verlobet
923 464 956 524 at
987 451 1098 511 Einem
1175 435 1317 495 denne
1348 434 1538 494 Albert
1569 454 1711 514 Lange

713 575 773 635 dem
820 557 929 617 Sohne
952 546 1001 606 am
1048 532 1180 592 anderen
1204 522 1312 582 theil
1348 520 1384 580 zu
1431 525 1733 585 Lausanne,

718 648 898 708 erichtete
937 627 1130 687 Roredud,
1157 616 1195 676 da
1272 609 1349 669 der
1389 607 1543 667 Junge
1581 615 1776 675 Landun¬

730 743 802 803 sich
816 733 989 793 beühnet,
1017 722 1076 782 die
1104 714 1190 774 Josi
1220 704 1349 764 teral
1393 697 1494 757 Ohor
1522 696 1770 756 bereite¬

726 840 904 900 Wantzig
942 823 1070 883 Jahrn
1095 802 1337 862 beschloffen
1376 787 1413 847 zu
1452 786 1604 846 haben,
1630 794 1744 854 welche

717 931 894 991 ankleygdt
918 922 994 982 aber
1031 914 1095 974 Sie
1119 906 1156 966 so
1181 898 1283 958 wohl
1333 884 1484 944 drinnen
1509 880 1546 940 zu
1597 884 1760 944 raudare

718 1018 781 1078 alß
825 1016 900 1076 vor
921 1011 1007 1071 Unß
1060 995 1285 1055 beständig
1329 974 1575 1034 vermeinet
1608 967 1747 1027 nachden

735 1093 807 1153 nun
856 1090 939 1150 Wir
951 1086 1059 1146 über
1095 1078 1167 1138 den
1240 1061 1516 1121 bedenklichen
1540 1044 1731 1104 Inhalte

734 1173 795 1233 der
835 1166 1017 1226 Procedud
1068 1157 1200 1217 Vnsere
1270 1147 1493 1207 gedanken
1524 1137 1705 1197 walten

715 1247 912 1307 laßen,
935 1239 1122 1299 habendt
1165 1232 1253 1292 Wit
1297 1225 1440 1285 diesach
1473 1216 1539 1276 der
1571 1205 1704 1265 natur

743 1337 975 1397 befynden,
1003 1325 1086 1385 daß
1139 1316 1235 1376 Wir
1263 1311 1331 1371 das
1372 1299 1633 1359 geschäfft
1646 1285 1728 1345 Ngs

767 1415 829 1475 dem
877 1412 1036 1472 Räthen
1097 1404 1428 1464 vorgetragenen,
1452 1391 1599 1451 welche
1637 1380 1746 1440 dann

741 1498 853 1558 durch
877 1498 928 1558 des
964 1496 1238 1556 Erkantnuß
1313 1489 1413 1549 von
1462 1480 1512 1540 15
1549 1472 1598 1532 diß
1636 1456 1772 1516 erbeit

746 1597 825 1657 daß
853 1595 906 1655 der
933 1594 1095 1654 Albert
1121 1589 1283 1649 lausum
1349 1580 1470 1640 dieser
1497 1569 1632 1629 seinen

727 1678 851 1738 wider
888 1678 949 1738 deß
1024 1675 1209 1735 Vatters
1234 1669 1457 1729 heutbrath
1494 1656 1730 1716 gemachte

728 1763 1000 1823 oppositione
1024 1763 1060 1823 in
1084 1762 1392 1822 außgießung
1451 1741 1665 1801 bemekt

751 1861 965 1921 geführten
1010 1861 1256 1921 bedenklich
1286 1859 1393 1919 Reden
1440 1842 1761 1902 geschoßenen

758 1959 937 2019 gelich
959 1964 1071 2024 fehe
1117 1967 1160 2027 so
1185 1967 1274 2027 ahs
1296 1964 1386 2024 der
1407 1951 1587 2011 Statte
1611 1922 1744 1982 also

750 2054 813 2114 die
853 2054 982 2114 ernz
1020 2056 1138 2116 umb
1177 2053 1462 2113 Verzeichung
1513 2027 1681 2087 betten

764 2131 880 2191 undt
896 2137 1057 2197 annoch
1071 2142 1129 2202 Ihr
1186 2145 1289 2205 Ihre
1318 2143 1435 2203 Ehre
1479 2122 1742 2182 gebührende

762 2222 983 2282 repantion
1014 2231 1109 2291 undt
1140 2237 1299 2297 wandel
1346 2237 1441 2297 Ver
1456 2229 1551 2289 Unß
1600 2201 1726 2261 thun

761 2303 916 2363 solle.
949 2311 1103 2371 Welche
1139 2320 1172 2380 Er
1208 2323 1293 2383 auch
1310 2323 1431 2383 dahin
1447 2303 1739 2363 erstättete

780 2384 850 2444 daß
880 2386 936 2446 der
964 2394 1091 2454 Junge
1133 2407 1304 2467 Lauown
1346 2408 1431 2468 sein
1487 2390 1672 2450 Vatter
1686 2356 1756 2416 und

779 2465 879 2525 seine
908 2477 1136 2537 Ehevelebte
1178 2492 1265 2552 mit
1307 2492 1735 2552 Reuoberheugung

773 2546 884 2606 seine
918 2553 1109 2613 Vertegen
1142 2575 1351 2635 übersehens
1382 2585 1478 2645 und
1527 2565 1767 2625 irzeihng

1834 1372 1990 1432 Walthrd
2001 1361 2062 1421 sto¬

1832 1666 1963 1726 Grleder
1986 1669 2058 1729 H.

3139 220 3234 280 149

2078 322 2260 382 gebetten
2324 305 2429 365 diese
2455 300 2558 360 seine
2585 298 2844 358 außgoßene
2870 299 2974 359 wort
3000 298 3105 358 wider
3117 295 3233 355 huruk

2081 409 2310 469 genammen,
2335 394 2462 454 undt
2487 391 2626 451 selbst
2652 391 2906 451 alßfaltsch
2931 392 3033 452 undt
3072 385 3287 445 verlümbte

2063 507 2178 567 orisch
2203 494 2241 554 zu
2254 488 2331 548 sein
2394 479 2574 539 berieben
2624 478 2727 538 aber
2790 476 3059 536 Erbennet,
3072 471 3148 531 daß
3187 465 3225 525 Er

2097 597 2262 657 nichts
2288 570 2631 630 ohngebührliches
2657 565 2772 625 wider
2809 563 2912 623 Sie,
2937 561 3027 621 viel
3052 557 3142 617 mehr
3167 549 3243 609 aber

2074 710 2189 770 alleß
2256 675 2471 735 Ehrundt
2489 663 2621 723 liebes
2656 658 2854 718 wüsten,
2887 653 2986 713 undt
3004 645 3187 705 hiemit

2079 799 2212 859 selbe
2260 765 2454 825 hierdurch
2480 753 2576 813 aller
2613 749 2709 809 Ehrn
2721 747 2819 807 wohl
2855 743 3062 803 verwohrt
3086 730 3294 790 halten.

2069 898 2107 958 So
2134 881 2212 941 daß
2277 864 2341 924 bey
2368 853 2511 913 solchen
2536 844 2835 904 vmbstanden
2913 836 3016 896 mit
3054 829 3119 889 den

2076 970 2398 1030 Verkundungn
2424 955 2464 1015 zu
2519 945 2747 1005 Lalanne
2799 933 3135 993 fortgefahren

2070 1071 2231 1131 werden
2261 1055 2361 1115 kan
2464 1040 2508 1100 zu
2552 1026 2802 1086 Urkunften

2090 1233 2158 1293 H.
2200 1217 2477 1277 GroßLeiebel
2504 1202 2697 1262 Küpfer
2738 1192 2986 1252 berichtete,
3014 1186 3098 1246 daß
3138 1183 3305 1243 Eenicht

2216 1308 2289 1368 daß
2340 1294 2537 1354 Stovidor
2574 1276 2873 1336 Walthende
2897 1260 3243 1320 auffenthalt

2081 1318 2174 1378 Von

2068 1357 2079 1417 e

2088 1393 2231 1453 wüste

2085 1578 2167 1638 H.
2194 1569 2411 1629 Herläder
2453 1560 2656 1620 Seclaniet
2683 1554 2792 1614 Min
2807 1549 2916 1609 gnädigen
2942 1543 3051 1603 Herre,
3064 1536 3119 1596 daß
3160 1529 3215 1589 Er

2108 1681 2171 1741 die
2223 1674 2301 1734 sub
2326 1669 2364 1729 12
2404 1663 2507 1723 76.
2545 1653 2725 1713 lesthin
2751 1645 2816 1705 von
2841 1640 2919 1700 Mein
2931 1635 3034 1695 gnädigen
3047 1630 3151 1690 Heren
3164 1625 3345 1685 außge¬

2099 1766 2257 1826 fellte
2291 1750 2540 1810 Erkantnuß
2585 1734 2765 1794 aneinen
2788 1725 2879 1785 undt
2912 1718 3002 1778 von
3037 1710 3115 1770 der

2090 1856 2333 1916 Appellat
2366 1839 2576 1899 abstehe.

2106 2038 2276 2098 Want
2312 2029 2385 2089 der
2434 2020 2628 2080 Maria
2676 2007 2907 2067 Schilling
2954 1994 3015 2054 die
3039 1983 3161 2043 Statt
3185 1968 3270 2028 für

2090 2136 2200 2196 Eins
2213 2127 2323 2187 undt
2363 2115 2596 2175 allemahl
2638 2099 2913 2159 verbotten:
