4032 3024
487 368 500 428 1

446 804 581 864 Jabis
596 779 715 839 Sanucal

468 1601 657 1661 Erenhlt
686 1597 760 1657 erin

482 1665 613 1725 Salome

479 1754 626 1814 wagner

466 2081 634 2141 Wyniger
656 2079 761 2139 Esbeth

479 2163 727 2223 Stuffenegger

497 2222 610 2282 Johaneß

512 2303 601 2363 Hoffer
623 2302 723 2362 Petr

905 319 1055 379 estag
1073 300 1127 360 den
1148 288 1223 348 203.
1259 278 1352 338 Fbr.
1370 277 1559 337 1737.

832 362 890 422 Ia

1049 383 1209 443 Prases

874 508 934 568 gn
1074 457 1273 517 eunersten
1292 437 1495 497 Mühlinen

1007 538 1263 598 ofpesinet

712 675 860 735 Rchsts
877 657 952 717 ba¬

758 764 893 824 Vesen
930 748 987 808 vr
1027 738 1065 798 H.
1102 723 1218 783 aedt
1237 714 1274 774 zu
1315 706 1696 766 Schwefenburgen

731 839 902 899 gelangtes
931 823 975 883 S.
989 815 1046 875 ben
1062 807 1118 867 daß
1161 796 1219 856 der
1233 786 1393 846 Camuel
1421 781 1578 841 Debuco
1607 786 1665 846 der

736 924 919 984 alseigegs
955 885 1231 945 Geenmeister
1249 861 1360 921 ihrer
1379 854 1489 914 frey
1508 855 1618 915 belly
1655 866 1748 926 be¬

729 1010 836 1070 bendt
864 990 984 1050 Vatter
1013 975 1065 1035 deß
1093 950 1404 1010 quastitnirlihn
1417 937 1552 997 vnndts
1565 941 1607 1001 zu
1633 949 1716 1009 sein

728 1081 870 1141 welches
897 1064 935 1124 er
948 1052 1038 1112 ihme
1065 1035 1156 1095 auch
1169 1019 1298 1079 alhier
1325 1009 1403 1069 beim
1441 1007 1597 1067 Fallech
1623 1023 1741 1083 worge¬

748 1158 895 1218 halten,
910 1145 984 1205 mit
1013 1128 1177 1188 bedeuten,
1192 1111 1252 1171 daß
1281 1102 1310 1162 er
1341 1096 1385 1156 es
1414 1091 1459 1151 anm
1488 1088 1621 1148 iehs
1652 1097 1742 1157 ber¬

733 1235 884 1295 richtet,
896 1221 1047 1281 worauf
1070 1209 1094 1269 er
1129 1201 1209 1261 ihme
1234 1187 1362 1247 solches
1396 1179 1431 1239 zu
1478 1174 1664 1234 laugnen

735 1312 981 1372 angefangen,
1008 1298 1118 1358 ward
1132 1283 1325 1343 Erkent,
1338 1271 1406 1331 daß
1447 1264 1503 1324 der
1530 1257 1681 1317 Dubais
1694 1256 1762 1316 auf

741 1387 1073 1447 nechstkünfftigen
1108 1368 1262 1428 Montag
1299 1360 1334 1420 zu
1369 1352 1583 1412 erscheinen
1619 1345 1737 1405 cittent

740 1476 845 1536 beden
861 1460 966 1520 solle.

766 1577 843 1637 Maria
881 1569 1017 1629 Salome
1056 1555 1240 1615 Erzenholfz
1259 1545 1317 1605 mr
1347 1536 1511 1596 Samerh
1549 1525 1733 1585 Raumans

740 1654 776 1714 so
801 1653 837 1713 an
861 1648 960 1708 beiden
972 1641 1070 1701 erthen
1095 1632 1290 1692 Verscheiben
1316 1621 1449 1681 Ehefrl
1475 1611 1610 1671 bringt
1622 1605 1658 1665 am
1695 1598 1745 1658 sie

755 1729 903 1789 befinde
938 1721 994 1781 sich
1018 1715 1201 1775 schwanges
1234 1708 1314 1768 von
1348 1704 1417 1764 mr

754 1811 908 1871 Wagner
940 1804 1017 1864 sein
1061 1798 1204 1858 Rüchsen
1226 1790 1390 1850 schiffte.
1412 1782 1511 1842 Cogn:
1533 1775 1631 1835 solle
1653 1768 1719 1828 auf

751 1888 884 1948 Montag
916 1883 1038 1943 ittiert
1049 1882 1171 1942 werden

777 2053 1002 2113 Kilchlindach
1029 2050 1141 2110 Cons:
1166 2045 1330 2105 Weillen
1369 2039 1545 2099 Johannes
1569 2033 1760 2093 Stuffen,

778 2134 865 2194 lgger
889 2132 952 2192 von
989 2129 1102 2189 Groß
1138 2125 1375 2185 hochstatten,
1388 2115 1537 2175 belcher
1562 2098 1724 2158 Eltsbath

776 2213 947 2273 wyniger
985 2213 1095 2273 Peter
1120 2213 1244 2273 hofers
1280 2209 1379 2269 Ihreß
1427 2199 1698 2259 Angehörigen
1710 2183 1811 2243 Ehef¬

773 2294 1105 2354 derschwängerung
1127 2297 1205 2357 halb
1238 2297 1383 2357 beklagt
1415 2295 1493 2355 mit
1515 2283 1725 2343 verdeüter,

769 2372 828 2432 daß
851 2371 888 2431 er
912 2371 959 2431 sie
996 2372 1066 2432 nur
1091 2375 1150 2435 ein
1174 2377 1269 2437 mahl
1293 2378 1365 2438 und
1388 2377 1496 2437 fbahs
1531 2370 1580 2430 6.
1591 2361 1699 2421 bochen
1710 2347 1757 2407 vor

781 2446 865 2506 Jacob
900 2453 1021 2513 Letschen
1044 2464 1224 2524 beschlaffen
1237 2470 1308 2530 und
1344 2472 1644 2532 gesehdängeret,
1656 2455 1716 2515 to

789 2527 927 2587 beischaf
968 2538 1079 2598 den16.
1092 2545 1162 2605 Juni
1203 2556 1327 2616 letzschiy
1370 2563 1453 2623 mit
1467 2563 1549 2623 ihro
1578 2552 1716 2612 begeng

1808 802 1845 862 ge

1806 863 1912 923 sde
1948 831 2072 891 lasbarg

1821 949 1888 1009 seg
1935 914 2047 974 vers

1850 1665 1898 1725 Ob
1922 1658 1984 1718 Jd.

1848 2005 1952 2065 Peller
1966 2009 2055 2069 sathe

1846 2103 2060 2163 Großbacher

1855 2173 1969 2233 Huß.

3154 218 3230 278 151
3259 223 3299 283 f.

2086 273 2114 333 zu
2153 264 2259 324 haben
2298 251 2500 311 bekennet,
2520 247 2655 307 vatter
2684 247 2732 307 deß
2771 248 2896 308 kindts
2925 252 2964 312 zu
3012 256 3079 316 sein
3099 259 3176 319 aber
3215 266 3253 326 in

2082 344 2244 404 Zbeifel
2267 327 2429 387 zeücht,
2452 319 2521 379 aede
2532 317 2591 377 min
2602 316 2695 376 gnädigen
2706 316 2788 376 Herrn
2799 316 2845 376 sie
2879 320 3053 380 ansinen
3076 324 3251 384 wollen,

2085 420 2275 480 Klägern
2299 408 2335 468 so
2371 402 2430 462 bey
2466 398 2537 458 Euch
2561 397 2824 457 kundtsligen
2848 400 2978 460 will,
3002 403 3037 463 in
3074 406 3157 466 ihres
3180 407 3299 467 geeißt

2081 508 2184 568 lauth
2205 495 2340 555 Chorg:
2361 485 2466 545 Ord:
2497 480 2529 540 de
2560 478 2622 538 Ao
2653 475 2768 535 1712.
2788 475 3029 535 Examiniere
3060 477 3111 537 min
3122 479 3206 539 gnädigen
3216 481 3290 541 Herr

2067 600 2136 660 deß
2183 568 2587 628 heraußkommenden
2610 559 2807 619 berichten
2841 559 2877 619 zu
2911 560 3038 620 laßen

2084 701 2353 761 Gegenstorff
2379 685 2501 745 Duo.
2527 676 2716 736 Barbara
2756 673 2945 733 Subacher
2972 674 3027 734 von
3053 678 3228 738 Artenen

2099 787 2168 847 Mmin
2180 776 2273 836 gnädigen
2285 767 2378 827 Herre
2401 756 2598 816 röffnet,
2622 750 2679 810 bie
2727 748 2785 808 daß
2820 746 2865 806 sie
2901 746 2960 806 sich
2983 746 3040 806 von
3064 746 3146 806 Hanß
3191 748 3296 808 Ruop

2097 869 2153 929 von
2189 843 2465 903 Hettißweill,
2488 828 2614 888 belcher
2638 823 2764 883 under
2786 822 2856 882 H.
2878 821 3028 881 Hauptl.
3051 819 3258 879 Willading

2096 941 2215 1001 trap.
2241 929 2282 989 in
2308 911 2615 971 Volländisches
2629 898 2788 958 Kriegs
2816 893 2989 953 diensten
3016 892 3135 952 steche,
3148 893 3202 953 sich
3215 895 3322 955 bange

2085 1018 2223 1078 seye;
2246 1007 2326 1067 daher
2350 1001 2396 1061 min
2407 995 2500 1055 gnädigen
2511 988 2602 1048 Herre
2615 984 2661 1044 sie
2695 979 2822 1039 nacher
2845 975 3018 1035 Urtenen
3053 974 3132 1034 umb
3144 977 3271 1037 dorten

2084 1099 2225 1159 kindts
2255 1090 2295 1150 zu
2335 1081 2446 1141 ligen
2497 1069 2707 1129 gebiesen,
2727 1060 2858 1120 deßen
2898 1057 2939 1117 den
2959 1054 3029 1114 Herrn
3039 1052 3179 1112 Oberhl.
3201 1047 3322 1107 benacht¬

2092 1171 2316 1231 richtigen,
2341 1154 2424 1214 und
2447 1145 2589 1205 selben
2625 1132 2861 1192 feundtlich
2886 1123 3052 1183 ersuchen
3087 1117 3216 1177 wollen
3241 1114 3276 1174 zu

2078 1252 2385 1312 veranstallten,
2416 1234 2491 1294 daß
2534 1227 2586 1287 die
2629 1215 2841 1275 Rubaches
2872 1208 2905 1268 in
2946 1205 3031 1265 ihres
3074 1202 3340 1262 bevorstechenden

2102 1334 2264 1394 gemißt
2287 1319 2413 1379 Lauth
2437 1306 2574 1366 esorg:
2597 1296 2690 1356 Ord.
2713 1291 2747 1351 de
2770 1287 2840 1347 Ao
2863 1282 2990 1342 1712.
3013 1279 3266 1339 examiniert

2095 1423 2127 1483 dnd
2137 1420 2190 1480 ein
2201 1413 2287 1473 gnädigen
2297 1406 2394 1466 Herren
2415 1400 2478 1460 deß
2522 1382 2895 1442 heraußkommenden
2917 1369 3088 1429 berichtet
3109 1367 3313 1427 berdendt.

2081 1501 2125 1561 so
2158 1493 2292 1553 übrigen
2314 1485 2371 1545 Min
2382 1480 2470 1540 gnädigen
2481 1475 2560 1535 Herre
2571 1469 2615 1529 die
2660 1462 2827 1522 anstalt
2850 1453 3117 1513 verfüeget,
3128 1448 3185 1508 daß
3218 1447 3273 1507 ser

2104 1574 2282 1634 beklagte
2337 1556 2538 1616 deßshalb
2571 1544 2593 1604 zu
2637 1537 2705 1597 red
2738 1526 2927 1586 geftaßen
2949 1520 3072 1580 werde

2109 1677 2225 1737 zedel
2260 1670 2306 1730 an
2354 1664 2423 1724 He.
2447 1653 2633 1713 Farpfl.
2658 1636 2891 1696 Willading
2926 1625 2984 1685 den
3008 1621 3137 1681 Rugo
3171 1618 3299 1678 dieser

2099 1761 2208 1821 klag
2244 1750 2342 1810 halb
2378 1743 2402 1803 zu
2464 1730 2659 1790 redstoßn
2683 1723 2695 1783 u
2719 1719 2769 1779 in
2781 1715 2879 1775 gnädigen
2891 1708 2988 1768 Herren
3000 1706 3036 1766 deß
3073 1700 3306 1760 herauß¬

2093 1834 2339 1894 kommenden
2375 1815 2573 1875 berichten
2597 1806 2635 1866 zu
2683 1798 2845 1858 laßen.

2098 1972 2353 2032 Krauchthal
2389 1958 2506 2018 Cons.
2529 1947 2727 2007 Demmnach
2750 1937 2879 1997 Cathri
2913 1929 3101 1989 Afeller
3124 1923 3206 1983 ihre
3241 1917 3335 1977 An¬

2107 2051 2292 2111 gehörige
2335 2038 2422 2098 und
2455 2028 2553 2088 Hanß
2596 2012 2847 2072 Großbacher
2879 2001 2933 2061 ein
2966 1994 3217 2054 heintatloser
3249 1991 3348 2051 ein¬

2110 2142 2246 2202 ander
2270 2131 2407 2191 hievor
2445 2119 2506 2179 die
2544 2113 2606 2173 Ehe
2642 2099 2892 2159 zugesagt,
2916 2088 3040 2148 beyde
3077 2083 3164 2143 aber
3189 2083 3327 2143 guth¬

2103 2227 2227 2287 billig
2270 2213 2488 2273 widrumb
2529 2194 2841 2254 abgestanden:
2872 2176 3102 2236 derobegen
3133 2168 3164 2228 so
3185 2163 3331 2223 habend

2086 2307 2286 2367 Meiendge
2311 2291 2486 2351 rhenen
2511 2275 2699 2335 ehrverff
2738 2257 2975 2317 aufgehoben
3000 2246 3076 2306 und
3113 2240 3239 2300 beyde
3276 2234 3313 2294 in

2093 2395 2252 2455 vorige
2276 2381 2473 2441 Freyheit
2510 2364 2695 2424 gesetzet,
2731 2353 2793 2413 die
2830 2342 3039 2402 dießshalb
3063 2325 3309 2385 ergangene

2114 2480 2242 2540 Abston
2272 2472 2459 2532 zwüschen
2473 2463 2529 2523 den
2559 2448 2802 2508 Partheyits
2846 2420 3147 2480 Wettschlagend
