4032 3024
712 338 848 398 Sonitz
873 313 961 373 Cons.
985 287 1160 347 Weillen
1197 266 1322 326 Mario
1372 261 1509 321 Farnn
1560 272 1633 332 von

738 415 801 475 vus
845 389 1037 449 bendesch
1079 365 1100 425 o
1144 349 1251 409 hrß
1272 332 1571 392 Schrendmnen
1612 349 1677 409 von

433 364 592 424 13f.

466 447 577 507 Fhrimm
599 429 700 489 Maria

451 532 590 592 Sen
701 494 866 554 e
1146 432 1173 492 n
1257 414 1480 474 ften
1507 421 1676 481 halbe

730 570 903 630 bekagt,
918 550 999 610 und
1014 527 1187 587 vorgebe,
1204 510 1265 570 daß
1313 500 1377 560 sie
1407 496 1503 556 hner
1534 500 1598 560 sab
1630 510 1694 570 13.

445 609 543 669 Stoll
564 590 673 650 Kind.

726 663 772 723 diß
815 647 860 707 abs
875 630 1009 690 ehelich
1023 603 1231 663 zubekente
1260 584 1365 644 Annas
1379 578 1527 638 Stoll,
1556 582 1616 642 als
1631 591 1707 651 hie¬

739 739 806 799 e
905 715 936 775 e
1102 679 1201 739 e
1299 655 1559 715 eche
1626 665 1694 725 n

735 817 805 877 ihene
846 806 875 866 zu
916 788 1072 848 Ehelichen
1099 767 1169 827 sich
1183 747 1393 807 weigere,
1422 736 1506 796 und
1533 737 1576 797 er
1590 744 1703 804 solche

735 896 831 956 fohl
849 877 1001 937 gesent
1022 857 1136 917 walhe
1173 841 1232 901 ie
1250 834 1306 894 er
1346 826 1460 886 Borei
1518 824 1689 884 zuehen

740 978 774 1038 zu
808 963 957 1023 bringen,
980 945 1060 1005 loln
1072 934 1130 994 min
1141 922 1233 982 gnädigen
1244 913 1323 973 Herre
1336 906 1381 966 sie
1403 901 1645 961 angesonnen
1667 912 1748 972 haben

736 1054 791 1114 den
817 1027 1089 1087 Schwendiman
1142 998 1223 1058 und
1251 990 1306 1050 fie
1332 984 1440 1044 Stoll
1481 982 1562 1042 auf
1589 990 1753 1050 nechste¬

740 1113 951 1173 künfftigen
979 1088 1134 1148 Montag
1148 1074 1191 1134 den
1205 1066 1275 1126 24.
1289 1060 1332 1120 diß
1374 1053 1501 1113 allhar
1529 1051 1557 1111 zu
1586 1056 1728 1116 halten.

723 1250 967 1310 Fehrerballen
991 1232 1089 1292 Cons.
1102 1220 1260 1280 Weilen
1286 1208 1432 1268 Ehußen
1480 1198 1579 1258 SalV
1628 1192 1701 1252 Perg

746 1329 782 1389 Ein
818 1317 962 1377 ehemann
998 1306 1078 1366 von
1115 1295 1331 1355 Wohlen,
1349 1283 1556 1343 welcherdeß
1628 1272 1728 1332 bey¬

462 1349 634 1409 selbisches
650 1339 746 1399 hisen

744 1408 912 1468 schlaffe
944 1391 1028 1451 von
1070 1377 1259 1437 Barbara
1312 1365 1459 1425 brünig
1511 1355 1721 1415 beklaget

463 1441 579 1501 Böünung
608 1435 703 1495 barbar

757 1483 862 1543 wirdt,
873 1473 988 1533 welches
1000 1464 1085 1524 aber
1106 1457 1221 1517 solches
1254 1446 1454 1506 verneinet
1497 1436 1560 1496 Sie
1582 1429 1687 1489 sagt

463 1513 556 1573 Sfab
580 1503 661 1563 Hans

749 1560 824 1620 aber
849 1554 888 1614 Er
901 1549 976 1609 sye
990 1545 1040 1605 ein
1090 1536 1268 1596 getüßer
1293 1528 1419 1588 Spak
1469 1516 1647 1576 einmahl
1672 1504 1774 1564 das¬

743 1640 982 1700 zukommen,
1016 1631 1061 1691 da
1107 1626 1163 1686 der
1198 1618 1435 1678 Seltisperg
1470 1607 1515 1667 in
1572 1594 1685 1654 Ihren

738 1721 1005 1781 haußgewesen
1062 1711 1163 1771 undt
1196 1707 1252 1767 die
1296 1696 1599 1756 haußthuren
1633 1673 1813 1733 verschloßen

755 1815 943 1875 gewesen.
967 1807 1050 1867 Wie
1073 1803 1110 1863 un
1133 1801 1191 1861 ein
1203 1796 1298 1856 gnädigen
1310 1792 1393 1852 Herren
1405 1786 1523 1846 solcher
1546 1774 1664 1834 bericht
1689 1758 1808 1818 nötig¬

745 1893 800 1953 alß
827 1889 979 1949 vollind
993 1889 1131 1949 dieselbe
1158 1889 1242 1949 Ihmn
1255 1882 1559 1942 auffgetragen
1587 1854 1698 1914 haben

747 1969 801 2029 den
828 1967 911 2027 Hanß
965 1970 1075 2030 Spake
1115 1972 1198 2032 von
1252 1971 1430 2031 Büschler
1471 1960 1580 2020 auff
1607 1935 1771 1995 küfftig

732 2051 894 2111 Montag
935 2053 1125 2113 herhalten
1138 2056 1179 2116 zu
1193 2057 1383 2117 laßen.

752 2196 947 2256 Rubonner
972 2195 1070 2255 Über
1094 2200 1143 2260 Ihr
1179 2211 1449 2271 berichtschriben
1511 2201 1719 2261 betreffendt
1731 2173 1780 2233 die

488 2219 575 2279 Gonet
608 2221 716 2281 Sontean

762 2266 880 2326 habenn
913 2269 1030 2329 lonet,
1053 2275 1107 2335 deß
1149 2283 1268 2343 Christen
1311 2290 1462 2350 Saufers
1483 2286 1559 2346 Von
1591 2264 1774 2324 Sefißburg

485 2281 596 2341 Sauffer
606 2283 749 2343 Christer.

497 2354 630 2414 Dotteran
663 2344 896 2404 Frauenthelieb,
906 2345 1005 2405 welche
1017 2348 1072 2408 sich
1083 2351 1161 2411 sith
1194 2355 1437 2415 verstrichenen
1537 2338 1757 2398 brachmendt

773 2419 927 2479 schwanger
948 2422 1051 2482 zwein
1103 2429 1237 2489 angibet
1269 2431 1340 2491 von
1372 2427 1567 2487 Franccis
1599 2405 1723 2465 Vottern

768 2487 832 2547 Wen
870 2490 909 2550 et
946 2496 1035 2556 Lie
1062 2504 1202 2564 lein
1215 2509 1316 2569 gnädigen
1328 2510 1405 2570 Her
1431 2506 1481 2566 Fren
1495 2502 1533 2562 in
1558 2482 1737 2542 antwort

779 2553 958 2613 verdeahet
974 2566 1056 2626 habt,
1073 2575 1137 2635 daß
1171 2582 1236 2642 des
1252 2588 1449 2648 geschäft
1465 2584 1514 2644 biß
1548 2573 1628 2633 noch
1644 2555 1711 2615 Ichr

769 2620 894 2680 Geisst
916 2632 1063 2692 verschoben
1074 2642 1164 2702 sye.

3140 222 3287 282 153f.

2050 289 2265 349 Barburg.
2279 273 2332 333 Es
2358 267 2439 327 habe
2453 265 2561 325 zwas
2587 265 2627 325 die
2655 268 2803 328 Barban
2856 275 3004 335 Bohman
3045 279 3111 339 Mon
3125 281 3286 341 Srigele

2098 393 2181 453 hoch
2195 383 2224 443 so
2252 373 2335 433 dohl
2364 362 2461 422 Sbor4
2504 356 2601 416 Jnn,
2617 356 2686 416 alß
2714 356 2784 416 noch
2812 357 2869 417 der
2897 359 3051 419 Kreißs
3064 361 3135 421 ihr
3163 361 3232 421 zur

1799 471 1910 531 sose
1927 431 2058 491 bebad

1819 548 1918 608 Aele
1942 514 2040 574 dne
2088 469 2383 529 oelegeleser
2431 446 2627 506 antiden
2654 445 2800 505 daude
2848 446 2997 506 albes
3021 448 3242 508 ieleget

2075 581 2205 641 teiben
2257 555 2348 615 aber
2387 537 2583 597 denselben
2622 531 2675 591 vor
2700 530 2805 590 seinen
2869 529 3052 589 außbitt
3078 530 3157 590 kein

2074 674 2184 734 hatt
2197 658 2211 718 2
2237 640 2443 700 fersöhnlich
2469 623 2675 683 besogent,
2688 619 2757 679 alß
2784 619 2907 679 bnmein
2920 617 3029 677 gnädigen
3043 616 3139 676 Hern
3152 613 3277 673 Ihra¬

2076 775 2135 835 des
2164 738 2475 798 Kindtsambt
2504 716 2621 776 deßen
2666 707 2991 767 underhaltung
3020 703 3079 763 biß
3123 702 3168 762 zu

2072 848 2203 908 seines
2231 820 2549 880 heimbkunfft
2563 802 2736 862 lediglich
2765 796 3082 856 überlaßen:

2078 967 2316 1027 betrefendt
2342 949 2449 1009 dann
2488 942 2542 1002 die
2568 935 2754 995 Elßbeth
2780 930 2846 990 Bäd
2887 928 2952 988 von
3019 923 3151 983 Weil,
3177 919 3284 979 solche

2083 1073 2131 1133 der
2167 1049 2494 1109 Schwängerung
2530 1031 2640 1091 halb
2664 1021 2869 1081 beklaget
2906 1012 2967 1072 H.
2979 1004 3197 1064 Studiosum

1823 1131 1888 1191 Hor
1901 1106 2059 1166 Rstbel.

2100 1155 2283 1215 mannel
2347 1131 2595 1191 Huntzigker
2638 1118 2714 1178 von
2778 1108 2951 1168 Braute
2983 1101 3038 1161 der
3059 1097 3134 1157 aber
3157 1092 3242 1152 Ihro

2094 1248 2207 1308 dieses
2230 1228 2478 1288 anklegden
2523 1209 2669 1269 aberdt
2692 1200 2782 1260 seye,
2805 1193 2906 1253 wolie
2929 1188 2985 1248 min
2996 1183 3087 1243 gnädigen
3098 1180 3188 1240 Herren
3200 1177 3233 1237 Ihm

1822 1218 1948 1278 Pefhe
1984 1197 2074 1257 aue

2098 1322 2316 1382 zumahlen
2343 1314 2406 1374 die
2433 1308 2548 1368 bähr
2573 1301 2613 1361 den
2638 1297 2701 1357 14.
2728 1290 2791 1350 diß
2830 1284 2881 1344 in
2907 1276 2997 1336 Ihro
3023 1266 3177 1326 genßt

2097 1406 2191 1466 vor
2212 1403 2308 1463 ohne
2360 1397 2571 1457 beschehene
2634 1384 2897 1444 förmbtliche
2929 1365 3224 1425 Examination

2084 1493 2172 1553 und
2195 1491 2228 1551 in
2261 1487 2393 1547 beysen
2437 1482 2493 1542 der
2526 1476 2714 1536 herbammen
2747 1466 2958 1526 bekennet
2990 1455 3056 1515 der
3090 1445 3323 1505 huntzig¬

2088 1591 2147 1651 ber
2160 1586 2244 1646 seye
2280 1577 2459 1637 Vatter
2496 1570 2555 1630 deß
2615 1562 2783 1622 Kindts
2819 1555 2928 1615 undt
2951 1549 3070 1609 wolle
3119 1543 3226 1603 auff

2102 1689 2194 1749 Ihme
2230 1677 2323 1737 leben
2334 1668 2451 1728 undt
2474 1655 2660 1715 steben,
2683 1638 2986 1698 auffgetrage
3045 1620 3160 1680 haben

2057 1769 2138 1829 Sie
2150 1769 2185 1829 in
2208 1767 2280 1827 dem
2350 1754 2632 1814 Pergations,
2656 1736 2809 1796 Eyde-
2820 1725 2925 1785 undt
2962 1713 3032 1773 der
3055 1696 3289 1756 wichtigkeit

2073 1861 2295 1921 deselben
2312 1849 2467 1909 wohl,
2484 1840 2603 1900 undt
2620 1824 2842 1884 fündtlich
2859 1804 3116 1864 underichte,
3150 1786 3269 1846 undt

2086 1973 2225 2033 Rehe
2341 1947 2426 2007 ih
2508 1923 2848 1983 eieftigen
2879 1902 3018 1962 eyide
3076 1877 3332 1937 ebaten

2105 2071 2179 2131 alß
2216 2058 2385 2118 habinde
2424 2038 2629 2098 Lumbden
2684 2014 2871 2074 Reichtze
2911 1998 2947 2058 zu
2984 1981 3190 2041 laßen,

2070 2237 2409 2297 Radelfingen
2425 2225 2498 2285 Mine
2514 2217 2632 2277 gnädigen
2646 2208 2764 2268 Herrn
2779 2200 2838 2260 Seor
2867 2189 3090 2249 obntüßent,
3105 2181 3148 2241 ob
3179 2177 3237 2237 die

2103 2336 2197 2396 atrj
2232 2329 2442 2389 Woltherdt
2478 2317 2584 2377 welche
2631 2308 2701 2368 der
2712 2294 3018 2354 schwängerung
3053 2280 3135 2340 halb
3158 2273 3323 2333 beklaget

1843 2346 1982 2406 Welhend
2006 2359 2077 2419 saten

2097 2431 2216 2491 Beutz
2255 2425 2375 2485 Schoi
2414 2420 2494 2480 von
2534 2409 2759 2469 damenfeil
2840 2393 2959 2453 ihme
2985 2383 3079 2443 auch
3105 2371 3263 2431 ehrzur

1853 2426 1890 2486 ho
1952 2442 2065 2502 beut.

2085 2525 2184 2585 welt
2221 2511 2419 2571 gebohrner
2444 2503 2580 2563 Kindt
2604 2495 2890 2555 zugeignet,
2926 2484 2989 2544 dir
3026 2478 3113 2538 aber
3149 2467 3236 2527 Ihra
