4032 3024
437 363 583 423 154.

717 352 838 412 Isen
855 339 885 399 in
900 327 1008 387 abert
1023 316 1099 376 ist,
1114 309 1192 369 nach
1222 305 1391 365 Mehn
1421 316 1637 376 erordinung
1652 336 1697 396 mn

714 438 903 498 Portr,
920 419 1023 479 Erit
1039 409 1109 469 siye
1142 395 1384 455 verteuget
1400 400 1589 460 worden,
1606 423 1726 483 derbe

698 543 807 603 faht
840 529 886 589 die
901 512 1058 572 Phytese
1091 481 1357 541 Inntention
1420 472 1514 532 noch
1529 481 1623 541 nicht
1654 504 1750 564 vor¬

714 632 849 692 gangen
865 612 985 672 wobren
1000 597 1105 657 selbe
1121 583 1331 643 füynderlich
1346 577 1633 637 zuerstatten
1677 594 1753 654 undt

708 729 747 789 so
760 720 839 780 wohl
866 706 958 766 Ihrer
984 686 1223 746 Empfangen
1262 673 1382 733 Pydts
1421 671 1686 731 Iastuction

716 816 788 876 alß
816 804 988 864 habenden
1031 784 1261 844 Lumbdens
1289 775 1362 835 den
1390 773 1634 833 benötigten
1648 786 1765 846 berige¬

721 902 771 962 zu
796 887 997 947 demaliger
1022 862 1285 922 befndigung
1336 851 1398 911 deß
1437 851 1650 911 geschäfft
1675 861 1725 921 ein

709 986 906 1046 zusenden,
919 966 1118 1026 zumahlen
1145 950 1273 1010 kant
1286 941 1526 1001 einkoueten
1554 937 1750 997 schreibene

708 1087 804 1147 Von
851 1068 997 1128 Sedeff
1028 1056 1077 1116 der
1109 1047 1205 1107 Schrey
1223 1039 1301 1099 sich
1319 1033 1511 1093 kürklich
1527 1031 1574 1091 eim
1607 1032 1719 1092 Eyde

709 1173 894 1233 Instrirt
910 1154 1095 1214 befindet.

709 1341 951 1401 Lentzblg.
968 1328 1141 1388 Praef.
1160 1320 1349 1380 MeHen
1383 1309 1591 1369 andiendt
1625 1301 1781 1361 hiemit

742 1435 820 1495 nach
842 1430 1022 1490 deßelben
1044 1422 1258 1482 Verlangen
1302 1415 1369 1475 die
1391 1412 1470 1472 Bor
1492 1409 1604 1469 sati
1638 1408 1761 1468 femuel

464 1448 577 1508 Eenel
592 1446 688 1506 Catei

719 1531 831 1591 Sten
850 1522 1113 1582 Riperscheil
1149 1517 1225 1577 den
1243 1516 1337 1576 eine
1355 1514 1449 1574 fang
1488 1514 1543 1574 der
1564 1513 1731 1573 Gottbß

725 1655 956 1715 betrffendt
983 1654 1079 1714 dann
1105 1654 1159 1714 die
1174 1651 1405 1711 Convistorial
1445 1643 1514 1703 sach
1541 1634 1771 1694 entsischen

748 1746 801 1806 dem
855 1750 934 1810 Nudh
961 1750 1068 1810 Roth
1095 1748 1243 1808 Grichte
1256 1741 1390 1801 Weibel
1443 1732 1482 1792 zu
1511 1718 1710 1778 Jetzwiel

471 1753 558 1813 Roth.
571 1745 686 1805 Rudi.

768 1828 848 1888 undt
884 1832 986 1892 Anna
1022 1834 1228 1894 Frißmann
1309 1826 1389 1886 auß
1425 1817 1482 1877 dem
1574 1792 1769 1852 holeege

477 1823 631 1883 Frißmann
650 1821 731 1881 Anna

475 1903 585 1963 halter
600 1909 737 1969 Joacdhim
753 1915 891 1975 Bollind
905 1919 1071 1979 MWeHHn
1099 1917 1251 1977 deselben
1292 1906 1515 1966 freündtlich
1543 1884 1695 1944 ersucht

731 2008 836 2068 haben
893 2011 952 2071 den
986 2011 1067 2071 Rak
1090 2008 1183 2068 undt
1218 2004 1276 2064 die
1310 1994 1508 2054 Feißman
1554 1970 1692 2030 sambt
1705 1952 1762 2012 den

744 2098 900 2158 Joachim
930 2098 1055 2158 Falles
1071 2098 1117 2158 ab
1149 2096 1211 2156 dem
1242 2091 1522 2151 Plügelberg
1555 2074 1616 2134 auf
1662 2053 1802 2113 küuffe

763 2196 848 2256 tige
883 2195 1224 2255 Mantegübrach
1276 2196 1293 2256 s
1310 2195 1345 2255 tg
1482 2188 1515 2248 e
1567 2181 1636 2241 e

776 2295 900 2355 halter
932 2290 1210 2350 hulaser.

1803 607 2060 667 Johinsaium

1813 715 1830 775 1
1902 670 2084 730 beacstd.

1814 779 1907 839 pre

1830 1134 1935 1194 Schab
1973 1115 2066 1175 has.

1827 1210 1883 1270 vund
1911 1191 1981 1251 Mid

3120 218 3250 278 155f

2087 310 2446 370 Vätterlingen
2524 299 2626 359 e
2651 299 2729 359 Hre
2755 301 2908 361 ollindt
2935 304 3038 364 Ihnen
3063 307 3180 367 über¬

2075 418 2129 478 Ihr
2156 398 2415 458 eingesendte
2455 385 2645 445 Poceduc
2699 383 2849 443 hiemit
2891 384 3175 444 auffgetragen

2092 493 2263 553 haben,
2294 476 2359 536 den
2380 469 2551 529 Daniel
2594 469 2721 529 Ped
2744 471 2924 531 Cherbum
2999 465 3085 525 von

2094 578 2257 638 borcelles
2303 563 2349 623 die
2385 558 2536 618 Congre
2571 557 2722 617 Band
2757 559 2839 619 von
2874 557 3037 617 Cressier
3071 546 3222 606 sombt

2085 692 2143 752 dem
2225 667 2493 727 Assistentez
2528 653 2760 713 Heerman
2842 643 3134 703 überAcht

2071 793 2124 853 ven
2209 777 2243 837 en
2278 762 2519 822 enigeHerrn
2538 750 2657 810 halten
2692 743 2726 803 zu
2761 736 2952 796 laßen.

2053 957 2286 1017 Barberg
2313 937 2465 997 Praef:
2479 929 2533 989 Er
2562 925 2630 985 hab
2658 921 2672 981 e
2685 918 2782 978 Mein
2795 913 2905 973 gnädigen
2919 907 3029 967 Herrn
3042 901 3098 961 der
3112 895 3208 955 Hanß

2086 1043 2183 1103 undt
2219 1031 2317 1091 Rud
2379 1021 2538 1081 Schweb
2586 1013 2685 1073 beyde
2745 1006 2831 1066 von
2881 995 3162 1055 Radelfügen

2093 1131 2190 1191 Ihren
2227 1118 2360 1178 fähles
2386 1107 2508 1167 wegen
2582 1094 2801 1154 gegebener
2826 1082 3033 1142 Ergernuß
3071 1074 3107 1134 an
3131 1070 3193 1130 dem

2089 1226 2240 1286 bättag
2286 1203 2506 1263 bekennet,
2529 1187 2728 1247 derowegen
2751 1178 2925 1238 dieselben
2948 1172 3008 1232 den
3031 1169 3111 1229 Hanß
3157 1162 3297 1222 Schwatz

2081 1312 2196 1372 dahin
2223 1297 2390 1357 verfelt,
2415 1284 2491 1344 daß
2544 1277 2582 1337 Er
2608 1271 2698 1331 Ihne
2749 1262 2840 1322 alß
2891 1254 3020 1314 seinen
3096 1244 3278 1304 gesetzten

2091 1380 2551 1440 Oberambtmann
2635 1352 2742 1412 umb
2784 1338 3052 1398 Verzeichung
3095 1324 3244 1384 betten

2080 1481 2239 1541 mahl
2279 1467 2319 1527 24
2358 1458 2492 1518 stundt
2505 1454 2545 1514 in
2586 1441 3011 1501 gefangenschafft
3051 1413 3224 1473 gesetzet

2079 1566 2186 1626 undt
2209 1559 2251 1619 fo
2273 1553 2392 1613 undt
2413 1548 2467 1608 sin
2511 1543 2662 1603 Wib
2683 1537 2856 1597 annoch
2889 1530 2953 1590 40
2985 1526 3029 1586 lb
3062 1520 3136 1580 buß
3191 1509 3255 1569 der

2078 1657 2192 1717 halbe
2226 1650 2329 1710 theil
2386 1644 2432 1704 zu
2466 1639 2614 1699 handen
2694 1633 2763 1693 der
2797 1627 2945 1687 denen
3037 1616 3198 1676 erlegen

2083 1748 2291 1808 sollind,
2352 1733 2623 1793 betreffendt
2659 1725 2783 1785 dann
2819 1720 2892 1780 den
2941 1714 3100 1774 Rudi,
3125 1710 3163 1770 so
3187 1706 3272 1766 soll

2081 1847 2281 1907 deselbe
2320 1836 2455 1896 nebst
2481 1830 2520 1890 20
2548 1828 2600 1888 lb
2655 1823 2735 1883 buß
2787 1819 2894 1879 acht
2922 1813 3000 1873 tag,
3028 1809 3109 1869 undt
3122 1807 3161 1867 so
3187 1804 3241 1864 Er

2101 1939 2161 1999 die
2186 1934 2272 1994 buß
2308 1928 2417 1988 nicht
2465 1919 2746 1979 vermahten
2820 1908 2941 1968 zeihe
2979 1901 3051 1961 tag
3088 1892 3284 1952 einge¬

2069 2031 2264 2091 ethunet
2289 2020 2485 2080 werden,
2524 2014 2667 2074 deßen
2694 2007 2888 2067 derselbe
2941 1992 3123 2052 hiemit

2085 2129 2275 2189 berichtet
2312 2119 2454 2179 wirdt
2490 2111 2573 2171 mit
2609 2100 2906 2160 fründtlichen
2966 2081 3133 2141 ersuchen
3169 2063 3252 2123 die

2104 2230 2195 2290 buß
2262 2224 2301 2284 zu
2327 2216 2538 2276 bezeuhen,
2551 2206 2644 2266 und
2670 2197 2801 2257 solmein
2814 2188 2920 2248 gnädigen
2933 2181 3037 2241 Herrn
3050 2176 3077 2236 zu
3103 2168 3261 2228 handen

2080 2327 2257 2387 Urghl.
2281 2311 2658 2371 zuübermachen
2714 2288 2915 2348 beiebens
2959 2273 3104 2333 dann
3137 2264 3259 2324 auch

2098 2433 2173 2493 dem
2249 2418 2371 2478 Hanß
2416 2408 2493 2468 sein
2523 2397 2707 2457 Weib,
2722 2385 2844 2445 undt
2874 2379 2949 2439 den
2996 2372 3133 2432 Rudi
3163 2365 3332 2425 vor¬
