4032 3024
710 408 761 468 die
788 386 983 446 Ehrbarkeit
1009 358 1153 418 sitiren
1178 337 1362 397 laßen,
1375 331 1466 391 undt
1492 333 1595 393 allda
1635 348 1727 408 Inen

426 364 532 424 165

712 485 901 545 Vrfehle
932 451 1138 511 vorhalten
1170 428 1281 488 undt
1327 419 1392 479 Sie
1423 416 1503 476 zur
1518 423 1723 483 beßerung

698 582 868 642 hechtig
891 539 1212 599 ichtumchen.

751 737 873 797 Ward
900 726 940 786 die
969 714 1117 774 Maria
1144 694 1443 754 Hauloßfisler
1470 689 1539 749 für
1552 691 1605 751 40
1634 696 1743 756 stiechen

434 858 632 918 hatschlo
665 834 764 894 fach
799 822 847 882 em
863 812 997 872 pfahre
1030 802 1064 862 in
1096 795 1163 855 Ich
1180 786 1394 846 bingstuhl
1411 775 1561 835 erbent
1593 767 1711 827 anbey¬

734 918 815 978 soll
839 909 875 969 sie
910 897 1016 957 durch
1040 887 1098 947 die
1121 874 1311 934 Profosin
1381 859 1464 919 vor
1499 852 1569 912 dar
1592 846 1733 906 burgen

731 1010 825 1070 Jahs
856 988 1013 1048 gefüht
1028 971 1122 1031 undt
1138 959 1234 1019 auf
1264 950 1327 1010 die
1343 941 1531 1001 gerachtet
1561 935 1767 995 betrttnen

741 1100 833 1160 faht
851 1079 1036 1139 eingseht
1054 1059 1167 1119 undt
1185 1044 1295 1104 dahu
1331 1030 1480 1090 mahlen
1498 1026 1554 1086 no
1590 1024 1778 1084 Schalen

722 1187 844 1247 wert
877 1168 1068 1228 geführt
1102 1151 1293 1211 werden.

728 1311 868 1371 Gedul
906 1306 945 1366 an
996 1300 1213 1360 MWH.
1238 1294 1418 1354 Spitahl
1443 1279 1698 1339 verwalter

761 1397 925 1457 Wagner,
937 1394 1026 1454 Ihne
1050 1390 1164 1450 segen
1189 1383 1441 1443 empfachung
1478 1372 1542 1432 der
1554 1366 1629 1426 210
1643 1354 1769 1414 strichen

752 1483 785 1543 in
807 1483 1055 1543 schweigstuhl
1111 1477 1302 1537 berichten
1347 1469 1437 1529 umb
1471 1464 1526 1524 die
1561 1452 1729 1512 behörige

479 1494 535 1554 Ob
561 1479 646 1539 I.

740 1586 979 1646 Executions
1009 1575 1347 1635 Veranstaltung
1377 1558 1518 1618 machen
1546 1540 1759 1600 zukömmen.

756 1763 865 1823 Durch
890 1755 938 1815 Ein
963 1747 1144 1807 Schieben
1181 1740 1241 1800 von
1290 1735 1423 1795 Pullu
1447 1729 1496 1789 dud
1508 1724 1569 1784 men
1581 1716 1677 1776 gnädigen
1689 1704 1776 1764 Her

757 1844 943 1904 berichtet,
977 1838 1059 1898 daß
1104 1834 1151 1894 die
1186 1830 1324 1890 Rueff
1371 1822 1464 1882 Von
1498 1816 1556 1876 der
1603 1804 1730 1864 Anne

779 1924 975 1984 Francoire
1014 1921 1132 1981 Verrey
1172 1916 1270 1976 wider
1299 1910 1349 1970 den
1378 1896 1595 1956 Philippo
1624 1876 1673 1936 de

477 1915 573 1975 Verrey
600 1910 740 1970 fraucine

469 2001 492 2061 Je
515 2000 619 2060 Pavam
653 2000 734 2060 Viliu
757 2000 897 2060 Pavana
931 1999 1105 2059 fremblich
1128 1993 1359 2053 ergangen,
1382 1980 1486 2040 ohne
1522 1966 1579 2026 daß
1615 1954 1660 2014 Er

763 2083 960 2143 gerschinen,
972 2086 1066 2146 undt
1090 2086 1148 2146 daß
1194 2083 1253 2143 Sie
1288 2080 1335 2140 der
1370 2071 1521 2131 Verreg
1557 2057 1638 2117 und
1674 2041 1731 2101 den

483 2122 609 2182 Winen
626 2124 673 2184 han
689 2127 769 2187 egen

782 2125 792 2185 4

770 2168 857 2228 Jean
886 2167 1032 2227 Jacques
1052 2165 1236 2225 Weisman
1266 2162 1344 2222 Bon
1382 2152 1587 2212 Lausanne
1627 2128 1743 2188 allhie

754 2246 963 2306 zuerscheinen
978 2246 1042 2306 tag
1057 2244 1240 2304 angesthet
1266 2238 1344 2298 Von
1370 2231 1449 2291 heit
1476 2224 1555 2284 über
1581 2217 1621 2277 14
1647 2206 1779 2266 tag.

773 2330 818 2390 dn
842 2327 876 2387 18
899 2327 955 2387 9b.
966 2328 1081 2388 1732.

792 2426 872 2486 N3.
890 2433 1117 2493 dieschafften
1135 2446 1361 2506 betrffend
1395 2446 1444 2506 den
1476 2428 1704 2488 Pfediante

512 2434 637 2494 salame

497 2491 627 2551 Ihingin
639 2495 735 2555 Jafr.

788 2494 926 2554 Calarna
962 2506 1032 2566 und
1049 2512 1100 2572 die
1119 2520 1206 2580 Jesr
1223 2523 1274 2583 syn
1294 2525 1432 2585 Günger
1468 2519 1519 2579 sin
1536 2509 1623 2569 def
1642 2485 1763 2545 nachst

794 2567 852 2627 Tes
876 2575 1013 2635 Mülen
1037 2594 1443 2654 zugestetwerde?

3101 227 3197 287 157.
3212 223 3220 283 f

2068 331 2219 391 Wegen
2282 309 2333 369 der
2358 301 2485 361 Maria
2537 298 2649 358 Bosser
2676 299 2763 359 undt
2790 300 2979 360 Provison
3017 297 3232 357 Walthedt

2074 418 2262 478 relatirt
2285 406 2344 466 H.
2355 395 2554 455 Allmoner
2577 386 2730 446 Ritter,
2753 382 2788 442 Er
2824 379 2906 439 habe
2929 377 2975 437 im
3000 373 3199 433 Frühling

1797 406 2033 466 Settein

2082 509 2182 569 Ihme
2251 494 2295 554 15
2306 488 2408 548 thl.
2431 483 2464 543 am
2510 480 2566 540 13.
2577 478 2724 538 Santon
2814 474 2892 534 bey
2926 471 2994 531 H.
3017 464 3174 524 huberin

1790 513 1949 573 sehe
1972 470 2063 530 er

2066 599 2288 659 Amstedam
2366 573 2629 633 zugeschikt
2668 567 2799 627 wüste
2838 563 2943 623 nicht
2969 560 3021 620 wo
3047 556 3087 616 Er
3100 551 3165 611 sich

2056 695 2268 755 dermahlen
2290 678 2525 738 auffhalten
2569 668 2669 728 habe
2715 659 2961 719 geschiben,
2983 650 3028 710 Er
3061 642 3184 702 wolle

2066 796 2167 856 seine
2205 778 2345 838 fortun
2382 768 2433 828 in
2471 760 2776 820 Teütschlandt
2801 750 2927 810 suchen
2953 743 3067 803 sogl.
3091 734 3155 794 die

2072 880 2252 940 boslern
2278 860 2380 920 solle
2433 850 2626 910 Einmahl
2664 846 2702 906 in
2753 843 2973 903 Ergehrten
3024 826 3255 886 Aufbrieff

2091 964 2292 1024 barten,
2317 948 2387 1008 biß
2435 935 2732 995 Etkomene
2779 922 3005 982 Antwort
3052 905 3220 965 auß¬

2069 1058 2312 1118 Kenstedem
2397 1018 2640 1078 anlangen
2668 1005 2796 1065 wirdt

2059 1215 2428 1275 Huffgesthanen
2464 1182 2648 1242 anzug
2666 1169 2740 1229 bie
2758 1157 2980 1217 MaH.
2998 1142 3200 1202 Schultheß

2091 1322 2228 1382 krcht
2270 1302 2353 1362 von
2407 1280 2670 1340 Burgdorff
2723 1259 2875 1319 liegen
2931 1240 3205 1300 abtreibung

2113 1399 2220 1459 Meineß
2279 1380 2539 1440 Reconers
2583 1362 2675 1422 von
2721 1350 2857 1410 Ihrgl.
2887 1339 2979 1399 seine
3010 1329 3300 1389 Pfarthey¬

1831 1374 1934 1434 Rcht
1948 1364 1978 1424 l.
2007 1353 2081 1413 oit.

2081 1491 2225 1551 büße
2270 1472 2524 1532 zulaßen,
2546 1452 2723 1512 gewisen
2756 1439 2901 1499 worden
2944 1428 3066 1488 seye,
3100 1422 3265 1482 begehre

2086 1584 2175 1644 Also
2219 1576 2294 1636 daß
2323 1568 2441 1628 Mehl
2516 1554 2649 1614 Ihmen
2694 1546 2752 1606 die
2783 1538 3005 1598 Pfarthey
3049 1528 3271 1588 verzeigen

2082 1667 2335 1727 möchten,
2348 1653 2486 1713 wardt
2511 1646 2613 1706 geben
2625 1640 2700 1700 Min
2714 1635 2814 1695 gnädigen
2826 1629 2940 1689 Herren
2953 1620 3143 1680 bleibend

2107 1770 2173 1830 bey
2215 1758 2295 1818 Iher
2337 1742 2634 1802 Erkantnuß,
2663 1733 2743 1793 die
2798 1729 2865 1789 Sie
2906 1723 2946 1783 lo
3000 1711 3259 1771 Officio¬

2089 1861 2442 1921 außgesellt.

2065 2065 2178 2125 Aber
2205 2061 2262 2121 der
2290 2057 2542 2117 Gemeindt
2572 2054 2796 2114 Radelfungen
2810 2050 3133 2110 außgeschoßener
3149 2042 3346 2102 Velan¬

2083 2147 2216 2207 gende
2305 2146 2494 2206 Recision
2560 2143 2627 2203 der
2649 2139 2849 2199 Eekentnuß
2893 2136 2971 2196 vom
3027 2135 3092 2195 2.
3114 2135 3181 2195 8b.
3203 2135 3325 2195 besthen

1845 2179 2046 2239 Radelfünge

1851 2251 1922 2311 Kloh
1934 2249 2053 2309 barbar
2089 2239 2340 2299 betreffendt
2377 2230 2424 2290 der
2459 2226 2555 2286 bloh
2590 2220 2722 2280 Kindt
2759 2215 2866 2275 sindt
2890 2213 3045 2273 dieselben
3069 2215 3164 2275 wile

2091 2330 2156 2390 Es
2210 2321 2276 2381 Ein
2319 2312 2547 2372 heimath
2580 2306 2689 2366 Recht
2732 2301 2950 2361 ansichet,
2972 2293 3179 2353 lediglich
3211 2283 3332 2343 ver¬

2063 2424 2353 2484 MeGHn
2369 2407 2432 2467 der
2450 2397 2722 2457 Aausoburger
2739 2387 2868 2447 Cammer
2883 2381 3045 2441 gelesen
3061 2375 3189 2435 wolden
