4032 3024
460 348 561 408 1189

474 1227 583 1287 Futu
607 1222 678 1282 dean

556 1274 642 1334 Mar

466 1379 611 1439 Bastian
632 1376 726 1436 Jeane

466 1437 646 1497 Bemette.

479 1966 617 2026 Montla
634 1961 708 2021 Ville

469 2025 569 2085 lIsle

477 2096 589 2156 Banda
622 2093 756 2153 Eliertest

482 2159 619 2219 Boriguer
632 2157 757 2217 Copitan

862 369 996 429 Ae
1021 356 1050 416 b
1101 344 1155 404 d.
1209 333 1288 393 e1.
1342 325 1476 385 ort.
1501 330 1664 390 172.

1042 461 1251 521 Prases.

771 619 892 679 M.
909 606 1016 666 H.
1033 595 1154 655 BSeineo
1191 584 1259 644 von
1295 572 1574 632 Muhlenen

1030 710 1290 770 Assessores.

782 860 990 920 Mese.
1005 845 1134 905 Geo.

725 1121 932 1181 Penthag
947 1110 1028 1170 und
1061 1103 1252 1163 Lavigns
1268 1097 1379 1157 heg.
1410 1093 1475 1153 Es
1508 1089 1604 1149 habe
1635 1085 1780 1145 Endtich

730 1208 829 1268 Jean
872 1197 972 1257 Man
1026 1192 1136 1252 Junc
1190 1189 1256 1249 der
1279 1188 1444 1248 Weibel
1476 1184 1553 1244 von
1575 1179 1729 1239 Lavigen

738 1283 931 1343 angelobt,
950 1277 1018 1337 dar
1037 1277 1125 1337 Ihme
1182 1277 1260 1337 von
1309 1279 1366 1339 der
1395 1279 1530 1339 Jeane
1570 1273 1743 1333 Bemette

745 1373 911 1433 Bartian
987 1364 1230 1424 zugefignete
1274 1358 1396 1418 Kindt
1418 1354 1484 1414 alß
1528 1349 1594 1409 das
1617 1341 1737 1401 seinige

738 1457 981 1517 anzunemmen,
993 1455 1058 1515 der
1083 1453 1108 1513 en
1133 1451 1198 1511 ein
1210 1447 1313 1507 gnädigen
1325 1442 1415 1502 Herren
1440 1434 1543 1494 Ihme
1569 1418 1762 1478 solcher¬

750 1540 833 1600 Auch
848 1543 904 1603 alß
931 1543 1143 1603 ohnehrlich
1184 1534 1451 1594 zubekennet,
1479 1513 1591 1573 beyde
1632 1491 1716 1551 zur

743 1630 956 1690 ablestung
987 1639 1170 1699 gehalte,
1187 1634 1278 1694 undt
1293 1627 1446 1687 deßen
1493 1614 1554 1674 Sie
1584 1596 1800 1656 nachriht¬

765 1717 813 1777 lig
861 1724 1089 1784 verständige
1126 1724 1270 1784 wollen.

735 1898 787 1958 E.
802 1898 881 1958 dl.
907 1900 999 1960 undt
1025 1901 1276 1961 Montlaville
1304 1897 1355 1957 sep
1422 1882 1621 1942 demnach
1647 1851 1752 1911 vor¬

741 1968 874 2028 Meie
901 1967 1061 2027 geleiget
1076 1969 1116 2029 die
1129 1972 1289 2032 staitsach
1317 1969 1477 2029 züschen
1504 1957 1598 2017 Ihre,
1611 1940 1692 2000 umb

750 2056 951 2116 zuwüßen,
973 2056 1063 2116 wenn
1097 2056 1141 2116 die
1174 2054 1377 2114 erhaltung
1410 2046 1467 2106 deß
1511 2028 1679 2088 Wander

757 2132 918 2192 Ribabeth
965 2137 1092 2197 Banda
1151 2139 1209 2199 sud
1243 2137 1325 2197 velt
1347 2127 1533 2187 gebohnen
1591 2096 1684 2156 el

770 2209 958 2269 dbeckoae
973 2216 1006 2276 ie
1021 2220 1116 2280 Jhen
1146 2223 1383 2283 kanneen
1431 2203 1697 2263 Eepibease

769 2280 847 2340 e
869 2291 1128 2351 sepsegaten
1173 2298 1330 2358 Kindts
1365 2289 1567 2349 auffallen
1600 2261 1747 2321 solle,

768 2360 907 2420 habindt
929 2365 1091 2425 dieselben
1123 2371 1198 2431 nach
1219 2375 1423 2435 angehörter
1467 2369 1553 2429 von
1607 2352 1671 2412 den

770 2436 1079 2496 außgeschoßnen
1136 2452 1276 2512 beydes
1304 2452 1544 2512 Gewenden
1615 2415 1798 2475 angebeh¬

796 2506 856 2566 ter
885 2511 1034 2571 grüden
1109 2530 1419 2590 hiemiterkent,
1450 2530 1569 2590 daß,
1583 2510 1718 2570 weren

2845 256 2931 316 eigen
2943 250 3102 310 beständig
3127 240 3199 300 159
3225 230 3274 290 f.

2062 315 2479 375 gnugsamberhalet,
2490 304 2559 364 daß
2595 304 2640 364 der
2663 304 2814 364 Borgum
2860 307 2987 367 sefalf
3034 306 3184 366 Vatter

2619 348 2789 408 gepflagen

1881 471 2017 531 hrng
2076 422 2268 482 gestett,
2287 404 2365 464 mit
2384 397 2444 457 des
2482 391 2636 451 Bande
2655 390 2947 450 sefrisetten
2966 391 3063 451 land
3082 387 3277 447 geacht,

1836 573 1965 633 sis
1981 540 2047 600 der
2063 518 2160 578 vndt
2192 501 2257 561 das
2289 487 2500 547 Kriendein
2533 482 2760 542 Wurgandt
2776 484 2905 544 helff
2921 480 3181 540 wnkratiegen

1813 651 1896 711 va
1925 623 2022 683 Sondo
2050 601 2148 661 Ihne
2161 586 2329 646 Borgin
2370 579 2441 639 das
2482 577 2636 637 Kindt
2650 577 2732 637 alß
2775 578 2984 638 ohnEhrlich
3012 570 3264 630 zugesprechen

2111 681 2359 741 eerhaltung
2384 670 2483 730 aber
2495 667 2719 727 deßelben
2782 662 2943 722 beyden
2993 648 3254 708 kemenden

1813 683 2048 743 vtogshedl

1812 773 1844 833 de
1890 731 2096 791 aetshatet.

1837 814 1912 874 Iha
1938 801 1976 861 de
1988 794 2038 854 Ver
2090 783 2115 843 zu
2140 776 2279 836 gleichen
2304 766 2457 826 theilen
2507 759 2684 819 obligen
2723 752 2849 812 soll.
2874 744 2937 804 die
2962 735 3076 795 wegen
3101 715 3242 775 deß¬

2089 873 2307 933 mudens
2335 861 2452 921 undt
2467 854 2598 914 dieses
2627 847 2859 907 geschäffts
2873 839 2976 899 halb
3005 823 3223 883 ergangene

1825 880 1867 940 de
1951 840 2079 900 ele

1806 946 1847 1006 deh
1875 927 1916 987 bod
1929 904 2081 964 gundei¬

2053 974 2227 1034 Kösten
2269 960 2342 1020 von
2401 952 2573 1012 bestend
2603 948 2719 1008 wiegen
2733 937 3081 997 vottschlagende

1810 990 1971 1050 Reshetes.

2060 1129 2356 1189 Kampvent.
2396 1100 2600 1160 Weilen
2640 1087 2774 1147 ohngech
2803 1080 2856 1140 ein
2869 1075 2978 1135 gnädigen
2992 1069 3085 1129 Herrn
3099 1059 3301 1119 bergeleisene

1837 1271 1941 1331 sae
1982 1246 2047 1306 ter
2088 1217 2318 1277 freblihe
2339 1194 2551 1254 silation
2613 1181 2675 1241 des
2696 1175 2781 1235 von
2802 1167 2949 1227 Ane
2970 1152 3221 1212 Maguata

2104 1299 2243 1359 hacles
2282 1282 2498 1342 beklagte
2573 1271 2688 1331 Jacob
2726 1261 3018 1321 Quillan,
3043 1245 3156 1305 nicht

1845 1314 2028 1374 Magerithe

2102 1379 2391 1439 eschinnen;
2427 1365 2495 1425 Alß
2553 1355 2716 1415 habindt
2738 1342 2948 1402 dieselben
2982 1329 3075 1389 Ihra

1819 1405 1945 1465 Geuttan
1966 1391 2094 1451 Jacob,

2097 1473 2241 1533 nider
2270 1454 2545 1514 gewohnten
2616 1427 2862 1487 vorbehalt
2892 1413 2963 1473 der
2991 1403 3208 1463 Rechthug

2077 1568 2199 1628 wider
2241 1555 2322 1615 Ihne
2362 1539 2552 1599 ertheilt
2581 1524 2689 1584 undt
2716 1514 2825 1574 gegen
2879 1503 2948 1563 Ihr
2989 1493 3112 1553 umb
3152 1486 3219 1546 die

2078 1661 2217 1721 allhar
2243 1649 2331 1709 Reiß
2395 1634 2509 1694 osten
2573 1617 2776 1677 Verfelt.
2789 1606 2878 1666 NB.
2890 1600 2942 1660 die
2967 1594 3081 1654 Proced.
3093 1585 3286 1645 Ccaulirt:

2075 1860 2296 1920 pffersen
2355 1841 2518 1901 Praef.
2547 1833 2591 1893 In
2637 1820 2948 1880 antwortüber
2977 1806 3213 1866 deßelben

2100 1955 2253 2015 schieben
2303 1940 2469 2000 vellind
2494 1931 2545 1991 e
2570 1921 2775 1981 eHrren
2788 1912 2889 1972 Ihme
2927 1901 3132 1961 verdeutet
3157 1892 3258 1952 haben

2098 2042 2182 2102 daß
2241 2030 2459 2090 dieselben
2506 2021 2567 2081 die
2614 2015 2771 2075 Marie
2820 2005 2939 2065 habe
2975 1995 3108 2055 gegen
3144 1983 3216 2043 den

1859 2039 1934 2099 pales
1953 2039 2066 2099 Marle

1846 2104 1903 2164 solet
1927 2104 2025 2164 David

2089 2141 2242 2201 David
2279 2125 2509 2185 soletumb
2546 2117 2623 2177 die
2661 2110 2788 2170 Kösten
2815 2104 2928 2164 auff
2980 2085 3272 2145 Moderation

2080 2243 2150 2303 hie
2168 2236 2402 2296 verfalle¬

2059 2410 2292 2470 Hhellp.
2318 2401 2526 2461 Weilen
2578 2387 2642 2447 die
2669 2377 2837 2437 Madte
2890 2364 3057 2424 Bahler
3097 2356 3188 2416 von

1862 2455 1917 2515 Hhr
1938 2461 2072 2521 Modb.

2080 2495 2196 2555 thun
2260 2493 2388 2553 welche
2428 2487 2491 2547 der
2518 2473 2840 2533 schwängerung
2878 2454 2968 2514 halb
3006 2439 3226 2499 beklaget

1865 2531 1992 2591 Kebenan
2008 2547 2089 2607 Gaot

2091 2589 2216 2649 Jacob
2241 2577 2479 2637 Bautamenn
2517 2563 2605 2623 auf
2630 2555 2718 2615 von
2742 2544 2918 2604 allda,
2943 2533 3056 2593 undt
3093 2527 3144 2587 Er
3168 2524 3269 2584 Ihre
