4032 3024
687 417 798 477 Selso
814 388 972 448 veiemnt
1005 356 1212 416 Keyscheste
1227 340 1354 400 Engel
1403 342 1690 402 hinderfüh¬

447 368 544 428 1685

706 493 902 553 chudetlig
918 467 1034 527 still,
1066 450 1165 510 alßo
1182 440 1297 500 bede
1329 433 1429 493 Ihnn
1445 435 1743 495 auffgetragen

710 581 805 641 fer
826 569 882 629 der
903 553 1057 613 reiset
1075 536 1171 596 nach
1189 526 1266 586 der
1306 514 1497 574 Bodukes
1518 514 1730 574 Cramn¬

714 662 791 722 undt
806 654 867 714 Ihre
897 639 1049 699 außerg
1079 613 1264 673 berichten
1293 598 1338 658 zu
1370 590 1522 650 laßen.
1552 592 1629 652 Eur
1643 603 1752 663 Eite¬

703 784 792 844 Süir
817 770 918 830 ander
943 755 1071 815 danin,
1096 736 1312 796 zumahlen
1326 724 1428 784 laut
1465 721 1720 781 vorgeleisenen

689 870 878 930 Attestato
903 852 961 912 von
1009 841 1069 901 den
1115 825 1341 885 Evangel.
1365 812 1637 872 Lütherischen

711 948 875 1008 Pfediger
904 935 964 995 bey
993 928 1053 988 dem
1096 913 1231 973 Lobl.
1245 895 1660 955 Schulenburgischen

726 1032 899 1092 Reginent
937 1018 987 1078 der
1023 1006 1184 1066 Frantz
1210 992 1358 1052 Authori
1407 982 1531 1042 haller
1557 976 1668 1036 wider

461 1063 556 1123 halbe
578 1046 686 1106 Frauz

732 1119 863 1179 welchen
889 1106 1047 1166 Catrina
1088 1089 1258 1149 Rosina
1325 1073 1510 1133 Rahnt
1536 1065 1614 1125 alß
1642 1064 1735 1124 Ihrn

526 1113 654 1173 Rathoi

745 1201 877 1261 Eeman
934 1194 978 1254 den
1000 1190 1056 1250 2t.
1078 1184 1145 1244 8br.
1156 1176 1300 1236 besthin
1346 1163 1423 1223 von
1456 1150 1636 1210 mehhe
1647 1138 1713 1198 einen

447 1219 559 1279 Sept
576 1199 720 1259 batono

727 1278 1140 1338 Aufbiefferhalter,
1167 1261 1207 1321 den
1233 1257 1300 1317 24.
1326 1248 1461 1308 Aug.
1487 1232 1660 1292 besthin

526 1266 656 1326 Posina

750 1381 793 1441 su
848 1372 949 1432 sure
990 1364 1061 1424 diß
1104 1353 1287 1413 zeitliche
1315 1338 1500 1398 gesegnet
1528 1316 1754 1376 werdinde

731 1470 775 1530 Si
798 1465 900 1525 gleich
911 1458 1035 1518 fahle
1070 1443 1318 1503 angesomen
1385 1418 1577 1478 nunmehro
1600 1400 1668 1460 mit

753 1553 821 1613 de
838 1545 974 1605 Küöge
991 1531 1262 1591 inzuhalte,
1295 1517 1380 1577 und
1415 1503 1533 1563 selbe
1549 1487 1634 1547 auf
1653 1469 1738 1529 su¬

745 1630 886 1690 haben.

665 1797 931 1857 Johanna
972 1799 1212 1859 Stufenfpger
1240 1793 1338 1853 von
1379 1779 1604 1839 Aeoberg,
1617 1758 1730 1818 welche

472 1843 672 1903 StuffenErger

761 1876 861 1936 wider
873 1876 962 1936 Ihren
1014 1876 1088 1936 Vor
1126 1876 1165 1936 20
1190 1874 1304 1934 Jahre
1341 1857 1695 1917 außgetrettenen

517 1913 663 1973 Johanna

795 1960 958 2020 Ehemann
1017 1960 1227 2020 Johanneß
1262 1960 1297 2020 de
1333 1958 1367 2018 K.
1390 1950 1578 2010 scaille
1612 1924 1694 1984 von

471 2006 508 2066 de
526 2006 553 2066 L.
562 2005 681 2065 Craille
699 2002 773 2062 tola¬

790 2046 931 2106 Murten
979 2045 1045 2105 mit
1074 2045 1187 2105 demme
1234 2045 1291 2105 Sie
1319 2044 1376 2104 und
1404 2041 1441 2101 14
1480 2031 1621 2091 Wochen
1650 2011 1734 2071 ge¬

786 2131 895 2191 hebt,
907 2132 991 2192 undt
1015 2132 1052 2192 Er
1088 2132 1149 2192 Ihr
1172 2131 1233 2191 gut
1257 2123 1570 2183 durchgemacht,
1594 2102 1679 2162 von

763 2212 945 2272 Menäde
974 2216 1044 2276 en
1071 2218 1128 2278 ene
1155 2221 1268 2281 brist
1282 2218 1465 2278 begeht,
1479 2208 1549 2268 ist
1577 2188 1703 2248 dahin

784 2299 921 2359 gelisen
977 2306 1206 2366 beforderst
1239 2312 1307 2372 ihre
1331 2312 1444 2372 klag
1490 2300 1569 2360 vor
1603 2282 1672 2342 der

784 2381 941 2441 Andern
957 2393 1173 2453 Ehrbarbeit
1201 2400 1231 2460 zu
1274 2404 1433 2464 Wurten
1489 2384 1721 2444 zuführen

791 2452 869 2512 und
884 2457 945 2517 Eein
993 2472 1225 2532 Attestation
1255 2482 1396 2542 forden,
1411 2480 1504 2540 seine
1535 2461 1782 2521 auffegrshalt

780 2524 849 2584 oder
874 2531 1013 2591 obman
1047 2545 1199 2605 wüße,
1222 2553 1256 2613 wo
1291 2556 1338 2616 Er
1373 2556 1512 2616 seye:

3149 215 3296 275 161.

2085 347 2230 407 Christen
2286 323 2521 383 Bollhalter
2543 320 2610 380 auß
2656 322 2711 382 dem
2768 327 3014 387 Toggenburg
3036 327 3092 387 ist
3125 322 3204 382 vor

1971 353 1986 413 R

2080 438 2172 498 Mein
2184 420 2277 480 dgen
2289 406 2511 466 berkentlich
2534 404 2662 464 worden
2732 406 2790 466 die
2836 411 2941 471 Anna
2989 412 3092 472 Adter
3117 408 3197 468 von

1808 472 1830 532 v
1951 428 2031 488 ee

2069 518 2313 578 Biberstein
2368 492 2611 552 beschloffen
2666 490 2706 550 zu
2734 490 2843 550 haben,
2869 486 3113 546 derowegen
3128 479 3168 539 Er

1800 546 1882 606 slle
1906 519 2024 579 Sune.

2071 612 2201 672 dann
2232 591 2313 651 auch
2346 583 2378 643 zi
2427 574 2733 634 undsgesetzet
2767 572 2897 632 worden

2063 792 2247 852 Maria
2286 760 2469 820 Salomie
2510 741 2772 801 Ertzenholtz
2798 733 2928 793 klagt
2956 730 3007 790 die
3033 725 3178 785 Verhin

2154 879 2218 939 sich
2244 845 2526 905 wängerung
2565 830 2693 890 halber
2705 827 2745 887 an
2847 823 2962 883 Mr
2989 813 3181 873 Allbecht

1819 880 1969 940 srchet
1998 851 2103 911 Mang

2055 905 2069 965 v

2101 958 2289 1018 agner
2335 930 2430 990 Won
2490 915 2677 975 Allfirr
2701 909 2795 969 mit
2830 904 3090 964 verdeüten,
3113 898 3184 958 daß
3231 891 3266 951 Er

1869 933 2011 993 Salbme

2100 1032 2424 1092 außgehendts
2464 1008 2586 1068 Julyi
2599 1002 2654 1062 bey
2694 999 2776 1059 Ihra
2802 996 2842 1056 in
2884 994 2951 1054 dem
2991 990 3113 1050 Kelle
3139 981 3290 1041 gelasen

1822 1010 2091 1070 vegefefen

1872 1086 2077 1146 aabrst.

2081 1143 2139 1203 Er
2170 1119 2497 1179 hingegensagt,
2512 1101 2572 1161 sie
2601 1092 2691 1152 habe
2720 1086 2780 1146 Ihn
2839 1076 2957 1136 dahin
2988 1068 3151 1128 gelobet
3180 1062 3284 1122 undt

2076 1228 2174 1288 Ihne
2218 1208 2444 1268 damahls
2472 1183 2768 1243 ohngebührlich
2810 1161 3023 1221 befaset,
3051 1152 3093 1212 So
3122 1149 3164 1209 Er

2075 1308 2177 1368 Ira
2196 1290 2524 1350 zugelaßen,
2558 1271 2645 1331 Sie
2679 1254 2939 1314 beschloffen
2975 1237 3009 1297 zu
3043 1223 3181 1283 haben

2086 1399 2182 1459 aber
2229 1379 2484 1439 veoneinet
2531 1366 2580 1426 die
2611 1354 2866 1414 Erzenholtz
2897 1336 3120 1396 epliciret,
3154 1316 3217 1376 Er

2087 1483 2191 1543 seye
2237 1466 2506 1526 ohngefehrt
2536 1454 2582 1514 den
2596 1450 2640 1510 3.
2655 1444 2761 1504 July
2820 1433 2895 1493 das
2926 1421 3045 1481 Erste
3060 1406 3195 1466 mahl

2088 1573 2171 1633 undt
2209 1563 2232 1623 8
2256 1558 2305 1618 tag
2353 1546 2497 1606 hrnoch
2534 1538 2605 1598 das
2643 1529 2799 1589 Weyte
2846 1516 2992 1576 mahl,
3015 1504 3099 1564 daß
3136 1493 3183 1553 er

2081 1660 2149 1720 Sie
2166 1644 2462 1704 bschlasen
2479 1629 2601 1689 Cogl.
2635 1619 2756 1679 Solle
2773 1612 2844 1672 sich
2861 1607 2895 1667 in
2931 1600 3016 1660 der
3036 1585 3225 1645 Geißt

2084 1743 2347 1803 Examinien
2377 1723 2553 1783 laßen,
2584 1713 2657 1773 alß
2686 1708 2744 1768 diß
2761 1705 2804 1765 de
2819 1699 2892 1759 mn
2906 1690 3024 1750 gnädigen
3054 1678 3157 1738 Heren
3186 1666 3245 1726 den

2089 1830 2294 1890 abspruch
2342 1810 2577 1870 vroschoben,
2610 1796 2704 1856 und
2735 1787 2845 1847 solle
2877 1779 2924 1839 sie
2954 1773 3018 1833 jet
3033 1760 3319 1820 abbiesten:

2073 2007 2265 2067 Langte
2324 1992 2573 2052 folgender
2604 1975 2765 2035 Gedul
2824 1961 2927 2021 Ein:
2956 1952 3059 2012 Über
3090 1946 3164 2006 das
3178 1942 3221 2002 er
3236 1941 3341 2001 shin¬

2074 2093 2150 2153 gun
2184 2093 2304 2153 undt
2336 2084 2544 2144 Eoklagen
2621 2068 2698 2128 der
2742 2054 2906 2114 Frauto
2939 2040 3104 2100 herläder
3136 2033 3235 2093 Einer

2084 2185 2286 2245 gebohren
2325 2174 2489 2234 Wildt
2528 2159 2615 2219 daß
2667 2138 2920 2198 Firratione
2957 2121 3021 2181 der
3046 2107 3324 2167 alimenta¬

1842 2157 2042 2217 Frladesher

1855 2209 1906 2269 undt
1917 2220 1978 2280 Ihr

2069 2273 2192 2333 tion
2254 2264 2512 2324 währendem
2585 2242 2770 2302 Process
2801 2229 2874 2289 mit
2915 2218 3019 2278 Ihren
3060 2204 3245 2264 Ehrherren

1859 2276 1987 2336 Ehemann

2079 2359 2332 2419 Hülfloos
2368 2344 2585 2404 gelaßen
2609 2328 2790 2388 werde,
2826 2310 3043 2370 wollendt
3079 2291 3261 2351 thogl.

2080 2460 2234 2520 Ihnen
2445 2435 2557 2495 Hrn
2573 2417 2852 2477 überlaßen
2909 2396 3077 2456 haben,
3120 2388 3219 2448 Ihra
