4032 3024
446 376 561 436 168f

706 430 773 490 1.
806 407 938 467 ntorim
989 385 1038 445 die
1073 372 1140 432 gut
1172 356 1372 416 findende
1388 352 1655 412 Subidtens

701 495 989 555 zuvrordnen,
1027 469 1066 529 zu
1106 455 1262 515 lebehren
1287 445 1392 505 Endt
1432 442 1536 502 Euch
1575 446 1679 506 Muht

704 598 772 658 die
788 580 989 640 eingebene
1024 547 1343 607 Supplication
1360 530 1595 590 zugesandt
1611 533 1747 593 widen

679 693 737 753 den
755 682 812 742 18.
832 664 928 724 Jorb.
945 645 1081 705 172.

701 820 785 880 Wo
810 809 870 869 ein
882 799 978 859 gnädigen
990 789 1087 849 Herren
1099 777 1245 837 Eobent,
1269 768 1328 828 Es
1354 763 1437 823 solle
1474 763 1498 823 He
1571 765 1751 825 Herläuter

714 899 800 959 Ihre
836 882 1023 942 Jährlichen
1059 867 1146 927 Ston
1183 857 1282 917 heut
1306 851 1356 911 an
1380 846 1579 906 gerehnet
1603 845 1728 905 per¬

713 983 861 1043 Interim
924 970 997 1030 deß
1036 954 1221 1014 Ptoresser
1259 924 1619 984 Sechtigswalen

478 971 629 1031 161.

698 1067 785 1127 Von
810 1058 873 1118 nun
897 1051 948 1111 an
972 1043 1060 1103 aber
1086 1035 1149 1095 Iha
1185 1027 1348 1087 selbige
1386 1020 1486 1080 auff
1522 1020 1699 1080 Rehnung

714 1147 796 1207 für
814 1139 879 1199 Ein
895 1132 977 1192 Jahr
1010 1126 1044 1186 zu
1076 1117 1456 1177 Entrichtende.

709 1300 865 1360 Bringt
890 1288 941 1348 die
968 1276 1253 1336 Wehrmutter
1278 1267 1316 1327 an
1407 1264 1459 1324 die
1485 1261 1666 1321 Dorothea

738 1379 868 1439 sübschi
889 1371 965 1431 von
998 1364 1117 1424 allhie
1149 1357 1214 1417 seye
1258 1351 1410 1411 gestear
1432 1340 1660 1400 Kindts¬

454 1415 593 1475 HöchHl.
621 1413 733 1473 Drohen

751 1457 964 1517 uiderkommen,
989 1451 1079 1511 andt
1103 1448 1153 1508 fin
1179 1440 1392 1500 tochserl.
1405 1430 1507 1490 auff
1556 1419 1619 1479 die
1632 1411 1720 1471 welt

456 1505 582 1565 Körges
596 1501 709 1561 Jachin

735 1534 918 1594 gebohren,
942 1531 1041 1591 undt
1053 1528 1126 1588 seye
1150 1524 1273 1584 under
1297 1516 1579 1576 gnugsammber
1603 1502 1764 1562 Erami¬

728 1621 883 1681 nnation
918 1621 1002 1681 auff
1025 1618 1084 1678 dem
1121 1614 1203 1674 erst
1228 1606 1442 1666 angebenem
1526 1589 1668 1649 Jachin

711 1712 839 1772 Käges
864 1712 899 1772 in
922 1712 992 1772 den
1040 1708 1228 1768 geburts
1262 1698 1451 1758 schmetzen
1474 1684 1556 1744 alß
1614 1663 1744 1723 Vatter

739 1802 956 1862 deßelben
1001 1802 1172 1862 Aehant
1204 1796 1342 1856 Rögl.
1357 1790 1419 1850 Sie
1434 1783 1527 1843 soll
1559 1770 1652 1830 nach
1667 1757 1729 1817 der

746 1895 1203 1955 Geisverscheinen.

3105 223 3279 283 163.

2178 319 2450 379 Vonstags
2483 305 2532 365 den
2563 304 2627 364 27.
2642 302 2804 362 Novb.
2819 299 2950 359 1732.

2455 433 2685 493 Preses.

2101 594 2233 654 Me
2279 568 2368 628 er
2412 549 2568 609 ren
2593 536 2682 596 von
2725 523 2992 583 Mahlenen

2455 669 2743 729 Asessores.

2108 850 2238 910 Weh
2274 840 2329 900 .
2348 827 2459 887 oet.

2063 1020 2358 1080 Wichtrach.
2388 1001 2472 1061 Auß
2514 988 2626 1048 Ihren
2669 972 2908 1032 schreiben
2951 958 3105 1018 habindt
3134 949 3304 1009 Merhl.

2964 1005 3097 1065 sebs.

2080 1102 2314 1162 erselhen,
2345 1082 2417 1142 wie
2447 1074 2505 1134 daß
2550 1066 2608 1126 die
2653 1056 2815 1116 Barbar
2873 1040 3035 1100 kehren
3080 1027 3168 1087 shor

1839 1236 1934 1296 hen
1961 1187 2298 1247 foaderschege
2345 1153 2517 1213 vorich
2564 1142 2635 1202 des
2662 1132 2952 1192 haungesign
2976 1119 3073 1179 hab
3097 1099 3340 1159 bebgtes

2123 1265 2313 1325 Einannel
2367 1240 2543 1300 lehman
2626 1231 2720 1291 von
2760 1222 2992 1282 Settten,
3019 1209 3046 1269 so
3073 1201 3126 1261 sich
3155 1180 3305 1240 diß¬

1846 1323 1912 1383 Hheb
1951 1298 2043 1358 harber

2105 1352 2230 1412 Zahle
2268 1333 2323 1393 it
2341 1317 2576 1377 schwanger
2612 1305 2830 1365 befindet,
2865 1297 2900 1357 Er
2920 1292 3011 1352 auch
3028 1282 3101 1342 die
3119 1268 3209 1328 Phat

2062 1426 2274 1486 vernet
2336 1404 2412 1464 woar
2437 1399 2499 1459 ein
2511 1394 2612 1454 gnädigen
2625 1390 2725 1450 Herrn
2750 1386 2812 1446 hrn
2849 1374 3162 1434 auffgetragen

2095 1511 2202 1571 haben
2226 1490 2427 1550 wollindt
2476 1476 2570 1536 Ihne
2631 1466 2797 1526 Sehman
2868 1457 2963 1517 nach
2999 1451 3059 1511 der
3094 1438 3284 1498 Ordnung

2065 1603 2109 1663 zu
2155 1586 2230 1646 den
2289 1556 2695 1616 underschidenlichen
2710 1543 2846 1603 mahlen
2890 1536 2980 1596 vor
3010 1530 3085 1590 Sie
3100 1520 3282 1580 zube¬

2073 1678 2255 1738 escheiden
2296 1660 2422 1720 undt
2436 1652 2519 1712 Ihne
2561 1641 2827 1701 befftigst
2855 1631 2910 1691 die
2939 1624 3105 1684 vorheit
3135 1615 3190 1675 zu

2094 1758 2217 1818 sagen
2241 1745 2536 1805 anzumnehmen
2635 1732 2820 1792 gestehet
2844 1726 2893 1786 Er
2918 1721 2979 1781 die
3005 1715 3090 1775 that
3115 1702 3287 1762 werdendt

2077 1852 2154 1912 Sie
2188 1845 2289 1905 Ihne
2333 1839 2423 1899 zur
2456 1828 2724 1888 abbüesung
2758 1814 2903 1874 halten
3004 1791 3160 1851 wonit

2074 1939 2117 1999 so
2132 1937 2189 1997 sey
2248 1932 2376 1992 seint
2393 1926 2493 1986 halb
2521 1919 2637 1979 alleß
2695 1908 2811 1968 Gott
2839 1897 2941 1957 undt
2970 1885 3027 1945 der
3056 1866 3260 1926 Zeith¬

2082 2028 2442 2088 heimbgestellt,
2468 2007 2571 2067 undt
2610 1994 2803 2054 bedendt
2842 1982 2919 2042 Sie
2944 1976 2997 2036 die
3035 1967 3177 2027 Krrbs
3203 1960 3266 2020 alß

2080 2130 2168 2190 auß
2227 2116 2331 2176 ihren
2375 2103 2538 2163 munndt
2567 2090 2760 2150 grachtet
2791 2080 2894 2140 zur
2938 2062 3278 2122 abfürstung

2081 2209 2319 2269 halten:

2040 2321 2263 2381 Saanen
2353 2306 2502 2366 proes.
2517 2286 2754 2346 Magdeben
2800 2260 2964 2320 Hirm,
2978 2248 3008 2308 so
3037 2241 3113 2301 vor
3142 2230 3350 2290 ohngefehe

1844 2376 1897 2436 ven
1910 2390 2071 2450 Magdaren
2086 2399 2126 2459 14
2152 2403 2274 2463 tagen
2313 2400 2461 2460 Kindts
2489 2388 2677 2448 darander
2718 2367 2866 2427 kommen,
2893 2353 2946 2413 ist
2974 2340 3080 2400 ander
3093 2321 3322 2381 gnugsamme

1871 2458 2069 2518 Staffenandt

1854 2532 1974 2592 Plih
1994 2514 2114 2574 ladtin
2153 2490 2435 2550 bamnination
2474 2473 2516 2533 in
2535 2467 2616 2527 der
2636 2455 2837 2515 Freistes
2856 2442 2937 2502 auf
2977 2433 3057 2493 dem
3097 2421 3178 2481 est
3197 2408 3379 2468 bebaßen

2094 2586 2145 2646 H.
2172 2572 2288 2632 Frantz
2314 2560 2430 2620 Ludweig
2456 2549 2508 2609 von
2586 2534 2857 2594 Gtröffenandt
2884 2523 2961 2583 von
3013 2516 3117 2576 Disg
3155 2508 3286 2568 alß¬
