4032 3024
473 354 610 414 169f.

496 1085 620 1145 qugos
648 1067 743 1127 hane

480 1165 759 1225 soloseaben

520 2275 665 2335 herbomin
686 2276 781 2336 Daisen

509 2349 594 2409 Band
615 2344 743 2404 Compe

515 2407 720 2467 Herman.

700 394 817 454 halte
850 375 950 435 deßen
967 350 1166 410 berhalet,
1199 326 1416 386 derobeen
1432 325 1533 385 Hene
1566 334 1617 394 E.
1650 352 1751 412 math¬

721 482 966 542 aufgellagen
982 452 1096 512 worden
1145 430 1293 490 fahlt
1309 420 1358 480 Ehr
1390 416 1456 476 das
1488 422 1717 482 Kindtzmicht

728 582 853 642 gunnen
868 558 1188 618 wolltenselben
1258 530 1371 590 über
1398 523 1440 583 14
1482 520 1539 580 tag
1580 520 1677 580 Oom

702 684 848 744 MeH.
880 664 994 724 abten
1012 639 1255 699 allenfahls
1287 620 1385 680 aber
1401 613 1531 673 seines
1565 614 1761 674 außagen

737 768 933 828 brichter
973 733 1206 793 zulaßen

738 933 961 993 uamens.
978 907 1151 967 Weilen
1202 891 1305 951 laut
1341 883 1444 943 Ihre
1478 874 1684 934 Stondur

748 1026 812 1086 die
828 1011 938 1071 bene
971 993 1097 1053 Gugaz
1128 979 1225 1039 Ihre
1240 962 1494 1022 angehörige
1541 947 1589 1007 in
1605 939 1733 999 Iheren

752 1107 820 1167 sein
856 1088 1017 1148 Sundes
1041 1065 1272 1125 gnugsame
1306 1045 1596 1105 Exemination
1677 1042 1723 1102 o

739 1197 800 1257 des
830 1189 876 1249 20
890 1181 951 1241 diß
981 1163 1193 1223 Antegahren
1222 1141 1344 1201 auff
1358 1132 1419 1192 dem
1524 1120 1751 1180 Geaulorio

748 1275 890 1335 Catelat
937 1260 999 1320 von
1032 1244 1237 1304 Longirand
1252 1224 1474 1284 wohchafft
1505 1210 1536 1270 zu
1567 1201 1694 1261 voll

750 1355 941 1415 verharret,
966 1344 1050 1404 als
1085 1333 1229 1393 werden
1266 1321 1362 1381 Ihnn
1397 1301 1734 1361 aufgetragen

769 1439 1028 1499 hranstlte
1045 1425 1097 1485 szu
1114 1416 1253 1476 laßen,
1287 1405 1375 1465 vieh
1409 1398 1461 1458 der
1495 1386 1720 1446 beklagte

763 1532 816 1592 die
849 1527 936 1587 that
979 1513 1208 1573 vernenet,
1229 1497 1305 1557 daß
1359 1484 1479 1544 beyde
1532 1473 1576 1533 im
1608 1463 1816 1523 purgationi¬

751 1622 817 1682 Eyd
858 1612 953 1672 undt
979 1606 1034 1666 die
1060 1596 1316 1656 wichtigkeit
1343 1579 1558 1639 deßelben
1571 1564 1652 1624 wohl
1691 1546 1772 1606 unde

768 1694 950 1754 grundtlich
981 1685 1217 1745 underichtet
1239 1675 1485 1735 nachworts
1517 1662 1559 1722 so
1582 1646 1743 1706 wohl¬

754 1775 1019 1835 mitnötigen
1090 1774 1210 1834 bericht
1234 1772 1260 1832 so
1283 1770 1355 1830 tohl
1392 1765 1499 1825 Ihrte
1524 1748 1763 1808 Empfangen

739 1871 1103 1931 Eydesfaltention
1142 1869 1218 1929 alß
1269 1862 1432 1922 habende
1494 1841 1735 1901 kiembdens

755 1956 851 2016 auff
865 1957 948 2017 Ean
976 1959 1073 2019 Ihre
1113 1953 1363 2013 ansetzenden
1446 1933 1556 1993 undt
1584 1910 1806 1970 verglechenden

743 2047 810 2107 tag
862 2047 948 2107 vor
965 2048 1136 2108 Mete
1172 2046 1343 2106 gehalten
1360 2036 1462 2096 weden
1479 2011 1686 2071 sollind.

754 2207 1124 2267 Vätterlingen.
1139 2213 1202 2273 Eß
1248 2214 1356 2274 habe
1372 2207 1572 2267 Endtlichen
1587 2189 1650 2249 der

805 2287 922 2347 Daniel
961 2292 1104 2352 Perbori
1144 2296 1208 2356 M
1221 2297 1273 2357 en
1286 2297 1378 2357 gnädgn
1390 2292 1495 2352 Herren
1508 2273 1716 2333 angelobt

789 2366 847 2426 das
878 2368 967 2428 Ihne
996 2374 1085 2434 von
1143 2381 1203 2441 der
1233 2386 1382 2446 Longe
1411 2380 1545 2440 Band
1575 2351 1797 2411 zugefwert

771 2452 897 2512 Kindt
913 2454 991 2514 alß
1024 2458 1102 2518 das
1118 2465 1245 2525 seinige
1278 2470 1498 2530 arzunemmen,
1514 2458 1594 2518 alß
1656 2437 1689 2497 s

769 2524 855 2584 Ihm
879 2532 1010 2592 salbe
1031 2541 1096 2601 uch
1120 2548 1205 2608 as
1230 2555 1425 2615 ohehlich
1471 2549 1492 2609 u
1513 2536 1645 2596 bebet
1666 2498 1797 2558 beden

3102 230 3278 290 1658.

2077 304 2149 364 Ihre
2173 289 2305 349 annoch
2317 282 2402 342 gegen
2438 280 2485 340 die
2511 280 2618 340 Band
2642 280 2679 340 so
2691 281 2774 341 wohl
2799 284 2895 344 umb
2918 286 2956 346 die
2980 287 3124 347 Srcedus
3148 282 3231 342 also

2062 393 2260 453 allhesige
2314 374 2447 434 Kösten
2473 370 2567 430 auff
2593 368 2845 428 Moderation
2885 370 2939 430 hin
2965 372 3270 432 verfellenden,

2084 473 2170 533 Vndt
2184 462 2271 522 veily
2308 456 2359 516 der
2384 451 2571 511 Hetrman
2584 449 2635 509 sey
2660 449 2760 509 Assio
2785 451 2873 511 vete
2898 453 3036 513 Ihweiso
3061 455 3149 515 wohl
3174 457 3248 517 eine

2072 555 2191 615 Wüsche
2217 546 2283 606 den
2309 540 2481 600 Pferthey
2535 539 2746 599 getroffen,
2759 539 2970 599 Convendat
2997 536 3062 596 alß
3103 528 3234 588 sonsten

2085 649 2118 709 in
2141 628 2368 688 ohnnötige
2401 618 2571 678 Kösten
2628 619 2810 679 geführt
2844 619 2922 679 alß
2968 612 3139 672 habende

2060 737 2261 797 WeH.
2288 714 2369 774 ohne
2408 705 2489 765 daß
2542 700 2597 760 des
2650 700 2851 760 Terborin
2892 700 3000 760 Ihner
3013 700 3079 760 für
3094 695 3281 755 allhiesige

2068 826 2301 886 Risthbosen
2331 799 2471 859 etwas
2501 787 2749 847 zubezahlen
2782 784 2891 844 haben
2906 784 3030 844 solte,
3045 784 3200 844 Ihnen

2067 920 2276 980 Hetnar
2355 893 2472 953 mit
2498 885 2617 945 Einer
2643 881 2892 941 könfftigen
2918 874 3272 934 Remonshanz,

2086 998 2170 1058 undt
2194 981 2462 1041 Commination
2548 964 2877 1024 angeneßenrr
2890 964 3023 1024 straff
3060 970 3291 1030 künfftighi

2079 1086 2133 1146 sich
2160 1077 2267 1137 solches
2295 1067 2402 1127 sachen
2429 1054 2754 1114 zumüeßigen
2793 1042 3036 1102 eblaßen.
3064 1038 3077 1098 E

2052 1276 2195 1336 kkönt
2223 1261 2237 1321 i
2309 1249 2365 1309 ne
2394 1238 2480 1298 Hen
2494 1226 2651 1286 habendt,
2678 1215 2750 1275 wor
2778 1206 2919 1266 undern
2949 1200 2991 1260 13
3020 1197 3076 1257 diß
3134 1194 3205 1254 den

2082 1368 2183 1428 Hanß
2216 1337 2520 1397 Schwandman
2553 1306 2890 1366 StauRietbug
2923 1293 2975 1353 die
3008 1287 3127 1347 Anna
3160 1278 3277 1338 Soll

2111 1448 2275 1508 sambt
2302 1422 2521 1482 deroselben
2548 1402 2657 1462 kindt
2685 1389 2794 1449 durch
2807 1376 3053 1436 Richterliche
3093 1365 3244 1425 Urthel

1843 1417 2047 1477 hedigho

2108 1539 2158 1599 bß
2194 1527 2329 1587 Eerlich
2362 1515 2398 1575 zu
2431 1498 2671 1558 bekannet,
2687 1478 2806 1538 weil,
2823 1467 2925 1527 aber
2944 1456 3096 1516 sihnach
3131 1451 3181 1511 der

1833 1503 1898 1563 Stell
1913 1485 2059 1545 Anna.

1846 1575 1936 1635 Irim
1959 1557 2072 1617 Mara

2106 1625 2232 1685 handt
2273 1604 2565 1664 btrgethen
2629 1582 2710 1642 daß
2774 1567 2920 1627 Mara
2961 1544 3192 1604 Arim¬

2077 1721 2184 1781 von
2213 1709 2320 1769 Wor
2364 1692 2547 1752 Rekeff
2592 1675 2698 1735 ihne
2743 1648 3122 1708 Schwendimann
3198 1618 3228 1678 so

2073 1808 2146 1868 boh
2203 1802 2261 1862 der
2290 1795 2363 1855 Ehe
2391 1789 2464 1849 alß
2507 1767 2855 1827 Schwängerung
2883 1744 2999 1804 halb
3043 1723 3260 1783 beklaget

2095 1895 2197 1955 undt
2230 1888 2277 1948 die
2299 1880 2425 1940 Stoll
2470 1867 2720 1927 zumahlen
2800 1853 2879 1913 die
2903 1840 3152 1900 Copulation

2084 1973 2310 2033 fombblich
2337 1962 2399 2022 nit
2424 1947 2766 2007 vorgegangen,
2791 1929 2891 1989 auff
2930 1920 3044 1980 Einen
3056 1912 3156 1972 ledig
3183 1904 3282 1964 zeuch

2104 2066 2214 2126 auff
2245 2062 2355 2122 Ihne
2402 2053 2481 2113 den
2527 2031 2870 2091 Schwendmaw
2919 2005 3075 2065 trüget
3137 1997 3231 2057 alß

2082 2153 2177 2213 habe
2212 2148 2260 2208 ine
2271 2143 2366 2203 gnädige
2389 2136 2472 2196 Heen
2484 2117 2851 2177 nacherdauterung
2887 2094 2957 2154 des
2994 2076 3312 2136 gestalsamme

2091 2242 2238 2302 dersach
2264 2233 2339 2293 Sie
2363 2225 2462 2285 von
2524 2211 2746 2271 Einander
2771 2199 2871 2259 ledig
2907 2188 3069 2248 fohret,
3093 2177 3204 2237 undt
3242 2168 3303 2228 die

2072 2336 2189 2396 Soll
2228 2329 2267 2389 in
2292 2320 2448 2380 vorige
2501 2305 2708 2365 Freyhit
2721 2290 2917 2350 gesetzet
2943 2274 3060 2334 undt
3086 2253 3282 2313 dar¬

2066 2432 2215 2492 Kindt
2229 2426 2288 2486 Ihm
2347 2419 2422 2479 alß
2466 2411 2644 2471 Ehrlich
2690 2390 3046 2450 zugesprochen,
3076 2366 3105 2426 so
3134 2356 3224 2416 daß

2069 2532 2158 2592 das
2198 2522 2326 2582 Kindt
2364 2507 2555 2567 zugleichen
2568 2496 2683 2556 theuiln
2709 2483 2914 2543 erhalten
2940 2470 3068 2530 werden
3093 2458 3297 2518 soll:
