4032 3024
709 398 925 458 Reste
955 361 1118 421 sendt
1144 330 1390 390 butenen
1417 321 1746 381 veracheren

471 368 576 428 1665

741 471 866 531 Vchmit
880 458 964 518 Mst
993 438 1146 498 Ehlbecht
1189 410 1343 470 Wagner
1357 399 1384 459 in
1411 394 1593 454 Ehebrich
1609 410 1777 470 vrteben

457 509 596 569 hursten
624 472 750 532 Kanule.

746 554 808 614 seda
820 547 882 607 seine
894 532 1079 592 Ehrsrauff
1105 507 1216 567 Mara
1242 488 1390 548 Salone
1439 483 1726 543 Fottenholz¬

450 574 558 634 Magen
571 548 704 608 blechte

742 639 793 699 ver
845 626 967 686 ethe
987 601 1212 661 shlübiger
1229 574 1405 634 liteser
1440 563 1545 623 Leib
1562 568 1719 628 Annan

451 637 587 697 ferfeheth
610 614 678 674 Alber

460 706 604 766 schlubiger
626 685 749 745 Melhe.

482 776 542 836 Aet
562 759 664 819 teine
726 734 826 794 ete
868 719 888 779 e
948 704 1010 764 nit
1050 686 1192 746 edeß
1212 672 1314 732 huff
1334 662 1436 722 hand
1475 659 1558 719 auch
1577 661 1781 721 vertadten

815 780 1249 840 shindigengetheilt.
1411 750 1466 810 ad
1501 748 1701 808 forman

477 844 620 904 sefhein
639 829 801 889 beiftie

749 957 943 1017 Oerheil
992 930 1057 990 Ihr
1073 914 1219 974 Schrben
1266 896 1363 956 habe
1379 889 1559 949 Maht.
1590 890 1655 950 die

739 1043 926 1103 zegeugt
942 1018 1061 1078 guunt
1096 1000 1179 1060 ite,
1198 991 1248 1051 daß
1300 978 1435 1038 Andesß
1468 968 1605 1028 helleß
1638 964 1759 1024 vor¬

460 1095 679 1155 Shliebdeß

490 1187 540 1247 de
592 1160 695 1220 en
747 1129 899 1189 halte
952 1107 1004 1167 he
1029 1096 1131 1156 mit
1156 1084 1233 1144 un
1286 1069 1413 1129 legen
1438 1056 1568 1116 be
1592 1043 1723 1103 iher

752 1203 948 1263 gescheiten
964 1185 996 1245 eo
1012 1167 1323 1227 frtingedenn
1357 1148 1422 1208 mit
1454 1144 1471 1204 M
1537 1135 1636 1195 e
1685 1122 1784 1182 eben

775 1283 936 1343 wogen,
962 1261 1124 1321 habendt
1137 1241 1311 1301 dieselben
1324 1231 1352 1291 so
1379 1221 1512 1281 nichts
1527 1212 1660 1272 bündig

752 1370 896 1430 afte
969 1354 1019 1414 oe
1066 1335 1263 1395 enricht
1286 1319 1359 1379 de
1383 1309 1480 1369 bidt
1530 1288 1797 1348 gebelten

762 1462 824 1522 sich
840 1454 873 1514 au
904 1446 953 1506 un
968 1440 1000 1500 er
1031 1433 1079 1493 den
1095 1424 1206 1484 Jahrgn
1222 1409 1397 1469 befindet
1412 1397 1523 1457 haten
1555 1386 1634 1446 Me

766 1536 877 1596 kenig
901 1522 1113 1582 reflectitne
1147 1509 1271 1569 wurden
1282 1499 1439 1559 darauff
1472 1486 1618 1546 gemacht
1640 1476 1731 1536 haben

758 1622 893 1682 dennah
905 1616 990 1676 aber
1027 1608 1174 1668 damit
1199 1598 1297 1658 dieses
1321 1584 1580 1644 matrimoniae
1604 1568 1775 1628 geschäfft

758 1706 861 1766 seine
873 1700 1106 1760 Endtschafft
1120 1693 1210 1753 mehr
1235 1688 1339 1748 lole
1377 1680 1429 1740 ine
1442 1671 1544 1731 gnädiger
1559 1657 1661 1717 Heren
1687 1640 1766 1700 hnen

778 1786 1008 1846 aufgetragn
1036 1784 1180 1844 haben,
1209 1779 1267 1839 die
1281 1770 1425 1830 mutte
1453 1756 1511 1816 deß
1567 1732 1726 1792 Helber

772 1879 891 1939 dahin
930 1876 956 1936 zu
997 1870 1209 1930 disponien,
1222 1863 1288 1923 daß
1342 1855 1394 1915 Sie
1407 1851 1448 1911 in
1474 1841 1580 1901 diese
1606 1826 1686 1886 Ehe

776 1968 925 2028 willige
950 1964 1075 2024 gehet,
1099 1961 1148 2021 Es
1173 1959 1212 2019 an
1236 1954 1322 2014 mit
1347 1947 1410 2007 heil
1459 1937 1522 1997 ko
1547 1926 1621 1986 mit
1645 1905 1770 1965 wedte

770 2059 839 2119 Sie
852 2054 1056 2114 Siesambt
1084 2051 1138 2111 der
1151 2045 1397 2105 Phevorlobten
1412 2021 1616 2081 Lidorumb
1658 1989 1725 2049 vor

754 2137 941 2197 Megige
969 2131 1114 2191 halten,
1142 2128 1215 2188 da
1243 2124 1446 2184 ndeßen
1474 2112 1575 2172 Ihin
1603 2097 1662 2157 biß

785 2219 1024 2279 aufterge
1060 2221 1171 2281 hande
1207 2221 1336 2281 salles
1354 2210 1576 2270 amathang
1612 2171 1777 2231 berben

782 2295 928 2355 werden

1807 549 1833 609 1
1957 486 2084 546 6.

1812 639 1875 699 per
1919 587 2047 647 teren

1843 1584 2042 1644 behrebendicht

1851 2360 1955 2420 Otll

3134 225 3282 285 1675.

2046 328 2309 388 Kignaus
2348 302 2536 362 Andern
2592 301 2650 361 21
2669 304 2725 364 fb.
2743 305 2820 365 1729
2857 308 2953 368 habe
2971 309 3009 369 de
3046 307 3178 367 Mehe

2095 435 2144 495 ven
2180 413 2318 473 Dällid
2343 398 2479 458 Wälti
2503 395 2578 455 von
2629 395 2753 455 Bishen
2840 398 2901 458 die
2926 398 3064 458 Sterna
3100 391 3224 451 Schäup

2092 514 2157 574 alß
2212 499 2333 559 Ehrlich
2366 490 2399 550 zu
2431 484 2619 544 bekennet.
2651 481 2750 541 Wie
2772 481 2838 541 nun
2881 481 3112 541 demselben

2087 606 2275 666 keifolg
2290 578 2464 638 gebiset
2478 564 2638 624 werden,
2652 557 2768 617 undt
2796 556 2855 616 die
2883 556 3057 616 gemeindt
3071 559 3189 619 behlen

2087 707 2165 767 sich
2181 691 2245 751 der
2277 666 2513 726 bezheichung
2529 649 2656 709 dieses
2672 641 2926 701 lidersthet,
2941 637 3020 697 alß
3084 634 3194 694 werde

2098 803 2127 863 ho
2155 788 2214 848 der
2243 772 2302 832 H.
2331 759 2461 819 præes.
2476 744 2724 804 freundtlich
2738 736 2898 796 ersucht
2942 728 3059 788 Ihme
3087 714 3246 774 Wölten

2081 886 2170 946 nach
2195 860 2412 920 deroselben
2450 841 2667 901 Erkentnuß
2718 835 2768 895 die
2795 832 2960 892 Ambth
2998 822 3150 882 handt

2085 969 2274 1029 zubeten
2303 948 2389 1008 undt
2420 935 2564 995 fahls
2609 928 2666 988 die
2695 922 2913 982 Gemeindt
2943 916 3058 976 nichts
3073 909 3247 969 gehörren

2081 1067 2202 1127 wurde
2248 1044 2382 1104 selbe
2448 1027 2549 1087 durch
2582 1017 2681 1077 Einn
2705 1005 3083 1065 außgeschoßene
3127 997 3272 1057 sambt

2066 1166 2141 1226 den
2160 1150 2370 1210 Pfaorthey
2425 1124 2654 1184 harhalten
2692 1108 2940 1168 zulaße.

2043 1313 2317 1373 Lansanne
2354 1295 2405 1355 an
2441 1288 2516 1348 das
2555 1283 2691 1343 Zussche
2716 1279 2778 1339 Cons
2803 1276 2866 1336 Meine
2878 1271 2977 1331 gnädigen
2990 1264 3077 1324 Herrn
3103 1249 3239 1309 attendt

2081 1409 2266 1469 gehofet
2292 1393 2346 1453 Eie
2372 1384 2531 1444 wurdend
2557 1376 2702 1436 Unsers
2729 1366 2968 1426 Erkentnuß
3020 1348 3152 1408 Wann

2090 1503 2295 1563 Dctob.
2311 1489 2454 1549 besthen
2469 1480 2564 1540 lagn
2595 1472 2643 1532 deß
2705 1463 2784 1523 bef
2831 1451 3053 1511 Lausarne
3084 1427 3322 1487 vrmordetn

2080 1590 2456 1650 Benichtbühlers
2478 1571 2558 1631 von
2615 1555 2899 1615 Ansaltingen
2957 1532 3264 1592 hinderlaßenen

2066 1682 2419 1742 Schndedtsproche
2447 1661 2588 1721 habe,
2618 1650 2759 1710 Wann
2773 1643 2843 1703 nun
2857 1639 2928 1699 biß
2970 1634 3070 1694 dato
3098 1630 3239 1690 annoch

2079 1785 2143 1845 bei
2181 1769 2372 1829 entwort
2411 1758 2461 1818 diß
2525 1750 2615 1810 eth
2640 1743 2843 1803 denkonmen,
2882 1738 2957 1798 der
2984 1735 3123 1795 Knab
3150 1731 3252 1791 dann

2087 1869 2157 1929 sich
2171 1865 2215 1925 in
2229 1858 2358 1918 allhie
2372 1852 2456 1912 sign
2485 1843 2657 1903 Sfitaht
2685 1836 2742 1896 ist,
2756 1832 2870 1892 also
2885 1828 2971 1888 vnrd
2999 1824 3085 1884 fuch
3099 1821 3343 1881 aufgetragen

2113 1954 2327 2014 funderlich
2357 1947 2413 2007 den
2485 1936 2771 1996 vollständige
2801 1926 2887 1986 deris
2915 1920 2987 1980 en
3015 1911 3129 1971 nädign
3143 1901 3229 1961 Herr

2086 2049 2376 2109 Einzusenden:

2080 2221 2272 2281 Edul
2310 2209 2350 2269 an
2388 2193 2638 2253 MnHr
2657 2178 2695 2238 De
2752 2170 2848 2230 ahl
2886 2159 3099 2219 vohalter
3137 2155 3350 2215 Weger¬

2092 2319 2175 2379 Ihne
2188 2314 2356 2374 ersuchen
2384 2303 2439 2363 biß
2481 2294 2536 2354 des
2579 2281 2718 2341 bricht
2773 2265 2857 2325 von
2884 2254 3135 2314 Laumnne
3190 2256 3260 2316 ein

2105 2404 2273 2464 langn
2291 2398 2460 2458 kendt,
2496 2389 2571 2449 den
2610 2379 2758 2439 bese
2797 2368 2872 2428 dim
2908 2353 3152 2413 Sfitahl

2116 2494 2159 2554 zu
2187 2483 2454 2543 behalten.
