4032 3024
374 315 471 375 168
487 303 537 363 .

652 384 964 444 Langnauw:
995 360 1041 420 Es
1072 355 1150 415 soll
1197 350 1260 410 der
1275 350 1383 410 Rude
1399 355 1508 415 Lane
1554 372 1728 432 deß¬

683 481 959 541 verstebenen
991 456 1186 516 Mürster
1218 442 1477 502 Condersohn,
1493 447 1737 507 sambtfüne

670 582 778 642 tinin
801 574 861 634 sich
885 563 1004 623 hinder
1040 552 1135 612 Ihrer
1184 538 1387 598 befinden
1518 529 1602 589 alß
1637 529 1756 589 bedendte

655 679 806 739 kich
838 673 898 733 in
915 665 1022 725 gndigen
1037 653 1144 713 Herr
1174 638 1313 698 richten
1390 624 1435 684 zu
1450 618 1604 678 laßen,
1634 619 1711 679 was

381 700 595 760 handerRuch

675 792 761 852 din
788 768 1104 828 desehste
1131 741 1248 801 damn
1276 725 1560 785 tlbesicht
1591 729 1705 789 der

655 888 813 948 gelbcht
859 854 1217 914 aegebehrtende
1263 829 1398 889 kane

690 1043 877 1103 Könitz
924 1033 1001 1093 Ine
1033 1022 1190 1082 werden
1235 1007 1579 1067 aufgetragen,
1611 1003 1690 1063 den

393 1185 661 1245 Sandinghen
699 1154 824 1214 Hanß
879 1117 1202 1177 Schwendinen
1220 1094 1310 1154 von
1345 1084 1561 1144 Mietburg
1598 1084 1724 1144 legen

728 1234 781 1294 der
808 1215 943 1275 Maria
984 1197 1132 1257 Grinme
1159 1189 1267 1249 auff
1293 1184 1563 1244 künfftigen
1589 1180 1724 1240 Montag

405 1278 505 1338 Frimm
526 1268 645 1328 Maria

704 1297 1046 1357 herzuhalten.

683 1446 746 1506 Aß
795 1438 845 1498 die
882 1428 1008 1488 Bamm
1044 1419 1083 1479 so
1107 1414 1156 1474 bey
1194 1407 1294 1467 Msr
1319 1397 1469 1457 Herrl.
1493 1390 1556 1450 dem
1580 1382 1743 1442 Müller

697 1522 744 1582 in
777 1507 1144 1567 Solgebechlechet
1159 1491 1255 1551 soll
1286 1480 1526 1540 Cetirtondh
1542 1472 1622 1532 auf
1637 1469 1782 1529 obge¬

424 1532 539 1592 obtl

705 1600 881 1660 zatl.

697 1735 804 1795 Über
817 1731 884 1791 ein
910 1722 1178 1782 eingelangtes
1205 1707 1379 1767 schreben
1446 1688 1540 1748 Von
1594 1662 1741 1722 Eraute

705 1816 862 1876 Cappeler
912 1809 1179 1869 betreffendt
1227 1795 1350 1855 Anna
1410 1776 1593 1836 hengel,
1617 1749 1727 1809 welche

395 1837 566 1897 Hengel.
578 1831 671 1891 Anna

722 1895 844 1955 Sammb
888 1887 998 1947 herrn
1009 1882 1065 1942 der
1087 1879 1165 1939 Ehr
1187 1875 1275 1935 undt
1297 1861 1585 1921 schwängrng
1618 1830 1707 1890 halb

404 1916 524 1976 Herren
554 1900 674 1960 Sauml

707 1979 878 2039 beklagt
904 1968 996 2028 soll
1023 1964 1195 2024 erbartet
1221 1960 1366 2020 werden,
1380 1955 1445 2015 biß
1499 1929 1736 1989 Pfartheyen

721 2053 921 2113 erscheinen
945 2038 1123 2098 werden:

736 2180 966 2240 Elisabeth
992 2180 1171 2240 Wänger
1198 2176 1288 2236 von
1313 2165 1545 2225 Röthenbach
1583 2134 1750 2194 beklagt

418 2229 569 2289 Wänger
580 2225 720 2285 Elisobets

751 2276 807 2336 Ito
841 2268 897 2328 Ehr
931 2265 1011 2325 undt
1022 2263 1329 2323 schwängerung
1374 2255 1465 2315 halb
1498 2247 1555 2307 an
1600 2220 1782 2280 Johanns

395 2312 515 2372 Wyß
561 2302 726 2362 Ghannes

736 2359 830 2419 Wyß
898 2357 992 2417 von
1031 2357 1274 2417 Stralsundt
1302 2353 1383 2413 auß
1423 2336 1626 2396 Schweder
1666 2305 1733 2365 des

742 2440 953 2500 ablesenden
968 2440 1058 2500 undt
1073 2441 1195 2501 Ihan
1225 2440 1315 2500 Vor
1345 2437 1406 2497 schr
1482 2417 1678 2477 Grügbuch
1693 2377 1830 2437 salen

751 2523 928 2583 Gottie
957 2522 1016 2582 die
1030 2524 1133 2584 Ehen
1164 2527 1443 2587 versprochen,
1472 2515 1574 2575 undt
1605 2497 1693 2557 Ihra

3127 218 3207 278 169
3234 223 3302 283 .

2087 332 2149 392 fur
2174 310 2353 370 Cassette
2390 298 2467 358 von
2492 293 2632 353 beyden
2657 294 2796 354 nahmen
2846 298 2998 358 Verthet
3025 299 3075 359 sie
3100 298 3239 358 befeinde

2077 414 2152 474 Ich
2167 390 2395 450 ohngefehr
2410 379 2502 439 Aicht
2534 377 2594 437 say
2609 377 2686 437 nach
2701 378 2823 438 Jacobi
2868 380 3097 440 Sochganger
3129 374 3236 434 Cogl.

2071 501 2172 561 selle
2216 476 2396 536 anteigen
2452 463 2498 523 Er
2520 459 2586 519 Sie
2621 457 2744 517 Kinde
2755 455 2890 515 betten
2923 452 3070 512 wolle;
3092 445 3238 505 willbey

2088 561 2138 621 der
2168 543 2349 603 Küeffer
2390 528 2509 588 hander
2550 517 2671 577 Kindt
2681 513 2800 573 betten,
2822 510 2861 570 und
2871 509 2921 569 soll
2941 508 2982 568 sich
3002 506 3133 566 Manien
3143 502 3232 562 laßen

2091 643 2198 703 Hauß
2264 616 2387 676 Spak
2426 599 2575 659 heüget
2602 590 2709 650 wegen
2750 585 2816 645 dem
2871 577 3112 637 Falllischern
3140 570 3222 630 Er¬

2102 736 2200 796 habe
2216 715 2282 775 den
2330 686 2576 746 Sallthpfer,
2594 674 2626 734 in
2658 669 2723 729 deß
2773 660 2985 720 Sechlrichtes
3001 650 3083 710 hauß
3133 636 3247 696 neben

1821 738 1872 798 se
1948 693 2023 753 be

2127 808 2189 868 dem
2219 788 2359 848 offenn
2390 771 2545 831 stehendt
2575 759 2777 819 gesechen,
2792 752 2855 812 die
2885 747 3085 807 Stadthey
3118 739 3210 799 seyen

1818 805 1974 865 aese
1997 773 2064 833 e

2143 886 2297 946 dschroben
2323 866 2528 926 getesen,
2554 855 2644 915 undt
2657 850 2748 910 habe
2773 847 2837 907 auß
2890 840 2979 900 Ihrem
3004 833 3159 893 gesicht

1824 881 2086 941 gesete

2093 989 2181 1049 wohl
2226 957 2433 1017 abnemmen
2448 938 2626 998 können,
2655 929 2745 989 daß
2803 922 2937 982 Erwas
2952 910 3248 970 ohngebährliches

1829 993 1893 1053 de
1954 938 2111 998 hen

2096 1049 2401 1109 vorgegangen,
2426 1026 2503 1086 der
2540 1016 2743 1076 beklagte
2795 1004 3023 1064 Vermeinet
3048 994 3112 1054 die
3125 989 3214 1049 that

2100 1144 2300 1204 hingegend
2333 1120 2400 1180 die
2416 1109 2583 1169 beünig
2616 1096 2800 1156 behagrt
2832 1090 2899 1150 auf
2948 1084 3032 1144 ihre
3048 1071 3248 1131 anfkegdt

2104 1250 2212 1310 ogl.
2249 1218 2374 1278 weiben
2412 1201 2467 1261 der
2502 1191 2647 1251 Soltz
2682 1184 2755 1244 frg
2792 1180 2847 1240 des
2865 1175 2973 1235 lug
2990 1163 3156 1223 befogen

2099 1324 2242 1384 worden,
2268 1310 2291 1370 so
2315 1301 2399 1361 soll
2422 1292 2471 1352 Er
2507 1285 2555 1345 biß
2602 1278 2640 1338 am
2699 1265 3036 1325 Montagaben,
3059 1254 3299 1314 darzumahlen

2094 1420 2174 1480 für
2226 1405 2306 1465 dar
2334 1393 2427 1453 3ten
2454 1381 2560 1441 mahl
2586 1366 2800 1426 erscheing,
2827 1355 2894 1415 die
2920 1348 3067 1408 brünig
3093 1342 3186 1402 aber
3213 1339 3267 1399 alß

2098 1502 2189 1562 auß
2243 1491 2348 1551 Ihrem
2389 1477 2548 1537 mundt
2561 1462 2746 1522 grachtet
2798 1449 2892 1509 zur
2918 1436 3196 1496 abküßung

2100 1593 2288 1653 gehalten
2303 1564 2491 1624 werden.

2107 1767 2199 1827 Die
2228 1751 2456 1811 Einkanen
2503 1731 2730 1791 schäfften
2790 1716 2881 1776 Von
2911 1706 2987 1766 H.
3002 1685 3260 1745 Landtvogt

2111 1860 2154 1920 zu
2213 1850 2417 1910 Sfrochen
2459 1836 2561 1896 wegn
2590 1827 2649 1887 der
2692 1806 3011 1866 Difficultet
3056 1775 3259 1835 züschen

2105 1940 2175 2000 G.
2197 1935 2289 1995 Von
2339 1922 2595 1982 Ligneolles
2626 1907 2728 1967 undt
2758 1898 2840 1958 dem
2892 1882 3126 1942 Consistorio
3158 1868 3260 1928 alla

2100 2025 2173 2085 solle
2187 2021 2236 2081 in
2248 2016 2348 2076 gnädigen
2360 2009 2460 2069 Herren
2472 2000 2598 2060 sambt
2622 1992 2685 2052 des
2722 1981 2858 2041 alten
2884 1967 3083 2027 Procedus
3096 1953 3332 2013 Comunicirte

1858 1995 2045 2055 Ligneralle

2093 2110 2237 2170 heeden,
2262 2100 2327 2160 und
2353 2092 2444 2152 das
2470 2083 2600 2143 gantze
2626 2072 2810 2132 Paquet
2836 2063 2914 2123 hat
2953 2052 3135 2112 Mattl.
3148 2038 3304 2098 haubt¬

2099 2188 2300 2248 Morlot.

2103 2327 2303 2387 Eescheint
2327 2312 2575 2372 widermahl
2622 2296 2717 2356 Ebl.
2728 2286 2907 2346 herläder
2930 2274 3012 2334 undt
3048 2263 3248 2323 Verlangt

1874 2367 1977 2427 rläder
2007 2379 2110 2439 Fraut

2129 2422 2348 2482 auffschub
2378 2411 2411 2471 su
2458 2396 2771 2456 beurheikung
2802 2379 2881 2439 Ihrs
2912 2364 3115 2424 geschäfft
3148 2344 3241 2404 mit

1922 2440 1953 2500 R.
1973 2443 2073 2503 Jacob

2085 2517 2209 2577 Ihrem
2277 2499 2484 2559 Eheherrn
2511 2487 2691 2547 bißnach
2718 2478 2788 2538 dem
2871 2464 2995 2524 Neut
3036 2450 3146 2510 Jahr
