4032 3024
480 358 570 418 109

460 829 605 889 dsorch
620 801 750 861 Wibl.

449 924 579 984 Heherl
628 888 707 948 farh

487 1561 585 1621 Sige
648 1558 746 1618 heiden

701 399 873 459 Sandt
892 382 989 442 saht
1027 371 1064 431 de
1102 363 1161 423 Hr.
1199 355 1352 415 elbait
1371 353 1428 413 so
1449 356 1581 416 keukt
1621 369 1696 429 it

727 487 896 547 gestandt
929 471 981 531 ber
1032 458 1134 518 auff
1150 446 1371 506 künfftig
1406 447 1592 507 Montag
1625 458 1676 518 zu

729 564 991 624 geschiren.

736 728 889 788 Erhet
910 710 1007 770 poao
1026 699 1103 759 der
1122 683 1315 743 Wibel,
1334 666 1527 726 diekerich
1564 659 1623 719 vr
1661 659 1779 719 Mas¬

777 829 863 889 seyn
891 802 1065 862 habende
1094 781 1266 841 ausfroch
1296 769 1382 829 finn
1411 763 1627 823 warnnmgst
1641 758 1713 818 hude

739 931 827 991 sur
845 916 918 976 H.
953 896 1149 956 Prdicnt
1166 880 1292 940 Rether
1329 871 1400 931 Son
1470 859 1721 919 Echrenbaln

745 1010 950 1070 verlanget,
975 993 1077 1053 weiln
1102 983 1192 1043 aber
1218 974 1295 1034 Ihme
1333 965 1462 1025 dieser
1512 950 1717 1010 ausprach

736 1103 810 1163 von
822 1097 910 1157 Herre
935 1082 1147 1142 Predicanten
1171 1062 1434 1122 Contestirt
1459 1051 1584 1111 wirde,
1608 1046 1671 1106 alß
1708 1046 1770 1106 ist

749 1196 896 1256 derselbe
927 1177 1045 1237 seines
1074 1160 1266 1220 begehrend
1297 1150 1372 1210 ab,
1386 1142 1475 1202 Amt
1519 1133 1608 1193 Vor
1637 1121 1697 1181 den

740 1277 1054 1337 Conputrlichen
1071 1256 1245 1316 Richter
1281 1245 1438 1305 gewesen
1455 1232 1645 1292 worder.

737 1483 863 1543 Auff
878 1476 1021 1536 gethane
1052 1472 1321 1532 Eoinerung,
1336 1470 1446 1530 wielen
1464 1466 1541 1526 H.
1559 1459 1684 1519 Steiger

770 1576 845 1636 von
871 1564 1178 1624 Löstermündigen
1229 1557 1318 1617 sein
1369 1543 1650 1603 Reconweit

759 1657 1031 1717 abgeteben,
1055 1654 1142 1714 undt
1167 1651 1216 1711 Er
1240 1648 1278 1708 zu
1327 1628 1699 1688 sthrautenfelden

768 1746 824 1806 Iich
840 1750 1023 1810 befindet,
1039 1747 1081 1807 ob
1123 1739 1308 1799 derselbe
1337 1726 1437 1786 nicht
1465 1715 1550 1775 mit
1578 1699 1791 1759 zuschilbung

768 1834 858 1894 Eürr
886 1831 990 1891 Copcu
1028 1831 1080 1891 der
1107 1830 1250 1890 Urthal
1301 1826 1380 1886 bey
1406 1818 1510 1878 Mng
1523 1804 1627 1864 een
1640 1781 1757 1841 dahen

770 1931 817 1991 zu
852 1920 1020 1980 verlenden
1055 1916 1211 1976 wäre,
1234 1915 1305 1975 daß
1342 1909 1544 1969 deselben
1580 1880 1746 1940 Vonshen

779 2008 849 2068 aun
866 2008 1006 2068 solte
1040 2009 1093 2069 zur
1129 2009 1269 2069 gebühr
1286 2006 1496 2066 gehaltn
1513 1995 1670 2055 worden

796 2093 879 2153 ogl.
891 2089 987 2149 Satte
1045 2092 1093 2152 .

3125 223 3203 283 171

2236 313 2536 373 Montags
2568 307 2630 367 d.
2647 305 2710 365 1.
2725 303 2851 363 Xbr.
2867 292 3026 352 1732.

2445 427 2686 487 Praeses.

2155 557 2269 617 Mn
2301 542 2433 602 Her
2465 531 2629 591 enern
2663 525 2745 585 von
2777 524 3023 584 Mühlern

2471 648 2778 708 Assessorid

2135 820 2240 880 Me
2257 809 2380 869 He
2433 801 2485 861 er
2556 794 2712 854 Excep.
2747 791 2817 851 ono
2835 788 2976 848 prof.
2993 787 3150 847 Müller

2076 1006 2200 1066 Über
2228 998 2296 1058 Ein
2338 991 2585 1051 Einkommenes
2612 992 2778 1052 schreiben
2846 991 2930 1051 Von
2957 988 3025 1048 H.
3052 982 3190 1042 Dicario

2069 1097 2103 1157 zu
2137 1082 2433 1142 diembtungen,
2469 1078 2696 1138 betreffendt
2731 1076 2776 1136 die
2799 1073 3039 1133 anforderung
3073 1061 3153 1121 deß

1817 1153 1858 1213 Jer
1881 1135 2017 1195 Berngiels

2078 1164 2451 1224 Berriquemachers
2481 1156 2576 1216 plevis
2596 1155 2637 1215 an
2669 1152 2720 1212 den
2762 1147 2990 1207 Eforedicanten
3052 1138 3188 1198 Merki
3208 1132 3249 1192 on

1810 1219 1872 1279 Morh
1897 1206 1934 1266 h.
1959 1202 2048 1262 Pfohl

2061 1246 2334 1306 diembtingen
2364 1241 2435 1301 soll
2455 1241 2626 1301 erwartet
2646 1240 2787 1300 werden,
2818 1237 2868 1297 biß
2908 1234 2969 1294 der
2999 1229 3090 1289 Cleri
3121 1222 3180 1282 sich

2073 1333 2301 1393 anmelden
2329 1325 2450 1385 wirdt,
2476 1325 2518 1385 da
2557 1323 2827 1383 denzumahlen
2853 1319 2934 1379 Ihme
2962 1312 3083 1372 solches
3109 1301 3190 1361 zur

2060 1418 2239 1478 Antwort
2251 1410 2324 1470 soll
2359 1406 2540 1466 vorgelegt
2575 1404 2745 1464 werden.

2053 1563 2443 1623 Viembtingen:
2472 1554 2667 1614 Weilen
2713 1549 2833 1609 laut
2862 1544 2952 1604 Ihres
2967 1539 3267 1599 berichtschrebens

2090 1647 2190 1707 undt
2212 1639 2469 1699 beygelegener
2502 1634 2692 1694 Weibels
2703 1631 2916 1691 zeügsamme
2983 1625 3060 1685 von
3095 1619 3161 1679 dem

2103 1724 2238 1784 Weibel
2291 1714 2469 1774 bettschen
2541 1712 2574 1772 in
2635 1712 2699 1772 der
2741 1711 2876 1771 Zeugg
2907 1708 2960 1768 den
2991 1700 3190 1760 Matheus

1828 1738 1922 1798 Smachr
1943 1736 2079 1796 Mathent

1830 1803 2294 1863 Suhschriftmaschammacher
2326 1796 2390 1856 das
2424 1793 2520 1853 Bott
2562 1789 2790 1849 Pesöhnlich
2822 1782 3038 1842 besogen,
3070 1777 3156 1837 aber

2084 1878 2173 1938 nicht
2198 1876 2389 1936 erschung,
2401 1873 2553 1933 sondern
2566 1872 2630 1932 das
2655 1871 2808 1931 Rechten
2870 1865 3061 1925 Deseriot
3099 1859 3188 1919 Alß

2085 1965 2240 2025 habende
2280 1962 2318 2022 er
2331 1959 2423 2019 Hen
2436 1955 2500 2015 Shie
2514 1952 2605 2012 auch
2630 1947 2696 2007 par
2721 1939 3007 1999 Consumaciam
3072 1936 3294 1996 beurthelet,

2083 2045 2180 2105 undt
2209 2045 2287 2105 Ihne
2363 2043 2432 2103 der
2461 2038 2616 2098 Chistina
2674 2028 2790 2088 Stuhn
2830 2021 2907 2081 Ihrer
2926 2012 3130 2072 angehörig
3149 2006 3189 2066 in

2068 2134 2189 2194 Kind
2215 2133 2283 2193 alß
2349 2127 2577 2187 ohnEhrlich
2604 2118 2753 2178 zusamn
2779 2109 2953 2169 bekennet
2981 2102 3020 2162 Es
3047 2098 3141 2158 seye,
3154 2093 3262 2153 dann

2077 2224 2191 2284 sach,
2217 2222 2281 2282 daß
2331 2220 2370 2280 Er
2396 2216 2484 2276 einen
2509 2207 2752 2267 geständigen
2777 2194 2918 2254 Vatter
2955 2183 3108 2243 deßen

2069 2315 2185 2375 bor
2223 2315 2300 2375 dem
2352 2309 2506 2369 Richten
2545 2301 2674 2361 stellen
2699 2296 2907 2356 könne.

2104 2446 2270 2506 Wardt
2298 2444 2354 2504 der
2381 2440 2534 2500 Maiie
2577 2431 2770 2491 Grevolet
2800 2422 2854 2482 Von
2882 2416 2952 2476 Rex
2979 2410 3077 2470 linde
3105 2404 3189 2464 Ihre

1848 2449 1940 2509 Prot
1961 2471 2065 2531 Marie

2105 2521 2254 2581 Ehrman
2313 2517 2511 2577 Anthoine
2561 2507 2739 2567 Aviolat
2769 2500 2868 2560 wider
2888 2493 3017 2553 welchen
3036 2489 3095 2549 die
3125 2486 3275 2546 Rueff¬

1852 2513 1929 2573 Miles
1940 2531 2073 2591 Anssoine

2114 2599 2364 2659 formbblich
2390 2590 2560 2650 ergangen,
2573 2583 2639 2643 die
2652 2577 2835 2637 schidigung
2848 2569 3045 2629 ertheilt.
3084 2565 3123 2625 ad
3149 2564 3295 2624 foru¬
