4032 3024
475 353 550 413 172
580 334 626 394 f.

694 416 932 476 Schohgpr.
950 389 1042 449 Hhls
1062 376 1172 436 heben
1190 369 1264 429 abt
1282 369 1632 429 Mch.erufnt,
1650 399 1725 459 in

718 507 768 567 daß
806 495 945 555 Barbaka
982 479 1059 539 Haas
1084 472 1135 532 ab
1160 464 1210 524 dem
1248 458 1476 518 Rumischberg
1514 463 1565 523 der
1590 476 1705 536 Ehr¬

466 566 544 626 haat
554 550 666 610 Barban

726 579 1050 639 undtschwängerung
1075 559 1162 619 halb
1200 550 1363 610 beklage
1425 548 1513 608 Hanß
1562 556 1675 616 Meyer

465 637 547 697 Vgr
564 618 679 678 hast.

724 682 788 742 Von
814 669 981 729 Atthwol
1021 652 1111 712 unndt
1136 644 1227 704 under
1253 636 1499 696 gnugsammer
1524 645 1758 705 Examinatin

725 753 758 813 in
780 750 836 810 Vhro
858 743 970 803 genißst
994 736 1071 796 auff
1094 728 1184 788 Ihme
1206 718 1375 778 beharret,
1397 710 1554 770 Borher
1587 709 1677 769 aber

730 843 805 903 den
837 838 1037 898 Haußkuyt
1067 826 1130 886 chr
1145 817 1267 877 Richtes
1282 808 1328 868 an
1345 802 1437 862 Ihre
1467 797 1635 857 gesandt
1652 800 1728 860 und

732 935 778 995 Ih
826 928 1051 988 zubefagen,
1063 916 1110 976 ob
1134 911 1169 971 Er
1193 906 1241 966 Sie
1264 899 1323 959 mit
1359 891 1561 951 zeübrathen
1572 891 1679 951 wolle

732 1028 786 1088 das
813 1022 881 1082 habe
907 1015 935 1075 Er
962 1010 1029 1070 Ihne
1056 1001 1178 1061 Meyer
1191 991 1340 1051 gesagt,
1353 986 1394 1046 Er
1421 985 1528 1045 wolle
1556 988 1705 1048 thun,
1718 996 1773 1056 wie

736 1103 841 1163 alder
864 1100 1016 1160 fruthe.
1041 1091 1205 1151 Gorüber
1263 1083 1356 1143 thun
1381 1075 1639 1135 auffgetragen
1662 1073 1756 1133 werden

728 1189 824 1249 Ihme
849 1186 968 1246 Weye
981 1182 1053 1242 mit
1065 1176 1270 1236 zuschikung
1306 1168 1390 1228 denß
1426 1162 1558 1222 Kleinen
1582 1158 1750 1218 hebelinhe

722 1283 867 1343 zuscheichz
891 1278 929 1338 zu
941 1272 1099 1332 laßen,
1123 1265 1208 1325 undt
1232 1259 1317 1319 Ihne
1353 1253 1414 1313 der
1450 1246 1547 1306 Ehe,
1571 1240 1656 1300 alß

748 1368 981 1428 schwängerung
1003 1357 1093 1417 halb
1137 1349 1427 1409 zubefragen,
1449 1337 1517 1397 alß
1561 1323 1684 1383 worzu

708 1458 914 1518 Menge
938 1449 1023 1509 ern
1060 1443 1279 1503 Voermonat
1315 1433 1473 1493 Temein
1496 1420 1654 1480 erthelt
1678 1403 1751 1463 mith

752 1537 854 1597 dann
876 1535 944 1595 auch
957 1534 1002 1594 den
1024 1532 1138 1592 Ryff
1172 1529 1207 1589 zu
1229 1524 1412 1584 vernmnen,
1423 1517 1457 1577 ob
1492 1512 1536 1572 er
1559 1504 1640 1564 seine
1662 1491 1764 1551 außag

753 1623 883 1683 behahr
922 1624 1039 1684 fahlt
1065 1624 1142 1684 wun
1167 1621 1207 1681 in
1233 1618 1350 1678 dieser
1363 1612 1479 1672 steten
1492 1604 1596 1664 keinde
1622 1588 1790 1648 antwete

769 1712 977 1772 zinkämen
1010 1715 1171 1775 wedindt
1202 1712 1251 1772 bie
1267 1706 1443 1766 dieselbz
1458 1685 1764 1745 umbstäntklich

777 1792 973 1852 brichte.

748 1945 972 2005 Kilchberg
989 1946 1052 2006 bey
1086 1949 1229 2009 oaul.
1247 1949 1439 2009 Cchristian
1502 1925 1743 1985 Bollhalter

801 2030 846 2090 uß
893 2034 955 2094 dem
1000 2041 1200 2101 Rogenburg
1230 2040 1292 2100 La
1353 2036 1368 2096 o
1383 2033 1445 2093 n
1460 2025 1568 2085 nien
1583 2010 1675 2070 Here
1707 1997 1722 2057 n
1737 1989 1784 2049 e¬

492 2032 643 2092 Bollhelter
655 2039 774 2099 Christian

500 2108 575 2168 Ader
608 2114 695 2174 Aina

784 2115 880 2175 lebt,
893 2122 949 2182 der
976 2128 1114 2188 Aannen
1141 2131 1250 2191 Adler
1292 2129 1374 2189 Von
1430 2109 1677 2169 boberstein

765 2200 884 2260 kandt
912 2203 978 2263 alß
1018 2208 1099 2268 das
1126 2213 1260 2273 seinige
1287 2212 1568 2272 anzunemmen,
1595 2192 1676 2252 Alß

772 2282 836 2342 bare
863 2284 927 2344 Meine
954 2289 1030 2349 nien
1044 2295 1135 2355 Herren
1161 2301 1226 2361 Jeme
1239 2305 1355 2365 solche
1393 2303 1484 2363 auch
1511 2294 1589 2354 alß
1640 2265 1771 2325 ohn¬

795 2367 926 2427 Ehrlich
957 2374 986 2434 zu
1016 2383 1133 2443 beket,
1148 2391 1236 2451 undt
1252 2397 1384 2457 deßen
1400 2397 1472 2457 Sie
1488 2383 1767 2443 nachrichtlich

807 2452 1076 2512 verständig
1109 2476 1284 2536 woller.

3085 221 3255 281 173f.

2047 316 2249 376 Peynaut
2304 287 2398 347 undt
2425 280 2734 340 Gundischweil
2761 286 2883 346 Sep.
2910 290 2964 350 Es
2991 290 3085 350 habe
3099 286 3248 346 entliche

2081 404 2207 464 Much,
2218 391 2310 451 Rodt
2332 384 2389 444 der
2424 379 2583 439 Grichts
2606 377 2743 437 Weibel
2892 375 3051 435 Vetztiel
3097 365 3224 425 Ver¬

2059 488 2241 548 Mengdge
2267 472 2424 532 esrehen
2463 465 2646 525 müsten
2723 463 2789 523 die
2815 462 2945 522 Anna
2971 457 3192 517 Frßmann

1807 553 1825 613 1

2075 588 2138 648 auß
2176 574 2241 634 den
2278 560 2457 620 Holenteg
2494 552 2750 612 beschlaffen
2800 547 2993 607 zuhaben,
3030 540 3234 600 derowegen

1817 620 1835 680 I
1902 593 1936 653 in
1970 574 2055 634 bo¬

2072 666 2267 726 dieselben
2292 650 2397 710 Ihme
2461 643 2553 703 auch
2579 641 2669 701 dera
2722 638 2876 698 Kindt,
2891 636 2955 696 alß
2994 630 3201 690 ohnehrlich

2056 749 2321 809 zubekennet,
2332 735 2368 795 in
2402 731 2436 791 so
2459 727 2563 787 fang
2586 724 2620 784 er
2668 721 2748 781 keim
2806 719 2956 779 andern
3002 717 3245 777 geständigen

2071 836 2206 896 Vetter
2230 821 2377 881 deßen
2439 812 2526 872 vor
2550 808 2623 868 dem
2685 804 2844 864 Richter
2882 803 3017 863 stellen
3054 802 3201 862 werden

2055 934 2131 994 die
2145 920 2221 980 diß
2265 906 2385 966 Goths
2417 892 2642 952 ergangene
2688 886 2837 946 Kösten
2898 884 3079 944 Wünsche
3109 883 3170 943 Ihu

2070 1015 2163 1075 umd
2202 1003 2268 1063 der
2294 991 2519 1051 Frißmann
2545 978 2915 1038 Rottschlagende,
2941 971 3033 1031 undt
3059 969 3139 1029 soll

2058 1114 2100 1174 Er
2130 1101 2287 1161 drunde
2331 1088 2417 1148 zur
2431 1079 2718 1139 abbürsung
2760 1067 2961 1127 gehalten
2991 1055 3162 1115 werden:

2050 1273 2172 1333 Wir
2215 1264 2381 1324 Nichter
2469 1254 2702 1314 Alßdann
2756 1247 2878 1307 vrg
2901 1244 2945 1304 gn
2977 1241 3044 1301 neg
3066 1238 3144 1298 Hrn
3155 1237 3199 1297 der

2062 1357 2194 1417 Räthen
2255 1343 2459 1403 Erkantnuß
2507 1336 2592 1396 Vom
2651 1332 2699 1392 13.
2711 1327 2832 1387 Sorb.
2855 1320 2988 1380 Eesthin
3012 1310 3109 1370 Wor
3121 1302 3204 1362 Unß

2066 1433 2286 1493 gelanget
2324 1419 2389 1479 dat
2415 1409 2751 1469 Matimonials
2778 1398 2985 1458 geschafft
2998 1386 3268 1446 entzwüschen

2074 1538 2123 1598 H.
2132 1527 2211 1587 Jean
2261 1509 2448 1569 François
2468 1500 2616 1560 Calame
2655 1498 2724 1558 von
2803 1495 2999 1555 Lasarrez
3039 1487 3255 1547 efrdicant

1846 1561 1966 1621 Waten
1979 1562 2099 1622 Frnen¬

2079 1605 2157 1665 Von
2203 1594 2312 1654 alle
2375 1587 2438 1647 an
2483 1582 2686 1642 Einem,
2718 1578 2857 1638 danne
2890 1577 2936 1637 der
2966 1576 3060 1636 Den
3092 1576 3249 1636 Iystr¬

1835 1645 1950 1705 Gingias
1960 1649 2065 1709 Solomio

2059 1696 2224 1756 Salome
2260 1688 2318 1748 von
2355 1681 2519 1741 Gingins
2543 1676 2637 1736 von
2686 1671 2862 1731 Cheritti
2898 1665 2968 1725 der
2993 1660 3134 1720 Eltern

2069 1785 2159 1845 mit
2196 1776 2414 1836 beystandt
2441 1767 2504 1827 deß
2556 1758 2671 1818 Edlen
2710 1750 2773 1810 H.
2786 1744 2915 1804 Victor
2953 1737 3030 1797 von
3055 1731 3275 1791 Gingens¬

2058 1887 2235 1947 Freschl.
2249 1880 2289 1940 zu
2318 1872 2522 1932 Lasarin,
2536 1863 2619 1923 alß
2659 1855 2755 1915 von
2796 1848 2863 1908 der
2879 1841 3042 1901 gantzen
3083 1837 3274 1897 adelichen

2085 1980 2343 2040 ansechenlichen
2356 1969 2744 2029 anvrbandtschafft
2757 1954 3002 2014 procovirter
3015 1948 3067 2008 an
3106 1945 3260 2005 andern

2087 2090 2197 2150 theil
2253 2093 2308 2153 da
2364 2092 2432 2152 die
2461 2089 2585 2149 lester
2612 2083 2682 2143 sich
2695 2079 2779 2139 schon
2821 2072 2889 2132 vo
3001 2060 3069 2120 n
3083 2054 3166 2114 Hrr
3195 2048 3263 2108 ndt

2078 2185 2181 2245 Edlen
2238 2188 2307 2248 H.
2318 2184 2558 2244 LandMogten
2582 2177 2663 2237 auff
2686 2167 2984 2227 Romammostiet
3006 2154 3271 2214 erklaget,

2100 2274 2139 2334 ob
2178 2270 2310 2330 hätte
2336 2266 2533 2326 bemelter
2559 2262 2624 2322 E.
2651 2257 2874 2317 Prediceit
2900 2252 2952 2312 den
2965 2251 2992 2311 9
3031 2248 3188 2308 Novb.
3215 2242 3308 2302 pos.

2070 2353 2139 2413 sich
2152 2347 2232 2407 ohne
2256 2343 2324 2403 Ehre
2337 2339 2557 2399 vorbüßen
2616 2337 2709 2397 noch
2731 2334 2847 2394 Einiche
2870 2325 3148 2385 formalischen

2095 2435 2438 2495 jeltersprechung
2462 2429 2497 2489 in
2544 2428 2593 2488 der
2616 2429 2747 2489 Körsen
2758 2429 2794 2489 zu
2817 2426 3030 2486 Casarraz
3102 2412 3196 2472 mit

2076 2538 2198 2598 Ihra
2258 2527 2332 2587 alß
2394 2516 2638 2576 Erverlobten
2710 2508 2748 2568 zu
2772 2504 2968 2564 verfunden
2980 2501 3040 2561 sich
3054 2499 3274 2559 erbühnet,
