4032 3024
506 331 549 391 19

702 371 902 431 Saller
942 344 1003 404 un
1043 325 1144 385 Wr
1164 309 1285 369 beydte
1304 302 1465 362 sorcthen
1507 322 1726 382 brdesen

722 465 933 525 pelsanr
970 432 1219 492 ertengunhet
1236 418 1288 478 in
1323 420 1695 480 Contadiconden

735 563 899 623 gegehet,
915 539 997 599 alle
1013 523 1095 583 vonm
1129 503 1293 563 seithen
1325 493 1391 553 daß
1441 492 1507 552 H.
1539 503 1737 563 Pordinten

758 635 1096 695 geresfefe,
1120 610 1144 670 s
1218 589 1411 649 uebich
1434 585 1725 645 huncheren

727 752 957 812 Ehrauspach
973 725 1275 785 Erläugentlich
1290 703 1407 763 zusein
1435 702 1651 762 erachtet,
1667 727 1754 787 fe¬

733 855 930 915 geeubert,
960 840 1022 900 die
1053 826 1159 886 Phrste
1204 811 1280 871 von
1326 795 1494 855 Güngng
1523 789 1555 849 in
1585 788 1676 848 vor

749 933 950 993 Destention
985 911 1068 971 auch
1105 892 1306 952 vernommen
1364 876 1471 936 alleß
1519 874 1614 934 wohl
1637 880 1755 940 erwogen

762 1021 898 1081 habend
924 1010 1012 1070 Wie
1048 1002 1073 1062 zu
1111 990 1384 1050 Rechterbeit,
1423 980 1622 1040 zumahlen
1647 979 1710 1039 der

492 1152 597 1212 4sein
612 1138 812 1198 vemeithl.
842 1121 995 1181 Frediank
1025 1111 1102 1171 vor
1132 1097 1514 1157 Kostgenständig
1530 1093 1757 1153 seramdeßen

762 1212 944 1272 sehmaben
979 1203 1104 1263 hiniche
1138 1193 1390 1253 formalische
1424 1189 1480 1249 Eht
1504 1187 1766 1247 Groffrechung

496 1218 537 1278 Ehe
547 1211 722 1271 Versprechung

490 1281 556 1341 nicht
575 1274 698 1334 legalisch

772 1296 981 1356 waleud
1038 1291 1109 1351 ch
1143 1287 1260 1347 sst
1365 1279 1550 1339 der
1585 1275 1655 1335 Jah

499 1342 623 1402 bewesen
634 1337 713 1397 konn

757 1393 835 1453 Von
866 1391 1037 1451 Eetles
1052 1387 1115 1447 hen
1131 1383 1255 1443 geftng
1285 1377 1333 1437 zu
1363 1370 1489 1430 leben,
1520 1362 1566 1422 hor
1598 1355 1707 1415 kennr

768 1493 850 1553 den
882 1485 1180 1545 Ehrenauffoch
1212 1472 1560 1532 ledthlogeust
1576 1459 1776 1519 liebet.

772 1594 1073 1654 suppoditionen
1102 1585 1211 1645 wegen
1225 1580 1334 1640 Iharr
1376 1570 1581 1630 enzeigte
1621 1564 1799 1624 höffichen

789 1683 1099 1743 bitgestetzet,
1125 1674 1180 1734 die
1206 1669 1301 1729 Eyste
1329 1661 1408 1721 von
1436 1654 1597 1714 Ehinguns
1625 1649 1706 1709 dann

787 1762 869 1822 auch
882 1765 964 1825 seine
977 1766 1180 1826 angezoger
1235 1761 1399 1821 probata
1439 1754 1481 1814 et
1507 1744 1697 1804 Aollegata

786 1853 1010 1913 verdinet,
1026 1858 1107 1918 Als
1122 1861 1219 1921 solle
1252 1861 1299 1921 Er
1333 1859 1396 1919 der
1429 1854 1508 1914 H.
1525 1837 1765 1897 Prerdicant

626 1858 753 1918 gäntzlich

782 1933 875 1993 diese
888 1934 940 1994 sich
953 1937 1032 1997 iig
1058 1940 1322 2000 eingebitdeter
1348 1931 1585 1991 Ehraußfrah
1626 1899 1809 1959 abgelißen

790 2019 892 2079 selbe
932 2017 996 2077 fid
1021 2017 1124 2077 mire
1151 2017 1228 2077 undt
1253 2017 1382 2077 nichtig
1395 2010 1627 2070 angesehen,
1654 1992 1691 2052 si

782 2104 1015 2164 aufgecheben,
1041 2106 1211 2166 undselbe
1263 2110 1354 2170 Von
1406 2107 1510 2167 Ihme
1536 2088 1784 2148 gätzlich¬

573 2171 745 2231 liberirt

795 2190 1102 2250 botgesprochen
1130 2200 1201 2260 sein
1215 2204 1313 2264 Ihne
1341 2207 1480 2267 annach
1508 2201 1606 2261 umb
1620 2189 1732 2249 allen

809 2266 904 2326 dieser
920 2278 1033 2338 dieser
1049 2301 1338 2361 ohngerembten
1372 2312 1435 2372 soch
1467 2298 1756 2358 auffgelassen

805 2355 829 2415 G
928 2366 1220 2426 sftaletatin
1244 2391 1291 2451 hu
1339 2411 1608 2471 beseliten
1658 2404 1730 2464 zud

1812 533 1939 593 M.

1840 909 1955 969 Obfd.

1845 1904 1933 1964 Nabel
1957 1903 2098 1963 Caniel.

1833 2020 1916 2080 kermn
1930 2025 2068 2085 barbara

1868 2449 1920 2509 Mit
1935 2456 2090 2516 lasild.

3109 232 3272 292 175f.

2042 347 2097 407 da
2111 333 2181 393 e
2209 319 2279 379 ein
2293 310 2405 370 gnädigen
2418 307 2516 367 Hre
2530 307 2641 367 Eebet,
2655 310 2710 370 daß
2737 312 2794 372 das
2808 313 2974 373 panale
3002 314 3113 374 legen

2044 418 2132 478 weyn
2144 410 2271 470 deßH.
2283 406 2474 466 Podicantz
2486 404 2816 464 ohnlegalischer
2854 403 3157 463 Verbündung

2049 505 2242 565 Mn.
2268 496 2304 556 zu
2340 490 2414 550 dero
2438 488 2693 548 disposision
2719 490 2815 550 solle
2852 496 3120 556 vorgetragen

2042 598 2224 658 werden,

2065 734 2251 794 Eherundt
2277 722 2413 782 bevor
2438 717 2513 777 hat
2537 715 2611 775 man
2661 715 2710 775 der
2735 715 2885 775 Statum
2946 721 3207 781 quastionis

2063 824 2204 884 beichet
2232 818 2276 878 ist
2304 817 2347 877 zue
2375 815 2546 875 Preslan,
2560 815 2602 875 ob
2629 816 2687 876 H.
2715 817 2899 877 Kurshoch
2943 813 3112 873 heender

2057 923 2135 983 alß
2187 913 2424 973 erbettene
2489 911 2608 971 diese
2647 913 2726 973 seine
2765 917 2962 977 Clientir
2988 920 3198 980 assistion

2055 1013 2214 1073 könne,
2227 1005 2359 1065 worde
2464 1001 2677 1061 Majora
2716 1003 2875 1063 erkent,
2901 1005 3047 1065 daß,
3060 1007 3204 1067 fahls

2051 1100 2328 1160 quaestiones
2349 1092 2477 1152 suris
2509 1090 2894 1150 sichhervorthun
2926 1094 3086 1154 wurden
3140 1096 3182 1156 sr

2060 1188 2361 1248 darzumahlen
2414 1178 2480 1238 den
2506 1177 2689 1237 hinkritt
2728 1177 2847 1237 haben
2885 1180 3030 1240 solle,
3056 1184 3239 1244 wndeigen

2075 1285 2220 1345 Pahls,
2236 1274 2352 1334 deße
2368 1261 2692 1321 außgeschloßsen
2707 1259 3034 1319 zensollen.

2216 1451 2477 1511 Sonstags
2510 1433 2574 1493 den
2592 1430 2689 1490 4ten
2705 1430 2819 1490 Xbd.
2835 1435 2950 1495 1732

2498 1521 2650 1581 Praeses

2278 1611 2513 1671 Mengdge
2543 1601 2572 1661 e
2616 1596 2675 1656 e
2706 1591 2854 1651 eren

2386 1682 2575 1742 Assesson
2609 1673 2620 1733 M
2652 1669 2742 1729 en
2764 1665 2853 1725 Hrrn
2864 1658 2986 1718 Omnes

2082 1806 2255 1866 Murten
2281 1799 2441 1859 Scuet.
2468 1789 2548 1849 Ihr
2588 1780 2721 1840 Gel.
2735 1772 2881 1832 habind
2908 1765 3015 1825 Ihme
3041 1765 3227 1825 befehlen

2086 1889 2204 1949 bollen
2246 1884 2310 1944 den
2342 1876 2491 1936 samcl
2545 1863 2694 1923 weibel
2737 1854 2801 1914 von
2833 1847 2983 1907 Murten
3015 1844 3047 1904 so
3080 1844 3133 1904 sich
3154 1844 3271 1904 dorten

2089 1972 2149 2032 bem
2186 1968 2307 2028 krenh
2354 1954 2597 2014 aushalte,
2621 1942 2706 2002 und
2730 1935 2803 1995 von
2838 1925 3020 1985 Barbara
3056 1917 3226 1977 Ammann
3238 1916 3297 1976 von

2076 2064 2311 2124 Perhogen
2327 2046 2485 2106 buchse
2548 2030 2610 2090 der
2642 2009 2972 2069 Ichwängerung
3004 1993 3081 2053 halb
3114 1988 3270 2048 beklagt

2081 2150 2230 2210 Wirdt
2253 2139 2346 2199 mit
2369 2122 2600 2182 verdeüten
2634 2106 2692 2166 daß
2726 2100 2761 2160 er
2783 2095 2842 2155 sie
2887 2087 2992 2147 umb
3026 2080 3164 2140 Ostern
3200 2078 3302 2138 herum

2079 2232 2128 2292 zu
2177 2223 2463 2283 Päterlingen
2499 2194 2860 2254 geschwängeret,
2884 2173 2958 2233 auf
2983 2164 3144 2224 donstag
3170 2157 3319 2217 nechst¬

2085 2316 2302 2376 künfftig
2332 2308 2378 2368 den
2393 2301 2501 2361 11ten
2516 2293 2579 2353 diß
2625 2282 2703 2342 har
2733 2275 2766 2335 zu
2811 2262 2965 2322 hallten

2101 2440 2211 2500 Ward
2252 2431 2308 2491 sie
2336 2422 2488 2482 Ursula
2529 2408 2668 2468 Sarth
2681 2400 2736 2460 von
2764 2387 3068 2447 Langenthahl,
3096 2381 3123 2441 so
3152 2382 3275 2442 begen

2096 2524 2323 2584 hievorigen
2362 2502 2653 2562 verdächtigen
2678 2477 2945 2537 umbgangs
2995 2461 3084 2521 mit
3109 2458 3223 2518 Jacob

2083 2614 2319 2674 Ringeisen
2348 2600 2421 2660 von
2452 2587 2658 2647 Erlenbach
2687 2570 2909 2630 eingesetzt
2938 2555 3131 2615 worden,
3146 2549 3204 2609 der
3235 2545 3354 2605 gar¬
