4032 3024
756 339 1084 399 gefangenschafft
1117 298 1351 358 demittarten
1384 292 1461 352 und
1493 298 1572 358 ihre
1603 310 1634 370 er
1666 331 1761 391 Stelt

464 323 589 383 176.

741 444 944 504 verbotten,
973 422 1001 482 es
1031 409 1146 469 bahre
1191 392 1249 452 dar
1292 383 1409 443 sach,
1423 382 1495 442 daß
1526 388 1582 448 sie
1612 401 1671 461 ich
1685 414 1713 474 in

749 532 886 592 uinden
901 510 1068 570 ehrlichen
1098 486 1235 546 kraense
1249 472 1340 532 dech
1355 468 1477 528 halten
1507 475 1659 535 wurde,
1674 500 1767 560 obhen

744 620 790 680 hir
805 607 915 667 suche
948 588 1025 648 ihre
1058 573 1119 633 10.
1135 563 1198 623 tag
1229 550 1369 610 termin
1402 547 1573 607 ertheilt
1589 565 1701 625 boeden

751 743 989 803 Sachelfingen
1028 716 1153 776 Cons.
1180 698 1369 758 Weilles
1406 695 1558 755 Christen
1582 716 1761 776 Sallthihtern

772 839 814 899 von
843 825 999 885 wohlen,
1027 801 1168 861 belchen
1198 779 1381 839 Barbara
1424 771 1594 831 Grung
1623 784 1738 844 Pnti¬

461 820 634 880 Sochferg
650 805 762 865 leste

769 919 894 979 chlacht
908 909 964 969 von
992 893 1146 953 Oltigen
1173 871 1341 931 Ehefel,
1355 861 1425 921 deß
1468 858 1690 918 beyschlafs

467 909 586 969 Ghrung
599 886 743 946 barbara

768 1009 841 1069 hals
855 993 1016 1053 beklagt,
1030 976 1104 1036 ihro
1134 962 1266 1022 vieser
1280 952 1382 1012 klag
1427 948 1647 1008 gäntzlichen
1661 959 1706 1019 im

473 984 617 1044 Wacht
630 966 717 1026 folor

771 1089 873 1149 abend
886 1077 1001 1137 seye,
1026 1063 1102 1123 und
1128 1053 1191 1113 bey
1217 1045 1281 1105 sch
1294 1034 1599 1094 bängerschafft
1612 1044 1767 1104 verhanden

768 1165 841 1225 emen
853 1154 951 1214 gnädigen
963 1144 1048 1204 Herren
1060 1128 1293 1188 einetbegen
1330 1114 1428 1174 alleß
1476 1109 1575 1169 Gott
1599 1109 1660 1169 und
1684 1111 1734 1171 ver¬

770 1238 861 1298 zeith
889 1217 1190 1277 heimbgestellt
1203 1202 1256 1262 sie
1282 1194 1375 1254 aber
1401 1190 1465 1250 als
1493 1187 1558 1247 auß
1584 1186 1702 1246 dihremn

779 1313 900 1373 mund
926 1299 1097 1359 gerichtet
1121 1287 1182 1347 zur
1218 1270 1489 1330 abbüestung
1525 1261 1696 1321 gehallten

771 1396 904 1456 worbey
928 1383 1014 1443 ihrem
1051 1368 1235 1428 Ehemann
1247 1357 1332 1417 sein
1368 1349 1539 1409 Schlecht
1563 1348 1625 1408 auf
1649 1348 1709 1408 sein

781 1470 871 1530 recht
883 1461 1048 1521 anruffen
1088 1451 1138 1511 die
1165 1439 1407 1499 bschiedigung
1445 1427 1497 1487 ad
1522 1422 1676 1482 formam

775 1554 888 1614 wider
908 1547 961 1607 sie
991 1539 1145 1599 erteilt
1177 1528 1321 1588 borden,
1341 1520 1434 1580 ihme
1476 1513 1589 1573 jedoch
1610 1508 1723 1568 begen

782 1633 912 1693 seiner
940 1624 1135 1684 Impotent
1163 1613 1241 1673 sich
1267 1605 1452 1665 ferners
1490 1594 1741 1654 verfhnlichen

781 1716 817 1776 zu
853 1711 960 1771 kommen
983 1705 1173 1765 verbotten
1198 1699 1282 1759 sein
1305 1691 1425 1751 solle.

487 1876 618 1936 Attiber
631 1867 761 1927 Johaus
787 1859 945 1919 Zofingen
971 1854 1089 1914 Cons.
1115 1848 1298 1908 Weillen
1324 1840 1508 1900 Johannes
1547 1828 1718 1888 Attliber
1730 1819 1782 1879 Ihe

789 1942 1020 2002 angehörige
1047 1939 1128 1999 noch
1155 1935 1305 1995 unerhy
1333 1930 1415 1990 auf
1442 1921 1673 1981 bezeufung
1700 1908 1795 1968 seiner

477 1979 609 2039 Mensis
624 1971 756 2031 Cosula

797 2031 882 2091 mit
894 2027 1026 2087 Ursula
1073 2026 1217 2086 kenzig
1242 2024 1374 2084 seines
1398 2015 1699 2075 widermahlen
1711 1991 1808 2051 ger¬

786 2111 1051 2171 schwängerten
1076 2110 1343 2170 eheverlobten
1368 2106 1444 2166 von
1469 2098 1597 2158 allhier
1634 2074 1800 2134 vorlag¬

801 2192 934 2252 henden
949 2191 1023 2251 Ehe
1069 2191 1336 2251 getrungen,
1351 2186 1440 2246 und
1471 2178 1529 2238 das
1560 2155 1797 2215 gsahmusge

790 2267 908 2327 allter
934 2267 988 2327 der
1014 2269 1080 2329 25.
1106 2270 1225 2330 Jahren
1253 2268 1557 2328 überstiegen,
1583 2243 1729 2303 habind

790 2347 960 2407 Mehe
1106 2358 1197 2418 echen
1210 2363 1343 2423 konen,
1368 2363 1435 2423 bie
1474 2354 1618 2414 diesere
1658 2333 1723 2393 Ehe

814 2428 859 2488 zu
890 2440 1121 2500 behinderen,
1136 2455 1305 2515 sonderen
1335 2458 1442 2518 beyde
1474 2454 1534 2514 als
1566 2441 1688 2501 Ehelich
1703 2417 1797 2477 se¬

789 2502 952 2562 sahnen
970 2516 1133 2576 bekant,
1151 2527 1206 2587 dey
1244 2539 1442 2599 meinung
1480 2534 1643 2594 sehoe,
1678 2514 1716 2574 as
1733 2497 1789 2557 ser

822 2570 923 2630 zetes
956 2584 1125 2644 gelahrter
1144 2599 1261 2659 freml
1278 2608 1363 2668 noch
1398 2612 1464 2672 bey
1499 2606 1616 2666 Jhren
1651 2576 1821 2636 Verken¬

821 2637 876 2697 des
902 2644 1012 2704 berden
1039 2661 1162 2721 solben.

3105 226 3210 286 1774

2068 293 2326 353 Guggisperg
2350 283 2461 343 Cons.
2473 280 2535 340 sie
2560 280 2733 340 anseinen
2757 280 2806 340 sey
2844 280 2930 340 Ulli
2954 280 3065 340 fauli
3089 278 3200 338 sambt

2050 377 2171 437 sender
2211 357 2352 417 Mutter
2391 348 2462 408 und
2492 341 2644 401 Ehefr.
2664 339 2724 399 auf
2754 337 2895 397 Sonstag
2935 334 3246 394 nechstkunfftig

1809 393 1969 453 sill

2059 461 2105 521 den
2116 450 2198 510 11ten
2209 441 2256 501 fiß
2302 421 2594 481 unfählbahrich
2617 412 2675 472 ein
2687 409 2780 469 gnädigen
2791 406 2884 466 Herren
2895 406 2920 466 u
2943 406 3081 466 halten.
3106 406 3174 466 Aem
3210 406 3256 466 von

2044 550 2112 610 der
2148 529 2286 589 Werthe
2319 513 2372 573 in
2389 502 2527 562 Enol.
2544 493 2597 553 ker
2630 487 2700 547 80.
2717 483 2785 543 R.
2804 479 2855 539 zu
2872 475 3045 535 befuchn
3079 472 3149 532 und
3166 470 3253 530 beie¬

2066 614 2196 674 hetor
2212 589 2425 649 bedeutet
2441 575 2491 635 hu
2523 566 2802 626 ubermechen.

1828 802 1953 862 Sda
1974 774 2037 834 her
2058 748 2226 808 Metlbe
2247 726 2372 786 Cons.
2392 710 2581 770 Willen
2622 700 2727 760 Pons
2770 695 2959 755 heiender
2980 692 3041 752 vo
3085 686 3274 746 Semnauls

2076 825 2233 885 welchen
2259 805 2443 865 Garbarg
2495 788 2613 848 Staub
2640 779 2732 839 Ihre
2771 767 3020 827 Angeherige
3059 761 3112 821 der
3138 758 3284 818 schwäng¬

2077 906 2243 966 gerung
2292 885 2375 945 halb
2411 870 2601 930 beklage
2637 861 2721 921 mit
2744 854 2995 914 verdeüten,
3008 850 3067 910 daß
3102 849 3139 909 er
3163 848 3221 908 sie

1814 909 1905 969 sots
1942 876 2051 936 erbar

2075 1007 2120 1067 den
2135 993 2227 1053 29.
2242 977 2364 1037 Apr.
2379 962 2531 1022 letzsthe
2563 945 2837 1005 beschlaßen,
2867 938 2912 998 den
2944 934 3141 994 beischlaff
3173 932 3203 992 1.
3233 932 3278 992 tag

2072 1091 2145 1151 vor
2182 1077 2243 1137 der
2267 1064 2377 1124 Zeith,
2389 1055 2427 1115 da
2463 1046 2525 1106 sie
2561 1037 2647 1097 ihne
2697 1026 2880 1086 beklage
2904 1020 2990 1080 mit
3002 1018 3076 1078 ihre
3100 1018 3286 1078 begangen

2062 1176 2119 1236 zu
2149 1161 2292 1221 haben,
2321 1137 2581 1197 gestanden
2624 1117 2769 1177 vatter
2798 1109 2856 1169 deß
2899 1103 3042 1163 kinds
3058 1100 3101 1160 zu
3143 1099 3230 1159 sein

2082 1254 2172 1314 aber
2204 1242 2249 1302 im
2294 1226 2446 1286 heifel
2493 1207 2675 1267 zeuehet,
2720 1189 2979 1249 habendiheh
3026 1182 3071 1242 sie
3101 1180 3268 1240 anseinen

2055 1334 2244 1394 wollen,
2270 1317 2325 1377 die
2379 1300 2514 1360 Staub
2541 1292 2581 1352 so
2609 1286 2649 1346 zu
2689 1276 2866 1336 litligen
2893 1267 2946 1327 bey
2973 1262 3068 1322 ihres
3094 1256 3256 1316 mutter

2072 1415 2227 1475 kindt
2265 1403 2316 1463 zu
2343 1394 2458 1454 ligen
2498 1383 2587 1443 sins
2614 1373 2769 1433 seye,
2795 1361 2988 1421 mehres
3013 1351 3182 1411 gemißt
3195 1344 3297 1404 lauth

2079 1503 2211 1563 Borg:
2237 1489 2343 1549 Ord:
2369 1481 2408 1541 de
2460 1471 2539 1531 No
2565 1460 2684 1520 1712.
2710 1445 2947 1505 Examinir
3012 1431 3065 1491 ein
3078 1427 3184 1487 gnädie
3210 1420 3290 1480 Herr

2074 1600 2152 1660 daß
2201 1576 2374 1636 herauß
2421 1552 2659 1612 komenden
2674 1535 2881 1595 berichten
2896 1521 3119 1581 zrlasen.

2064 1695 2342 1755 Müngingen
2388 1674 2496 1734 Cond:
2528 1667 2589 1727 sie
2621 1662 2682 1722 deß
2714 1655 2852 1715 obiger
2883 1642 3068 1702 berichten

1838 1696 1854 1756 1

2104 1827 2308 1887 Grandson
2354 1816 2471 1876 Fraf
2545 1804 2663 1864 Auß
2721 1793 2884 1853 seinem
2927 1785 2987 1845 S.
3001 1782 3090 1842 vnd
3133 1777 3311 1837 beyge¬

1841 1837 1943 1897 Roder
1959 1842 2059 1902 Elsbet

2093 1912 2293 1972 legener
2342 1900 2543 1960 Proced.
2556 1889 2644 1949 von
2669 1881 2769 1941 Hiel
2856 1865 3020 1925 habend
3045 1855 3107 1915 Ihr
3144 1847 3284 1907 Bnl.

1842 1937 1929 1997 seher
1959 1937 2062 1997 Haus

2092 2001 2129 2061 zu
2180 1991 2379 2051 ersechen
2430 1976 2654 2036 gehabt,
2679 1965 2766 2025 baß
2805 1955 2992 2015 esen
3017 1946 3080 2006 die
3130 1936 3292 1996 Elsbeth

2064 2082 2224 2142 Kocher
2258 2074 2338 2134 vor
2383 2061 2520 2121 Porth
2566 2050 2657 2110 auf
2692 2039 2760 2099 dem
2840 2026 2988 2086 vorhas
3022 2014 3307 2074 angebenden

2074 2161 2198 2221 Hanß
2260 2149 2435 2209 Ursfer
2488 2137 2559 2197 von
2601 2122 2849 2182 Burgesten
2879 2110 2921 2170 in
2962 2103 3066 2163 ihres
3108 2093 3293 2153 gemißt

2092 2244 2147 2304 als
2180 2237 2346 2297 Vatter
2391 2224 2522 2284 ihreß
2578 2211 2666 2271 zuk
2711 2199 2866 2259 Welldt
2887 2187 3130 2247 gebohrnen
3163 2182 3317 2242 vnndts

2072 2329 2385 2389 verrharret
2412 2310 2574 2370 sey,
2603 2298 2698 2358 auch
2738 2289 2807 2349 bin
2847 2281 2929 2341 daß
2982 2275 3037 2335 der
3064 2267 3324 2327 Urster¬

2100 2411 2400 2471 nachberts,
2414 2394 2666 2454 ohngeacht
2690 2383 2791 2443 ihne
2828 2375 2904 2435 das
2929 2369 3055 2429 botth
3079 2361 3331 2421 persohnlich

2099 2502 2323 2562 bezogen,
2362 2496 2440 2556 den
2468 2488 2664 2548 weithen
2690 2472 2994 2532 genommen.
3020 2456 3231 2516 Worüber

2078 2597 2162 2657 Ihr
2206 2591 2334 2651 Gel.
2348 2584 2475 2644 Ihme
2505 2571 2760 2631 anbefohlen
2774 2561 2874 2621 haben
2901 2550 3115 2610 bollendt,
3143 2541 3356 2601 derselben
