4032 3024
472 341 560 401 169

537 1462 582 1522 ob
606 1453 663 1513 .

503 1720 731 1780 Großenbachr

542 1778 728 1838 Estbats.

495 1861 736 1921 Glantzmann

567 1912 735 1972 2waldt.

515 2190 564 2250 ino
584 2189 624 2249 vem
662 2193 733 2253 6tn

536 2261 650 2321 10ob.
662 2264 734 2324 1730

727 315 824 375 Ium
865 283 1080 343 3omahl
1118 262 1196 322 vor
1236 257 1295 317 das
1333 259 1586 319 Chorgecht
1607 278 1645 338 zu
1664 294 1745 354 zeu¬

742 389 876 449 aitari
911 368 961 428 zu
980 348 1149 408 laßen,
1166 326 1403 386 erschtick
1455 335 1539 395 und
1556 368 1761 428 gestehen,

730 490 783 550 de
801 469 910 529 Rath
927 446 1018 506 behl
1054 427 1125 487 und
1163 410 1307 470 guthse
1342 404 1378 464 bo
1413 407 1540 467 micht
1558 424 1666 484 tend
1684 443 1720 503 so

748 567 777 627 Is
805 542 980 602 aldorten
1008 512 1126 572 Wahte
1169 487 1329 547 werde
1358 482 1400 542 es
1431 495 1736 555 heraußalten

732 651 807 711 daß
837 618 1006 678 selbiger
1036 592 1081 652 im
1126 564 1385 624 puigations
1400 557 1492 617 eyd
1522 581 1766 641 underbigen

758 721 847 781 Vterz
863 691 1088 751 nichbehrts
1103 661 1252 721 sambt
1267 647 1358 707 deren
1387 644 1538 704 bericht
1553 652 1612 712 der
1643 672 1749 732 ainge¬

746 790 985 850 gfengeng
1024 756 1124 816 hots
1163 729 1404 789 intration
1443 722 1523 782 und
1562 737 1743 797 habenden

760 874 920 934 lmbdeg
949 852 1067 912 allher
1095 828 1286 888 gehalten
1301 812 1433 872 berden
1461 812 1593 872 solle,
1608 824 1652 884 da
1681 843 1768 903 indes

734 962 908 1022 Ihffder
936 936 1057 996 Nocher
1096 916 1230 976 begen
1259 901 1419 961 seines
1459 901 1595 961 nicht
1608 919 1797 979 erscheinen

768 1047 821 1107 ne
846 1025 1056 1085 esehe
1106 997 1238 1057 wite
1291 982 1395 1042 Ihr
1420 976 1473 1036 er
1498 976 1737 1036 ealhtend

740 1127 858 1187 haelben
883 1111 990 1171 umb
1025 1099 1084 1159 die
1133 1083 1264 1143 allhar
1299 1070 1418 1130 reyse
1442 1063 1596 1123 kosten
1620 1066 1774 1126 verfelt

762 1210 859 1270 allen
883 1198 995 1258 fahls
1019 1185 1116 1245 aber
1140 1173 1240 1233 Unß
1288 1163 1325 1223 ob
1373 1155 1423 1215 er
1473 1151 1545 1211 bey
1595 1153 1656 1213 der
1680 1158 1792 1218 stell¬

756 1284 919 1344 bericht
965 1271 1009 1331 zu
1038 1259 1248 1319 laßen.
1278 1246 1411 1306 Wie
1442 1243 1486 1303 zu
1515 1242 1605 1302 thun
1634 1246 1741 1306 etc.

753 1450 961 1510 Thurnen.
993 1436 1090 1496 Ihne
1106 1429 1250 1489 deßen
1265 1423 1361 1483 auch
1394 1414 1603 1474 berichten

747 1609 891 1669 Haaße
919 1607 976 1667 bey
1005 1603 1250 1663 Shurgdorff.
1265 1593 1510 1653 Nachdemme
1539 1581 1799 1641 Mormehl.

769 1688 965 1748 dermahls
985 1681 1161 1741 gelanget
1201 1676 1249 1736 der
1280 1670 1456 1730 Ehestret
1496 1653 1750 1713 Entzwyschen

772 1765 826 1825 der
858 1765 1020 1825 Elßebeth
1052 1761 1334 1821 Großenbacher
1366 1751 1409 1811 den
1430 1747 1441 1807 ß
1474 1733 1701 1793 6ßwaldt

788 1844 1081 1904 Glantzmanns
1105 1840 1183 1900 ihrs
1207 1833 1422 1893 angehörgen
1455 1808 1739 1868 Ehefrauw¬

798 1918 881 1978 undt
894 1918 991 1978 Ihrem
1032 1919 1182 1979 Mann
1265 1915 1432 1975 habindt
1459 1897 1637 1957 dieselben
1652 1875 1693 1935 in

779 1989 1029 2049 dersauterung
1056 1994 1097 2054 der
1111 1996 1168 2056 sach
1195 1995 1263 2055 und
1306 1992 1388 2052 veile
1417 1986 1459 2046 Er
1486 1979 1542 2039 die
1570 1961 1695 2021 alten

759 2066 948 2126 Klegdten
1000 2068 1201 2128 betrffen,
1226 2070 1366 2130 hiemit
1379 2062 1530 2122 urbeit
1567 2033 1733 2093 daß¬

772 2141 902 2201 Wehlß
932 2144 975 2204 in
1004 2149 1266 2209 bestätiglung
1296 2140 1514 2200 deroselben
1528 2105 1762 2165 Erkentniß

795 2217 872 2277 Vom
924 2221 975 2281 16
1015 2227 1144 2287 Novbr.
1157 2231 1248 2291 1730.
1261 2230 1337 2290 bein
1390 2219 1570 2279 bündige
1610 2183 1752 2243 grmnt

786 2293 1058 2353 Zudschidigung
1088 2305 1209 2365 finden
1241 2309 1392 2369 können,
1407 2299 1557 2359 sondern
1574 2265 1755 2325 wollendt

806 2367 956 2427 hiemit
983 2377 1118 2437 dieser
1146 2383 1310 2443 stetige
1337 2378 1527 2438 Eheleüth
1555 2347 1758 2407 widermehre

787 2438 953 2498 husang
971 2449 1194 2509 gesplochen
1212 2463 1360 2523 haben,
1379 2464 1435 2524 so,
1454 2458 1527 2518 daß
1583 2437 1656 2497 Sie
1677 2415 1713 2475 mn

825 2515 1005 2575 bhanden
1052 2528 1096 2588 i
1141 2539 1301 2599 hsel
1346 2544 1529 2604 ebeuch
1573 2525 1642 2585 ast
1665 2494 1778 2554 auss

3121 217 3260 277 179f.

2048 312 2171 372 habben
2209 289 2308 349 undt
2333 279 2518 339 Einandern
2543 281 2741 341 Ihrefähles
2767 289 2977 349 vertragen
3001 290 3150 350 helffen

2049 388 2229 448 sollindt,
2254 360 2550 420 derugenunf
2601 359 2665 419 daß
2703 362 2807 422 wann
2832 364 2897 424 das
2923 365 3166 425 Eint-oder

2045 466 2194 526 andere
2232 449 2269 509 im
2293 441 2407 501 fähle
2444 435 2619 495 erfunden
2643 434 2755 494 werden
2818 436 3017 496 sollte,
3042 428 3204 488 selbiges

2059 541 2134 601 mit
2159 522 2445 582 angemeßener
2457 514 2607 574 straff
2634 514 2770 574 londet
2794 511 3007 571 angesehet
3044 503 3182 563 werden

2047 641 2090 701 da
2135 612 2343 672 benebens
2386 596 2464 656 dem
2541 590 2694 650 Amman
2760 589 3056 649 Großenbaher
3099 578 3198 638 alleß

2049 711 2195 771 sonsts
2219 680 2535 740 eingescheöpft
2559 666 2740 726 worden,
2766 664 2874 724 seine
2911 659 3129 719 schwester
3154 652 3264 712 wegen

2049 803 2179 863 Ihren
2193 779 2395 839 führenden
2424 759 2612 819 Klegdten
2670 750 2786 810 nicht
2814 748 2930 808 eystr
2944 745 3045 805 noch
3059 741 3278 801 anzunemm

2058 882 2181 942 mitt
2221 864 2248 924 zu
2317 843 2616 903 beherbergen,
2643 831 2794 891 sondern
2821 828 2861 888 Sie
2888 822 3134 882 Entweders

2056 963 2285 1023 alsbaldt
2309 941 2345 1001 zu
2405 929 2514 989 Ihrem
2573 915 2802 975 Ehemann
2875 905 2960 965 oder
2995 899 3092 959 aber
3116 893 3163 953 an

2074 1057 2135 1117 die
2162 1031 2425 1091 Ehebarkeit
2463 1012 2500 1072 zu
2550 999 2826 1059 verweisen,
2839 990 2890 1050 in
2915 987 2989 1047 dem
3052 977 3241 1037 ferneren

2050 1133 2326 1193 verstandt,
2371 1108 2472 1168 daß
2515 1099 2573 1159 Ihr
2646 1090 2703 1150 der
2734 1079 2951 1139 Elßbeth
2965 1060 3243 1120 obhnbenommen

2054 1220 2130 1280 sein
2156 1206 2234 1266 soll
2298 1192 2374 1252 Ihen
2401 1183 2554 1243 bauder
2594 1174 2632 1234 zu
2658 1168 2889 1228 besuchen,
2914 1159 3043 1219 deßen
3069 1152 3134 1212 Sie
3160 1144 3274 1204 hiemit

2067 1297 2181 1357 alber
2221 1279 2285 1339 Ihr
2310 1265 2554 1325 einkommene
2594 1253 2773 1313 schrifften
2799 1245 2979 1305 beichtet
3017 1227 3222 1287 werdende

2061 1380 2156 1440 mit
2185 1367 2351 1427 gesinen
2378 1356 2573 1416 achtung
2600 1348 2696 1408 geben
2725 1345 2752 1405 zu
2779 1337 2958 1397 laßen,
2987 1324 3069 1384 daß
3112 1308 3207 1368 nit

2071 1469 2160 1529 auh
2194 1461 2318 1521 diese
2340 1448 2644 1508 erkantnuß
2700 1434 2780 1494 das
2813 1427 2937 1487 läben
2971 1419 3151 1479 gegeben

2062 1559 2216 1619 sondern
2229 1548 2306 1608 auch
2331 1540 2446 1600 fahls
2460 1532 2538 1592 nit
2575 1522 2820 1582 gehörmens
2857 1513 2947 1573 das
2974 1501 3191 1561 fählbare

2050 1647 2276 1707 MndgeHre
2290 1629 2376 1689 er
2390 1622 2419 1682 e
2433 1618 2489 1678 de
2561 1609 2631 1669 rden
2645 1603 2788 1663 solle,
2817 1588 3215 1648 welchemnachu

2098 1726 2253 1786 konen
2267 1712 2512 1772 allseitige
2564 1693 2824 1753 Pfartheye
2901 1672 3161 1732 angelobt

2044 1741 2065 1801 11

2068 1808 2196 1868 undt
2235 1789 2556 1849 versprochen.

2028 1956 2398 2016 Kampvent.
2439 1941 2617 2001 Weilg
2646 1935 2768 1995 Anne
2811 1927 3002 1987 Marie
3029 1913 3221 1973 Charles

2074 2050 2216 2110 welche
2252 2041 2323 2101 Ihr
2358 2035 2419 2095 zur
2454 2022 2799 2082 veltgebohrnes
2823 2007 2954 2067 Kinde
2989 1998 3060 2058 den
3097 1988 3226 2048 Jacob

1851 2087 1928 2147 hasles
1948 2092 2016 2152 Ane
2027 2092 2124 2152 Maiz

2098 2133 2257 2193 juiltan
2342 2122 2449 2182 vor,
2470 2116 2566 2176 Inn,
2587 2108 2683 2168 undt
2704 2101 2789 2161 noch
2831 2093 2895 2153 der
2927 2083 3119 2143 Geußt
3150 2070 3311 2130 zuge¬

1863 2167 1950 2227 villan
1979 2171 2066 2231 Jacob

2089 2212 2234 2272 Eignet
2280 2210 2314 2270 Er
2347 2206 2460 2266 aber
2494 2198 2572 2258 Ihra
2618 2188 2730 2248 diesto
2764 2174 2956 2234 anbeleget
2979 2165 3023 2225 in
3046 2159 3193 2219 abent
3204 2156 3282 2216 isten

2077 2297 2203 2357 vndt
2227 2293 2295 2353 Sie
2330 2288 2445 2348 durch
2468 2277 2723 2337 gnugsame
2757 2259 3045 2319 Kundtschafft
3080 2245 3253 2305 beweisen

2075 2377 2221 2437 will,
2248 2374 2328 2434 daß
2369 2370 2435 2430 Sie
2461 2365 2555 2425 Ihme
2583 2360 2649 2420 Ihre
2690 2354 2743 2414 sch
2756 2344 3103 2404 wangerschafft
3118 2328 3317 2388 eröffnet,

2068 2471 2139 2531 Ehe
2168 2468 2213 2528 Er
2227 2464 2328 2524 seine
2372 2455 2575 2515 Anonies
2603 2449 2677 2509 den
2706 2444 2779 2504 H.
2808 2434 3055 2494 Predicantzn
3069 2420 3317 2480 angeben,
