4032 3024
456 346 552 406 1889

716 407 795 467 Alß
811 386 970 446 wolleindt
986 366 1143 426 Meh.
1176 356 1239 416 hein
1256 354 1558 414 auffgetragen
1573 372 1684 432 haben

729 495 785 555 die
815 475 1087 535 Kundtschafft,
1115 458 1143 518 so
1158 454 1201 514 sie
1216 446 1444 506 gekombsen
1474 453 1588 513 wirdt,
1602 474 1745 534 Autechen

734 576 767 636 in
789 570 889 630 deßen
924 559 1012 619 aber
1047 541 1292 601 Pfartheyin
1327 532 1404 592 dem
1449 533 1695 593 Rutgations

741 657 831 717 Eydt
844 646 921 706 und
959 636 1010 696 der
1049 620 1279 680 wichtigkeit
1305 608 1510 668 deßelben
1523 608 1612 668 wohl
1638 609 1728 669 undt

739 733 944 793 grundtlich
969 709 1212 769 underichten
1264 698 1353 758 und
1391 694 1416 754 so
1443 691 1545 751 wohl
1583 687 1673 747 Ihre

745 811 952 871 empfangen
993 795 1131 855 Eydets,
1144 782 1420 842 Instruction
1447 775 1516 835 alß
1571 769 1722 829 habende

724 898 937 958 lümbders
957 884 1099 944 sambt
1129 875 1200 935 der
1231 867 1383 927 seügen
1403 859 1575 919 außaag
1616 854 1758 914 berichtn

730 977 962 1037 zulaßen,
1000 961 1129 1021 damit
1154 953 1232 1013 nach
1257 947 1361 1007 berts
1386 938 1632 998 denenselben
1658 931 1696 991 der

743 1058 815 1118 toh
830 1052 1003 1112 angesetzt
1017 1038 1145 1098 weden
1159 1026 1405 1086 könne:

738 1221 1146 1281 Fraulobrunnen:
1173 1209 1299 1269 Jacob
1338 1204 1492 1264 Hchfl.
1517 1198 1734 1258 verneinet

751 1306 916 1366 gäntzlich
952 1303 999 1363 die
1024 1300 1165 1360 Maria
1213 1290 1414 1350 Glauser
1461 1277 1580 1337 beyde
1615 1267 1675 1327 Ihr

456 1340 591 1400 Whl.
604 1339 697 1399 Jacob

773 1382 982 1442 angehörge
1023 1379 1298 1439 beschlaffen,
1311 1372 1468 1432 wienige
1494 1363 1560 1423 Eün
1599 1351 1745 1411 umb¬

475 1427 637 1487 Blauser
660 1417 763 1477 Maria

755 1467 844 1527 gang
877 1471 1065 1531 gepflogen
1099 1464 1287 1524 zauhaben,
1320 1455 1376 1515 Sie
1398 1448 1475 1508 aber
1508 1438 1609 1498 will
1642 1423 1776 1483 beschei¬

755 1553 914 1613 gigen,
937 1555 999 1615 daß
1046 1552 1084 1612 Er
1119 1549 1169 1609 zu
1204 1540 1289 1600 Ihra
1339 1531 1374 1591 in
1410 1523 1483 1583 das
1509 1513 1605 1573 hauß
1641 1502 1764 1562 ge¬

769 1632 916 1692 kommen
969 1633 1050 1693 wan
1104 1628 1170 1688 nun
1225 1619 1359 1679 billich
1399 1608 1466 1668 daß
1519 1599 1546 1659 zu
1574 1586 1774 1646 erheitrung

771 1706 831 1766 der
843 1705 892 1765 soch
916 1705 964 1765 die
988 1702 1134 1762 warheit
1146 1700 1183 1760 an
1243 1698 1303 1758 tag
1341 1690 1449 1750 köme
1498 1678 1606 1738 undt
1632 1663 1728 1723 Ihne

744 1788 881 1848 Höchsl.
902 1785 975 1845 von
1017 1783 1070 1843 der
1102 1778 1281 1838 Glauser
1302 1773 1324 1833 so
1355 1768 1449 1828 wohl
1492 1758 1597 1818 vor-
1607 1744 1767 1804 In¬

775 1861 831 1921 alß
874 1859 944 1919 nach
974 1859 1030 1919 der
1058 1859 1230 1919 Genißt
1258 1851 1558 1911 zugefignete
1586 1821 1728 1881 Kindte

773 1936 832 1996 der
869 1936 1013 1996 Vatter
1050 1939 1255 1999 verheigt
1279 1937 1411 1997 werde;
1434 1928 1519 1988 alß
1568 1901 1724 1961 wollint

745 2015 917 2075 Mege
943 2017 1010 2077 eHen
1023 2023 1300 2083 aufgetragen
1313 2020 1433 2080 haben
1485 2007 1552 2067 die
1578 1980 1750 2040 Glauser

763 2098 811 2158 in
843 2101 1153 2161 Ihungstandz
1171 2104 1431 2164 anzuhöre,
1447 2090 1545 2150 nach
1561 2074 1627 2134 er
1643 2058 1693 2118 r

769 2180 954 2240 Parcthy
989 2181 1022 2241 in
1057 2183 1122 2243 dem
1157 2188 1429 2248 Patzations
1461 2175 1581 2235 Eyct
1597 2142 1782 2202 Bochaundt

794 2253 1006 2313 gemnltlich
1022 2264 1266 2324 unterichten
1314 2267 1412 2327 auch
1428 2261 1526 2321 mit
1542 2239 1738 2299 empfang

787 2321 878 2381 Ihre
892 2327 1014 2387 Eydes
1029 2342 1287 2402 Instruction
1348 2350 1499 2410 habenden
1514 2324 1741 2384 lumbdert

794 2388 858 2448 und
891 2396 958 2456 der
974 2405 1089 2465 Zeingen
1105 2422 1385 2482 außagauff
1417 2421 1482 2481 Ein
1516 2412 1597 2472 Ihre
1613 2390 1729 2450 ausch
1745 2363 1793 2423 den

788 2461 843 2521 tag
872 2469 954 2529 Stor
970 2481 1108 2541 MeHe
1136 2495 1234 2555 halten
1247 2501 1275 2561 zu
1290 2503 1456 2563 lassen.

3104 218 3252 278 N01f.

2035 346 2238 406 Polli.
2252 322 2442 382 SWeilen
2485 316 2528 376 die
2557 314 2673 374 Kürff
2687 314 2790 374 laut
2818 314 2906 374 Ihre
2920 311 3168 371 eingestenden

2080 414 2398 474 Reichtschribens
2431 397 2562 457 welche
2617 394 2671 454 die
2705 392 2946 452 Trancoisl
2989 387 3221 447 verrey¬

1813 488 2056 548 gesae

2080 519 2201 579 winer
2230 506 2291 566 Ihn
2323 498 2397 558 Ehe
2414 488 2625 548 verlobten
2686 478 2913 538 Viclippe
2928 475 2973 535 de
3004 472 3247 532 Javaua¬

2093 600 2234 660 rhalten
2282 580 2500 640 förmblich
2518 565 2783 625 ergangen,
2813 557 2907 617 und
2954 553 3002 613 Er
3039 550 3106 610 den
3143 547 3258 607 Rehten

1798 568 2060 628 soaston

1831 642 1968 702 dippel.

1815 728 1935 788 mma
1965 705 2041 765 sacob
2070 691 2131 751 nit
2161 676 2357 736 begegnet
2387 664 2477 724 Alß
2522 656 2688 716 habendt
2732 649 2823 709 Wie
2853 644 2943 704 Ihme
2975 635 3080 695 auff
3095 626 3169 686 Vhr

2044 786 2168 846 Recht
2193 766 2404 826 anrüeffen
2479 750 2542 810 die
2555 732 3014 792 schwdigungertheilt,
3027 709 3165 769 umb¬

2049 865 2201 925 weilen
2269 848 2337 908 der
2380 836 2502 896 Jacob
2545 822 2792 882 Welsmann
2874 808 2944 868 die
2971 799 3096 859 Verer
3137 787 3178 847 zu

2061 937 2258 997 ehrlichen
2269 918 2501 978 Verlangt
2513 907 2583 967 alß
2618 899 2723 959 habed
2746 893 2815 953 Mein
2827 887 2921 947 gnädigen
2932 880 3026 940 Herren
3049 873 3118 933 Sie

2069 1020 2217 1080 under
2249 998 2397 1058 gewohn
2429 989 2479 1049 ter
2511 979 2788 1039 verkündung
2822 964 3018 1024 zusanen
3034 940 3232 1000 bekent.

2072 1149 2405 1209 Buggefferg.
2432 1131 2473 1191 Er
2502 1125 2599 1185 habe
2626 1120 2750 1180 zwar
2792 1112 2930 1172 Godi
2972 1098 3137 1158 beyeler

2109 1262 2154 1322 Er
2199 1249 2275 1309 Ehr
2304 1239 2396 1299 halb
2425 1224 2697 1284 angeklagt
2727 1209 2847 1269 Hauß
2909 1193 3119 1253 Mänger

1820 1261 1927 1321 hiebe
1963 1243 2034 1303 eh

2087 1341 2216 1401 weilen
2256 1329 2320 1389 Sie
2346 1320 2438 1380 aber
2476 1310 2567 1370 begd
2594 1298 2763 1358 selbige
2814 1286 2891 1346 mit
2919 1268 3242 1328 gsatzmeßigen

1825 1347 1954 1407 Mänges
1968 1339 2070 1399 Haf¬

2071 1417 2260 1477 bewesen
2300 1400 2475 1460 können,
2502 1388 2610 1448 undt
2650 1378 2719 1438 die
2745 1361 3014 1421 guttwillig
3041 1342 3136 1402 Bon

2062 1499 2161 1559 Iht
2188 1486 2499 1546 abgestanden,
2527 1472 2598 1532 alß
2655 1461 2809 1521 habeinie
2824 1449 2936 1509 gnädigen
2950 1440 3063 1500 Herren
3078 1432 3120 1492 die
3133 1424 3218 1484 auch

2049 1588 2153 1648 Von
2206 1572 2402 1632 einander
2429 1555 2704 1615 ledigerkeit
2742 1539 2835 1599 und
2874 1523 3056 1583 beydem

2048 1668 2221 1728 Boige
2254 1651 2458 1711 Eregheit
2490 1635 2712 1695 gesetzet.

2041 1859 2428 1919 Drembgacten
2494 1829 2686 1889 Paaton.
2736 1817 2817 1877 Auß
2865 1806 3059 1866 deselben
3075 1792 3236 1852 Schreiben

2073 1956 2180 2016 han
2207 1947 2233 2007 en
2274 1935 2463 1995 nenHern
2489 1918 2678 1978 ronann
2706 1906 2772 1966 wie
2813 1899 2894 1959 daß
2947 1890 3056 1950 Aina
3096 1880 3298 1940 Rutschiek

1847 1967 1954 2027 Rather
1968 1972 2062 2032 Laudl¬

2073 2043 2180 2103 Vor
2194 2033 2341 2093 Etwar
2382 2020 2489 2080 heit
2516 2010 2584 2070 bey
2636 1990 2879 2050 Stubishauß
2932 1970 3040 2030 fünet
3066 1962 3107 2022 10
3134 1958 3228 2018 oder

2071 2130 2122 2190 12
2139 2123 2244 2183 lochn
2280 2112 2368 2172 als
2402 2100 2558 2160 kndts
2577 2090 2611 2150 so
2645 2083 2699 2143 zu
2716 2074 2837 2134 sagen
2872 2061 2976 2121 auff
2996 2052 3047 2112 der
3081 2038 3239 2098 Faßen

1847 2089 1908 2149 bhte
1938 2084 1979 2144 bey
2010 2083 2050 2143 der

1877 2146 1972 2206 Büch.

2087 2205 2280 2265 darider
2310 2190 2462 2250 kommen,
2489 2179 2587 2239 auch
2628 2167 2726 2227 Eine
2753 2152 2907 2212 gerauw
2949 2134 3033 2194 zeit
3060 2118 3171 2178 mit

2081 2291 2171 2351 dem
2216 2285 2336 2345 Ohler
2380 2276 2456 2336 bey
2500 2266 2561 2326 der
2590 2238 3056 2298 Beügginschandtliches
3085 2202 3220 2262 Hurrch

2086 2375 2248 2435 gelebt
2277 2366 2425 2426 haben,
2441 2352 2633 2412 Woüber
2662 2332 2884 2392 MMHHer
2913 2316 2988 2376 hne
3017 2299 3315 2359 auffgetragen

2086 2459 2182 2519 haben
2203 2451 2398 2511 wollindt,
2430 2439 2494 2499 die
2528 2434 2560 2494 in
2592 2424 2721 2484 seinem
2775 2408 2915 2468 schriben
2926 2393 3130 2453 enhalten
3174 2379 3281 2439 umb

2073 2539 2271 2599 ständt
2297 2526 2377 2586 Ihm
2429 2512 2655 2572 fürderlich
2694 2501 2733 2561 zu
2761 2490 3040 2550 überschiben.

2089 2645 2106 2705 N
2176 2635 2246 2695 sie
2264 2626 2368 2686 soll
2402 2617 2509 2677 auff
2543 2605 2735 2665 Montag
2769 2589 3051 2649 Gotwecd.
