4032 3024
352 553 361 613 1

480 327 577 387 1839

473 514 587 574 Schori
615 489 730 549 Kauz.

467 589 665 649 Walthent
678 567 717 627 bat

490 1203 554 1263 ot
578 1186 730 1246 Nilaus

492 1282 633 1342 Schälig
661 1266 775 1326 backanu

519 1900 634 1960 Trogon
656 1903 750 1963 Seane

500 1982 614 2042 Rerre
635 1984 717 2044 tean

729 365 984 425 Ratelfung,
1017 328 1112 388 undt
1143 311 1351 371 Sedorff
1382 308 1511 368 sep.
1526 324 1735 384 damit¬

768 454 946 514 fermaben
992 427 1067 487 das
1096 403 1349 463 Consiotorial
1395 396 1619 456 geschäfft
1633 423 1754 483 zlichen

774 552 867 612 bent
914 530 1030 590 Schorn
1053 514 1147 574 Von
1204 496 1344 556 dame
1414 490 1507 550 weil
1566 497 1659 557 undt
1682 512 1752 572 Cate

769 628 994 688 Waltherdt
1034 604 1101 664 von
1140 582 1418 642 Radolfingg
1458 574 1551 634 seine
1577 585 1762 645 Endtschafe

765 712 950 772 gebune
998 688 1090 748 lol
1105 678 1183 738 min
1198 671 1323 731 gnädigen
1338 667 1463 727 Herren
1493 669 1586 729 hen
1601 681 1774 741 außge¬

757 805 884 865 tragen
912 785 1055 845 haben,
1083 765 1295 825 Wartheyn
1311 756 1424 816 auff
1452 754 1494 814 d.
1510 755 1551 815 15
1593 758 1651 818 diß
1692 764 1750 824 vor

753 891 975 951 Suehalten
1010 861 1300 921 zulaßen.

784 1059 1088 1119 Thorbergraf.
1100 1042 1148 1102 et
1185 1031 1477 1091 Bechingen
1536 1023 1658 1083 Sep.
1670 1020 1779 1080 Weitz

769 1155 943 1215 Nickauß
990 1142 1047 1202 Ot
1094 1135 1175 1195 Von
1245 1120 1628 1180 dieboltshausen
1686 1112 1802 1172 welher

780 1233 833 1293 die
876 1228 1059 1288 Barbara
1122 1216 1337 1276 Schärling
1380 1205 1465 1265 von
1508 1192 1765 1252 Wibertrheil

773 1308 1083 1368 geschwängeret,
1110 1296 1213 1356 undt
1239 1292 1304 1352 Eie
1342 1288 1382 1348 zu
1433 1279 1641 1339 Ehelichen
1654 1264 1810 1324 under¬

782 1399 1001 1459 zmaliger
1037 1381 1341 1441 Verkündung
1377 1367 1656 1427 ohngraht,
1668 1348 1804 1408 dissin¬

776 1483 967 1543 ncultirt:
992 1474 1088 1534 wolin
1111 1470 1172 1530 ein
1183 1467 1281 1527 gnädigen
1292 1465 1388 1525 Herren
1400 1461 1520 1521 Ihnen
1532 1449 1783 1509 auffgetrag

787 1566 920 1626 habe,
950 1561 1143 1621 Pfarthey
1187 1557 1277 1617 auff
1306 1553 1365 1613 dn.
1379 1549 1425 1609 15
1454 1543 1544 1603 diss
1573 1530 1663 1590 Vor
1677 1518 1736 1578 Sie

779 1651 909 1711 halten
936 1642 1209 1702 zulaßen.

762 1813 903 1873 Cesan
996 1816 1075 1876 Auß
1122 1818 1216 1878 Ihre
1247 1819 1435 1879 Procedad
1450 1814 1499 1874 siy
1561 1797 1779 1857 zuvenenn

782 1895 976 1955 gewesen,
989 1897 1055 1957 die
1081 1901 1172 1961 daß
1224 1904 1341 1964 Jeane
1381 1902 1524 1962 Froion
1601 1881 1705 1941 Ihre

803 1973 1020 2033 angehörige
1075 1980 1102 2040 so
1129 1982 1211 2042 wohl
1238 1984 1334 2044 Nod.
1347 1982 1441 2042 alßo
1470 1978 1537 2038 fin
1579 1970 1633 2030 der
1646 1956 1796 2016 geichte

786 2051 874 2111 seim
899 2053 1025 2113 Vatter
1050 2059 1139 2119 Ihrs
1164 2065 1215 2125 zur
1227 2068 1327 2128 wielt
1354 2072 1529 2132 gebohrn
1554 2062 1693 2122 kndt
1717 2038 1795 2098 er¬

798 2131 969 2191 nambst
996 2135 1050 2195 den
1076 2142 1302 2202 abliesenden
1328 2143 1567 2203 refligirten
1580 2116 1765 2176 Schloße

799 2201 1006 2261 nahmend
1022 2209 1095 2269 Jan
1141 2219 1275 2279 Bere
1319 2224 1527 2284 Etorieber
1556 2208 1646 2268 Mes
1750 2162 1811 2222 hrn

803 2275 912 2335 weilen
936 2278 1010 2338 Ihne
1034 2283 1119 2343 kein
1169 2292 1278 2352 bott
1304 2299 1511 2359 bezogen,
1535 2286 1621 2346 das
1646 2264 1744 2324 Nint

811 2338 897 2398 undt
926 2346 1041 2406 deßen
1057 2365 1373 2425 underhaltung,
1387 2371 1432 2431 so
1446 2367 1561 2427 lang
1591 2336 1807 2396 überlasen

820 2400 870 2460 biß
907 2407 959 2467 Sie
984 2417 1060 2477 Eine
1098 2435 1326 2495 geständig,
1351 2443 1529 2503 Wattte
1554 2426 1693 2486 desen
1719 2389 1821 2449 Vor¬

828 2471 896 2531 den
913 2481 1051 2541 Ruchte
1087 2500 1189 2560 selle
1206 2511 1310 2571 bede,
1327 2518 1431 2578 undt
1448 2517 1535 2577 soll
1569 2503 1639 2563 Sie
1656 2483 1723 2543 seun

835 2544 1010 2604 vegen
1037 2580 1340 2640 ghetenden

3088 227 3237 287 183f.

2039 361 2265 421 Villargel
2329 336 2394 396 Ir
2442 329 2505 389 e
2523 324 2636 384 Her
2652 322 2894 382 ingesenden
2910 322 3102 382 Proredud
3118 319 3215 379 habe

2075 437 2332 497 zuverstehen
2377 408 2606 468 gegeben,
2620 403 2721 463 was
2750 401 2922 461 maßen
2981 400 3080 460 Arte
3094 397 3252 457 Mectua

2053 550 2064 610 d
2097 517 2389 577 Harmanche,
2411 498 2444 558 so
2466 493 2556 553 wohl
2591 488 2657 548 der
2679 484 2780 544 Ehen,
2802 481 2881 541 alß
2927 474 3239 534 schwängerung

1808 499 2072 559 Atantans

2068 618 2171 678 halb
2195 599 2391 659 beklage
2461 581 2541 641 den
2588 570 2865 630 Kattellain
2899 562 3131 622 Mieville

1813 587 1982 647 ee

1849 634 2037 694 sen

2058 701 2143 761 Von
2167 674 2445 734 Villatzel,
2469 654 2639 714 welcher
2663 647 2760 707 aber
2795 643 2856 703 die
2892 638 3218 698 Ehranssprachen

2056 776 2267 836 gäntzlich
2295 749 2522 809 verneinet
2563 737 2690 797 auff
2719 733 2775 793 die
2804 726 3142 786 schwängerung
3169 718 3254 778 aber

2066 864 2178 924 beine
2201 839 2415 899 positive
2449 821 2664 881 antwort
2686 817 2788 877 geben
2810 814 2957 874 wollen,
2990 808 3182 868 hierüber

2057 936 2139 996 nun
2182 919 2317 979 werde
2369 905 2494 965 Ihnen
2556 892 2890 952 auffgetragen
2995 880 3067 940 Sie
3089 875 3140 935 im

2050 1021 2135 1081 der
2167 1001 2350 1061 genißt
2371 988 2456 1048 nach
2500 980 2574 1040 der
2628 970 2853 1030 Ordnung
2906 956 3206 1016 Examiniren

2058 1093 2335 1153 zulaßen,
2359 1071 2479 1131 undt
2491 1062 2636 1122 fahls
2673 1056 2732 1116 sie
2768 1051 2889 1111 auff
2914 1044 3009 1104 Ihne
3046 1032 3238 1092 beharre

2066 1180 2187 1240 undt
2222 1167 2266 1227 Er
2299 1159 2389 1219 das
2422 1150 2556 1210 kindt
2578 1144 2690 1204 nicht
2723 1139 2880 1199 anemmen
2902 1132 3036 1192 wurde
3102 1120 3236 1180 beyde

2059 1251 2098 1311 im
2137 1237 2427 1297 purgations,
2448 1223 2564 1283 Eydt
2583 1214 2700 1274 undt
2728 1207 2797 1267 der
2835 1197 3079 1257 wichtigkeit
3107 1187 3283 1247 deßelben

2065 1330 2156 1390 wohl
2190 1319 2304 1379 undt
2338 1303 2578 1363 grundtlich
2601 1278 2943 1338 underrichten,
2966 1264 3079 1324 undt
3103 1258 3263 1318 dieselben

2058 1401 2182 1461 Auff
2207 1391 2282 1451 ein
2332 1380 2456 1440 ihnen
2519 1366 2792 1426 ansetzenden
2818 1350 3216 1410 tagmitnötigen

2067 1488 2230 1548 bericht
2256 1477 2294 1537 so
2318 1470 2419 1530 wohl
2470 1460 2546 1520 Ihre
2584 1448 2898 1508 empfangenen
2925 1438 3088 1498 Eydts,
3100 1432 3316 1492 Iueten¬

2052 1582 2164 1642 ation
2239 1566 2327 1626 alß
2390 1552 2551 1612 habende
2577 1534 2852 1594 Limbdens
2877 1522 2939 1582 voe
2964 1518 3027 1578 Min
3039 1513 3139 1573 gnädigen
3151 1507 3276 1567 Herrn

2062 1668 2225 1728 halten
2254 1643 2551 1703 zulaßen,
2580 1623 2803 1683 Indeßen
2847 1610 2951 1670 aber
2982 1594 3203 1654 Wander

2045 1762 2231 1822 Sald,
2259 1746 2315 1806 die
2387 1731 2545 1791 lesten
2602 1713 2774 1773 schreiben
2802 1696 3088 1756 vernambsete
3116 1678 3275 1738 60h¬

2067 1840 2338 1900 zubeheuchn
2367 1826 2448 1886 wad
2488 1813 2734 1873 auffselben
2761 1802 2830 1862 fuß
2884 1794 2924 1854 zu
2937 1783 3250 1843 übermahen:

2056 2016 2173 2076 Lien
2261 2009 2393 2069 uberde
2422 2003 2496 2063 Min
2511 1997 2629 2057 gnädigen
2643 1989 2761 2049 Herren
2790 1977 3070 2037 berschibene
3099 1961 3289 2021 frag¬

1846 2121 1954 2181 Mand
1980 2115 2089 2175 Mann
2114 2110 2151 2170 er
2187 2105 2285 2165 Ihne
2346 2097 2420 2157 die
2444 2090 2566 2150 wegen
2590 2085 2652 2145 der
2701 2077 2859 2137 Mane
2896 2067 3092 2127 Renand
3128 2060 3313 2120 Verur¬

2056 2194 2228 2254 rsachete
2264 2181 2462 2241 Procedur
2486 2171 2595 2231 Koste
2645 2161 2744 2221 undt
2756 2148 3075 2208 außgesebletes
3100 2134 3199 2194 gelt

2089 2274 2138 2334 zu
2162 2266 2381 2326 vergueten
2443 2255 2552 2315 haben
2566 2249 2712 2309 solle,
2724 2240 2956 2300 wollindt
2994 2228 3213 2288 dieselben

2071 2361 2138 2421 Ihm
2190 2356 2216 2416 in
2256 2347 2480 2407 antwort
2521 2337 2745 2397 verdütet
2785 2329 2944 2389 haben,
2983 2322 3089 2382 fahl
3155 2312 3235 2372 die

2061 2440 2455 2500 Venandmittel
2482 2429 2604 2489 hätte
2672 2422 2916 2482 außselben
2931 2414 2997 2474 sie
3024 2407 3106 2467 sich
3119 2395 3283 2455 bezahlt

2077 2528 2236 2588 machen
2263 2511 2475 2571 kamnind.
