4032 3024
464 343 558 403 1045

705 419 887 479 Potken
923 392 1034 452 Prof.
1070 373 1179 433 Über
1196 358 1416 418 deßelben
1452 366 1617 426 scheiben
1634 391 1725 451 unde

739 501 931 561 beygelegrer
965 472 1156 532 Proredud
1172 456 1269 516 Oobon
1303 451 1510 511 Egselides
1544 467 1720 527 betrfent

445 575 571 635 Ael
613 547 655 607 b

717 602 863 662 Marie
889 575 1048 635 Ballet
1076 558 1155 618 Eine
1194 548 1327 608 ledige
1353 546 1540 606 Weibe,
1553 555 1686 615 Persoh

702 694 754 754 so
768 680 860 740 zuey
873 661 1016 721 Ehebäch
1043 641 1226 701 begangen,
1252 631 1331 691 oln
1357 629 1410 689 in
1423 630 1527 690 gnädige
1540 634 1645 694 Herrn
1657 640 1710 700 ihn

723 752 1122 812 freündtlichersucht
1146 726 1260 786 haben
1322 716 1422 776 gegen
1446 712 1497 772 die
1521 709 1685 769 Bhalet

728 851 810 911 nach
823 844 878 904 der
905 830 1094 890 Cordnung
1123 810 1354 870 proceditu,
1367 797 1476 857 undt
1502 794 1570 854 Sie
1599 794 1665 854 alß

732 937 827 997 thine
854 926 990 986 ledige
1057 910 1125 970 die
1152 900 1234 960 mit
1262 882 1655 942 Verheüwortheten

722 1018 889 1078 zuthun
905 1002 1054 1062 gehabt
1088 986 1320 1046 abstraffen
1336 964 1587 1024 zulaßen.

707 1197 1015 1257 Schaffausen
1058 1176 1221 1236 Consis:
1250 1169 1396 1229 Weilg
1411 1163 1646 1223 nunmehro
1675 1158 1747 1218 deo

476 1309 585 1369 huotes
609 1300 684 1360 dinne
720 1288 940 1348 Angehörge
978 1275 1113 1335 Anna
1149 1267 1284 1327 Hurter
1321 1261 1369 1321 den
1406 1253 1615 1313 Rudolff
1640 1244 1737 1304 Seiler

772 1372 846 1432 Von
877 1363 1076 1423 Lentzburg
1098 1355 1171 1415 nur
1202 1350 1266 1410 der
1286 1338 1602 1398 schwängerung
1622 1319 1717 1379 halb

476 1384 590 1444 Seiler
619 1375 753 1435 Rudl.

773 1451 936 1511 beklagt,
958 1445 1056 1505 Wan
1110 1439 1187 1499 der
1230 1428 1514 1488 Ehranstsrach
1547 1410 1645 1470 aber

473 1462 583 1522 Pfater
608 1450 741 1510 Courdt

738 1533 870 1593 Völlig
892 1525 1167 1585 abstrahiret,
1189 1520 1244 1580 So
1266 1515 1420 1575 hättend
1464 1497 1684 1557 Wirkein

742 1603 936 1663 bedenkens
958 1600 1163 1660 getragen,
1175 1598 1282 1658 selben
1293 1594 1390 1654 auff
1412 1591 1477 1651 dem
1531 1579 1617 1639 Von
1640 1561 1770 1621 Euch¬

752 1685 960 1745 angesetzen
974 1688 1167 1748 Rechtetag
1209 1688 1277 1748 vor
1320 1685 1402 1745 dero
1416 1679 1540 1739 lobt.
1556 1666 1748 1726 Tritenal

740 1771 934 1831 zueschein
972 1778 1168 1838 Citation
1206 1773 1374 1833 anlegen,
1400 1766 1438 1826 zu
1465 1757 1621 1817 laßen,
1646 1740 1736 1800 wann

753 1854 793 1914 Er
807 1855 876 1915 sich
890 1858 917 1918 in
959 1860 1042 1920 loro
1070 1862 1234 1922 Ltabili
1276 1856 1497 1916 auffhaltz
1537 1837 1621 1897 undt
1648 1819 1731 1879 nicht

768 1930 935 1990 heaummb
972 1931 1116 1991 Vagitn
1140 1934 1247 1994 thäte
1344 1931 1488 1991 deßen
1512 1914 1716 1974 ohngrecht

761 2005 854 2065 aber
877 2009 1063 2069 sindendt
1099 2016 1205 2076 Wir
1228 2018 1310 2078 das
1333 2015 1519 2075 Unserige
1578 1994 1695 2054 Ihne

761 2083 825 2143 zue
846 2084 1100 2144 Compantion
1154 2094 1429 2154 anzuhalten
1493 2089 1568 2149 bey
1609 2069 1781 2129 zutragn

756 2161 1059 2221 untermanglen
1141 2179 1224 2239 der
1239 2185 1375 2245 Vesten
1390 2185 1431 2245 zu
1473 2172 1693 2232 Versichte

768 2234 975 2294 gelebenden
1027 2244 1091 2304 daß
1130 2252 1208 2312 auch
1234 2263 1506 2323 Eünereseits
1557 2251 1635 2311 der

760 2317 1053 2377 ohngehorsamme
1079 2335 1231 2395 Conradt
1257 2343 1372 2403 Peter
1410 2341 1474 2401 zur
1512 2324 1677 2384 Endtlich

777 2391 1101 2451 begegungsinet
1118 2415 1352 2475 Ceptonls
1369 2418 1568 2478 handelsß
1603 2395 1711 2455 ohne

1803 731 2067 791 Mgeben

1804 839 1874 899 vn
1929 801 2071 861 elbein.

1819 1412 1893 1472 Vst
1922 1394 2040 1454 henoch

1827 1498 1891 1558 ege
1908 1485 2037 1545 bsanne

1839 1870 1974 1930 Pending
1993 1866 2041 1926 han

1838 1936 1913 1996 Bamm
1938 1931 2039 1991 Mavia

1846 2088 2007 2148 Gyueille.

1869 2401 1923 2461 der
1941 2408 2032 2468 Aus.

3075 229 3149 289 185
3171 232 3235 292 f.

2050 331 2209 391 verzug
2248 311 2328 371 vor
2341 302 2420 362 vaß
2459 296 2554 356 nach
2580 293 2712 353 seinem
2819 296 2951 356 selbst
2964 300 3203 360 gethawen

2053 415 2242 475 gellibet
2266 386 2481 446 angehaltn
2506 379 2606 439 werden
2619 379 2758 439 werde.
2795 379 3010 439 Wormit
3035 376 3086 436 etc.

2055 592 2316 652 Warkauff
2329 570 2590 630 widermaliges
2603 568 2810 628 erscheinen
2879 571 2948 631 der
2974 572 3139 632 Sisanne

2061 675 2281 735 Zuchberger,
2301 659 2402 719 welche
2432 653 2491 713 den
2552 647 2703 707 Anthon
2762 643 2903 703 lehmen
2964 639 3043 699 von
3073 633 3213 693 allhier

2080 771 2130 831 der
2143 752 2408 812 schwängerung
2433 737 2509 797 halb
2534 729 2749 789 beklaget,
2773 724 2811 784 Er
2837 721 2924 781 aber
2951 715 3064 775 solcher
3089 707 3254 767 Vrlaug¬

2048 861 2170 921 quet,
2182 845 2230 905 sie
2267 832 2365 892 dahin
2389 821 2534 881 geweisen
2584 814 2632 874 sich
2644 813 2681 873 in
2717 811 2779 871 der
2803 808 2936 868 genißet
2974 802 3046 862 nach
3070 797 3131 857 der

2065 923 2252 983 Ordnung
2289 902 2488 962 Examinin
2514 894 2701 954 huloße,
2713 892 2788 952 alß
2825 889 2900 949 biß
2925 886 2961 946 de
2975 885 3037 945 Min
3061 879 3162 939 gnädgen
3174 871 3236 931 Her

2060 1006 2171 1066 alleß
2212 982 2421 1042 verschoben

2035 1171 2072 1231 Men
2084 1167 2109 1227 me
2133 1160 2221 1220 nign
2233 1151 2333 1211 erre
2357 1143 2431 1203 duch
2470 1136 2580 1196 betrag
2631 1128 2705 1188 das
2729 1122 2929 1182 finkommen
2990 1117 3140 1177 schreiben

2042 1260 2134 1320 von
2190 1237 2385 1297 Bötztberg
2407 1220 2557 1280 sambt
2579 1214 2637 1274 dem
2704 1207 2888 1267 Origual
2921 1201 3105 1261 schreiben

2064 1327 2167 1387 Von
2212 1313 2473 1373 Buchsweilen
2587 1297 2802 1357 betrffende
2836 1285 2985 1345 Heinrich
3007 1274 3166 1334 hristend
3189 1263 3258 1323 Von

2080 1401 2273 1461 lischweiber
2296 1388 2489 1448 fermiende
2523 1377 2785 1437 Eheaußprach
2819 1369 2853 1429 an
2910 1365 2967 1425 die
2990 1357 3195 1417 Susanna

2097 1484 2214 1544 Meyer
2246 1477 2288 1537 ab
2309 1474 2373 1534 dem
2426 1467 2586 1527 botzbeg
2627 1458 2851 1518 zugesandt
2871 1448 2999 1508 worden,
3020 1437 3169 1497 damit

2077 1573 2178 1633 durch
2190 1566 2266 1626 dero
2278 1558 2428 1618 Cantzbey
2467 1551 2541 1611 nach
2580 1545 2680 1605 bucht
2705 1536 2806 1596 wieher
2830 1520 3119 1580 geantwortet

2095 1650 2223 1710 weden
2245 1633 2415 1693 könne.

2062 1799 2387 1859 Auffköufftigen
2413 1786 2582 1846 Mantag
2610 1778 2687 1838 soll
2713 1773 2766 1833 der
2792 1769 2883 1829 Hanß
2935 1756 3247 1816 Schuedimann

2069 1883 2176 1943 vndt
2202 1880 2364 1940 Maria
2405 1863 2700 1923 Gunfetirt
2728 1849 2877 1909 werte:

2059 2021 2141 2081 die
2155 2020 2265 2080 schreb
2305 2017 2402 2077 Bon
2484 2009 2677 2069 Ifethen
2704 1998 2953 2058 betrestendt
2980 1989 3022 2049 den
3049 1982 3159 2042 steit
3172 1974 3298 2034 süsch

2085 2104 2260 2164 diesigen
2342 2098 2666 2158 herschaffth.
2681 2090 2761 2150 undt
2788 2083 2925 2143 dasigen
2938 2075 3195 2135 CchorRicht

2078 2184 2340 2244 Circuliss.

2076 2321 2417 2381 Durchtinschiben
2431 2310 2503 2370 Ver
2531 2302 2701 2362 Langnau
2745 2295 2787 2355 ud
2816 2290 2858 2350 e
2874 2286 2958 2346 nien
2972 2279 3072 2339 Hen
3086 2269 3214 2329 Beicht

2081 2406 2228 2466 wiedaß
2261 2400 2319 2460 sich
2341 2396 2387 2456 der
2410 2391 2477 2451 Rud
2545 2384 2648 2444 harder
2670 2378 2727 2438 sich
2750 2373 2806 2433 mit
2830 2364 3010 2424 alldorten,
3021 2351 3146 2411 sonder
3181 2342 3214 2402 in

2060 2484 2235 2544 Kichhorn
2285 2471 2447 2531 Cppitil
2486 2462 2635 2522 mustens
2661 2457 2710 2517 sich
2735 2451 2936 2511 aufhaltz
2961 2445 3036 2505 undt
3048 2442 3085 2502 im
3123 2436 3260 2496 böttel

2088 2555 2374 2615 herumbstreife
