4032 3024
427 375 488 435 1b

676 415 755 475 Vbe
782 387 1011 447 dadenkommen
1051 364 1172 424 tcheiben
1226 355 1346 415 Vonl.
1359 353 1535 413 Landtvogt
1561 355 1588 415 zu

706 484 862 544 Wergen,
879 464 1066 524 betefteindt
1098 447 1160 507 das
1177 438 1318 498 gelett
1348 427 1506 487 Plrüschen
1521 424 1615 484 Hauß

423 604 684 664 Murathaß
721 565 913 625 Monprcht
930 547 1002 607 von
1019 527 1282 587 hochgebester
1317 511 1403 571 undt
1440 506 1563 566 Haufs
1580 506 1704 566 har¬

742 642 912 702 begeholl
936 626 1093 686 erwartet
1119 609 1227 669 werden,
1239 599 1288 659 biß
1324 591 1372 651 der
1398 576 1615 636 Schweberger

427 679 612 739 Shaeckencher
624 656 724 716 Hanft¬

711 727 777 787 zum
815 713 999 773 Intericirtz
1024 695 1168 755 Reconr
1181 680 1259 740 über
1285 669 1350 729 deß
1390 658 1454 718 H.
1469 644 1676 704 Ambtmann

709 800 836 860 geche
857 777 984 837 alich
1027 760 1155 820 ode.

811 921 1023 981 Mritags
1042 897 1094 957 den
1113 890 1184 950 8t.
1218 882 1308 942 ebr.
1325 880 1540 940 17335.

1066 986 1220 1046 Ftrases

886 1093 1071 1153 Mendge
1085 1081 1131 1141 e
1208 1073 1239 1133 e
1330 1066 1424 1126 er.

1034 1170 1262 1230 Assessores

996 1243 1350 1303 Mengderer.

753 1393 841 1453 Vord
876 1390 930 1450 H.
947 1387 1055 1447 Jobren
1089 1381 1214 1441 Ulrich
1249 1375 1391 1435 Greiff
1426 1372 1480 1432 von
1514 1372 1657 1432 allher
1674 1372 1745 1432 mit

457 1436 555 1496 Graff
567 1430 621 1490 Joh.
632 1426 730 1486 Ulleis

735 1483 955 1543 Margartha
1006 1472 1161 1532 Eschanh
1201 1466 1264 1526 von
1290 1462 1433 1522 Weyl
1484 1457 1588 1517 under
1613 1456 1730 1516 Vorber

466 1540 607 1600 Jhach
625 1532 732 1592 Mrg.

749 1573 844 1633 hallt
867 1570 904 1630 1.
927 1565 1035 1625 mahl
1070 1557 1332 1617 verkundung
1367 1551 1404 1611 zu
1439 1546 1582 1606 Weyll
1618 1542 1750 1602 kirchen

742 1657 841 1717 recht
853 1653 890 1713 zu
928 1649 1052 1709 hallten
1078 1645 1301 1705 bewilliget
1352 1642 1475 1702 deßen
1501 1640 1637 1700 Advis
1650 1636 1700 1696 am

730 1737 882 1797 Mehide
908 1731 963 1791 der
992 1727 1142 1787 BJurger
1170 1721 1364 1781 Cammer.

747 1853 1005 1913 Grembgarten
1019 1849 1134 1909 Cons.
1148 1843 1321 1903 Weillen
1335 1837 1436 1897 Ainna
1464 1827 1694 1887 Rüefsehies

754 1936 806 1996 Me
846 1936 927 1996 edge
940 1934 1113 1994 ereben,
1126 1933 1165 1993 ob
1193 1931 1312 1991 häte
1327 1929 1379 1989 sie
1406 1927 1487 1987 ihre
1513 1919 1767 1979 schwanger¬

471 1940 637 2000 Rätsedir
660 1940 733 2000 Ana¬

761 2021 883 2081 schafft
921 2021 996 2081 und
1020 2021 1082 2081 daß
1118 2023 1255 2083 samiel
1291 2022 1514 2082 Aschbacher
1540 2016 1600 2076 der
1626 2009 1725 2069 Ohter

465 2045 619 2105 Ohbacker
647 2044 760 2104 Keichl.

767 2103 817 2163 bey
856 2101 919 2161 der
945 2101 1071 2161 Srub
1096 2102 1198 2162 seren
1237 2104 1376 2164 urhaben
1414 2098 1528 2158 seye,
1553 2088 1655 2148 Ihren
1681 2069 1758 2129 H.

738 2196 857 2256 Pend.
870 2188 1027 2248 eröftet
1066 2188 1172 2248 imn
1184 2189 1290 2249 gnädigen
1303 2191 1408 2251 Heren
1421 2189 1460 2249 ien
1486 2185 1644 2245 ansinnen
1658 2170 1775 2230 bollen

876 2242 886 2302 4

927 2246 1013 2306 sacher

760 2282 881 2342 salben
898 2284 974 2344 auf
1004 2287 1157 2347 denstag
1188 2291 1309 2351 nechs
1324 2289 1508 2349 künftig
1538 2281 1584 2341 den
1599 2273 1676 2333 1t.
1690 2263 1737 2323 diß

780 2371 884 2431 alhar
914 2373 945 2433 zu
989 2381 1124 2441 hallten
1153 2387 1228 2447 und
1257 2393 1437 2453 zugleich
1468 2388 1616 2448 bericht,
1630 2375 1691 2435 zu
1705 2362 1766 2422 laß

785 2455 860 2515 baß
889 2460 979 2520 sein
993 2466 1068 2526 Htr
1083 2473 1201 2533 Pfrid.
1218 2478 1276 2538 Ich
1293 2481 1411 2541 dorths
1426 2479 1471 2539 ein
1501 2469 1694 2529 Wießdesen
1709 2440 1798 2500 nicht

3068 237 3219 297 187f.

2058 325 2157 385 Werd
2179 311 2278 371 mrr
2300 301 2554 361 Gemannen
2587 302 2752 362 Gottlieb
2785 306 2940 366 kommet
2972 310 3038 370 von
3061 312 3192 372 allhier

2058 416 2137 476 mit
2171 400 2273 460 Frl.
2295 387 2432 447 Maria
2487 373 2748 433 Glantzman
2828 370 3020 430 gebohrnen
3054 370 3224 430 Aumes

1792 417 1855 477 der
1897 372 2065 432 pasimn

1808 567 1848 627 vo
1890 516 2199 576 einstinkirchen
2219 483 2322 543 nicht
2342 474 2385 534 zu
2425 465 2571 525 halten
2591 455 2817 515 bekollget

2052 632 2191 692 Könit
2232 611 2330 671 Cons.
2343 599 2484 659 Hanß
2525 584 2831 644 Schwendiman
2901 576 2970 636 von
2997 571 3206 631 Riedtburg

2070 721 2152 781 habe
2163 709 2222 769 sich
2256 698 2290 758 ve
2314 691 2360 751 in
2372 681 2476 741 gnädigen
2489 673 2570 733 Herre
2581 661 2860 721 erläuteret,
2883 655 2941 715 die
2975 653 3115 713 Maria
3138 653 3267 713 Grin¬

1797 715 1996 775 Sendinam

2056 809 2140 869 von
2168 795 2280 855 Mooß
2336 774 2504 834 Sedorff
2532 747 2855 807 geschwängeret
2883 733 2968 793 und
2996 730 3220 790 selbigeren

1801 806 1846 866 he

2046 902 2127 962 hie
2143 887 2226 947 ehr
2259 862 2506 922 versprochen
2538 847 2572 907 zu
2621 837 2769 897 haben,
2801 829 2917 889 jahre
2951 823 3099 883 Mehts
3115 821 3180 881 sie

1802 884 1896 944 prn
1927 853 2038 913 Maria

2068 973 2188 1033 feyde
2241 958 2309 1018 als
2348 944 2495 1004 ehelich
2536 925 2763 985 zusahmen
2790 911 2976 971 bekent,
3004 907 3083 967 ihne
3124 907 3203 967 aber

2051 1060 2258 1120 zumahle
2287 1045 2333 1105 er
2377 1035 2437 1095 2.
2466 1024 2599 1084 Weits
2613 1010 2835 1070 persohnen
2866 999 2939 1059 faß
2970 993 3059 1053 auf
3074 988 3222 1048 gleiche

2036 1162 2164 1222 zuith
2203 1120 2594 1180 geschrängeret,
2612 1099 2651 1159 16
2706 1090 2782 1150 Tag
2800 1085 2910 1145 leug
2931 1079 2986 1139 in
3005 1076 3060 1136 de
3080 1071 3230 1131 Greg.

2045 1223 2436 1283 gefungenschaft
2458 1196 2714 1256 setzelicßen

2057 1377 2252 1437 Sedef
2327 1361 2376 1421 de
2451 1346 2622 1406 tle
2650 1330 2773 1390 beg
2821 1319 2869 1379 er
2920 1311 2993 1371 bis
3044 1298 3243 1358 edih

2064 1467 2151 1527 ver
2219 1454 2284 1514 ste
2327 1440 2503 1500 lhigen
2546 1421 2701 1481 welche
2747 1405 2899 1465 Erich
2923 1394 3142 1454 krättiget
3164 1390 3254 1450 son¬

1822 1458 1911 1518 Gergs
1939 1445 2044 1505 idlo

2056 1552 2271 1612 Schepfen
2301 1535 2358 1595 vor
2415 1522 2517 1582 in-
2547 1511 2646 1571 und
2677 1503 2762 1563 nach
2776 1498 2835 1558 der
2863 1491 3036 1551 garißt
3052 1488 3123 1548 zum
3166 1487 3281 1547 Vatter

1831 1562 1952 1622 Vager
1982 1553 2043 1613 Es

2068 1647 2155 1707 ihres
2193 1630 2359 1690 vindts
2397 1607 2664 1667 ernamset,
2676 1594 2789 1654 diese
2816 1586 2916 1646 klag
2941 1577 3171 1637 vermeinet

1829 1633 1934 1693 hath.

2057 1737 2154 1797 Gbed
2165 1729 2229 1789 Mein
2239 1722 2326 1782 gnädigen
2337 1715 2423 1775 Herren
2434 1709 2478 1769 sie
2520 1699 2693 1759 ansinen
2714 1689 2854 1749 wollen
2898 1681 2930 1741 zu
2973 1673 3275 1733 veranstallten

2054 1837 2131 1897 daß
2180 1823 2226 1883 sie
2258 1803 2555 1863 widerseiths
2588 1785 2634 1845 im
2665 1773 2917 1833 pargations
2933 1763 3027 1823 eyd
3058 1759 3137 1819 und
3152 1756 3214 1816 des

2072 1915 2354 1975 wichtigkeit
2378 1890 2586 1950 deßelben
2610 1876 2709 1936 wohl
2733 1867 2806 1927 und
2843 1856 3063 1916 gründtlich
3088 1846 3273 1906 unders¬

2082 2013 2259 2073 bieten,
2273 1995 2506 2055 nachbeets
2547 1978 2630 2038 auf
2657 1968 2780 2028 einen
2807 1959 2931 2019 Ihnen
2958 1949 3191 2009 ansezenden
3218 1947 3272 2007 Tag

2078 2113 2164 2173 har
2189 2100 2376 2160 gehalten
2388 2090 2425 2150 un
2450 2084 2501 2144 in
2513 2075 2613 2135 gnädigen
2625 2067 2711 2127 Herrn
2723 2062 2748 2122 so
2774 2056 2860 2116 wohl
2872 2050 2972 2110 ihrer
2997 2039 3295 2099 empfangenen

2090 2205 2211 2265 eydts
2237 2190 2491 2250 Instracton
2546 2171 2612 2231 als
2640 2159 2827 2219 habenden
2842 2143 3028 2203 Rumbden
3042 2134 3243 2194 befichtet

2076 2288 2319 2348 berdient.
