4032 3024
437 351 538 411 188f

678 374 1012 434 Hangen.
1042 343 1157 403 Praf.
1171 333 1390 393 Nachdene
1434 342 1681 402 Recarrende

670 475 705 535 Men
728 468 752 528 en
775 460 858 520 negen
869 448 963 508 erren
986 432 1162 492 eanget
1198 420 1269 480 das
1292 412 1621 472 wottgeschäfft

703 545 867 605 Mönschen
890 526 985 586 Hanß
1020 506 1290 566 Schneeberger
1314 498 1384 558 dem
1443 497 1654 557 Grichtsäß

727 633 751 693 zu
799 613 1041 673 Bollodinge,
1065 591 1150 651 undt
1186 579 1282 639 Hanß
1332 572 1585 632 Mumpont
1608 583 1669 643 den

418 647 604 707 Shnelberger
626 631 690 691 Haus

734 702 990 762 Brichtsessen
1033 680 1075 740 zu
1118 655 1530 715 Herzogenbuchsten,
1558 647 1602 707 da
1630 650 1687 710 der

410 728 576 788 Munpaer
619 713 688 773 Hanß

706 795 823 855 festen
865 782 951 842 1000
973 775 984 835 g
1026 767 1080 827 des
1101 755 1219 815 ander
1273 741 1380 801 aber
1412 734 1476 794 Ein
1518 733 1690 793 waagen

710 869 870 929 dargegen
890 852 1100 912 gewettet,
1119 832 1299 892 worüber
1338 821 1408 881 von
1449 815 1509 875 dem
1558 815 1698 875 lvogt

700 959 747 1019 den
759 954 819 1014 29.
831 944 950 1004 Novb.
974 925 1213 985 geurtheilet,
1224 910 1308 970 undt
1344 902 1428 962 von
1463 898 1523 958 dem
1582 898 1727 958 Schwe¬

736 1034 855 1094 beyger
875 1023 965 1083 vomne
984 1013 1063 1073 nädigen
1073 1004 1152 1064 Hrren
1162 994 1311 1054 recirirt
1340 983 1539 1043 worden:
1559 980 1697 1040 habende

708 1116 861 1176 dieselben
873 1104 898 1164 in
925 1091 1155 1151 erdauterung
1180 1080 1230 1140 der
1256 1065 1600 1125 außgefellten

696 1187 852 1247 Urtheil
898 1174 972 1234 auch
990 1171 1018 1231 in
1045 1163 1238 1223 Erwegung
1276 1154 1341 1214 der
1377 1140 1654 1200 ohngleichheit

712 1279 775 1339 deß
827 1262 1006 1322 Gebetts
1031 1251 1069 1311 in
1096 1238 1364 1298 Abhinderung
1403 1219 1620 1279 derselben

724 1351 860 1411 hiemit
882 1345 916 1405 zu
951 1335 1236 1395 rechterkent,
1258 1325 1327 1385 daß
1372 1320 1428 1380 der
1452 1309 1622 1369 waagen

714 1436 802 1496 solle
822 1425 1018 1485 Confisiert
1057 1414 1214 1474 bleiben,
1244 1406 1303 1466 der
1332 1392 1607 1452 Schneberger

714 1519 760 1579 30
794 1513 852 1573 d.
875 1500 1164 1560 bußerlegen,
1187 1489 1232 1549 da
1279 1483 1348 1543 der
1372 1472 1498 1532 Einten
1521 1458 1625 1518 theil

711 1588 851 1648 NgH.
885 1585 939 1645 der
972 1579 1090 1639 andere
1124 1571 1210 1631 Unß
1265 1562 1329 1622 der
1363 1550 1526 1610 Bitte
1568 1539 1644 1599 dem

722 1668 774 1728 Herr
794 1660 1024 1720 landtvogten
1034 1650 1254 1710 heimbdien
1264 1641 1368 1701 soll:
1390 1632 1505 1692 Welch
1536 1617 1682 1677 Unserr

739 1744 966 1804 Erkantnuß
1010 1740 1068 1800 der
1101 1731 1361 1791 Schneberger
1385 1716 1464 1776 nach
1487 1697 1657 1757 zukommen

732 1820 986 1880 versprochen,
1010 1817 1144 1877 deßen
1168 1810 1351 1870 derselben
1411 1791 1581 1851 hiemit
1605 1774 1739 1834 bericht

727 1895 848 1955 werde,
857 1895 932 1955 mit
951 1894 1100 1954 gesumen
1138 1892 1185 1952 de
1213 1887 1344 1947 Waagen
1372 1874 1605 1934 nunmehro
1633 1852 1737 1912 Vor¬

721 1972 880 2032 silben,
891 1970 960 2030 und
969 1968 1020 2028 das
1030 1965 1159 2025 dittel
1199 1957 1269 2017 von
1299 1951 1388 2011 allen
1418 1937 1667 1997 übermachen

732 2044 976 2104 zulaßen:

718 2182 880 2242 langte
919 2188 1106 2248 folgender
1130 2189 1244 2249 Gedul
1268 2187 1355 2247 Ein.
1381 2178 1568 2238 Weilen
1607 2162 1682 2222 H.

441 2269 549 2329 Seiger
562 2263 603 2323 h.
618 2261 726 2321 hideing
739 2262 862 2322 Steiger
903 2265 985 2325 Von
1012 2269 1257 2329 Kongfelden
1297 2266 1420 2326 Euler
1461 2246 1678 2306 Mohlweshe

750 2332 896 2392 abtheil
922 2336 1014 2396 kein
1040 2345 1225 2405 genüegen
1252 2352 1450 2412 geleßet,
1463 2340 1609 2400 sondern
1622 2310 1742 2370 sos¬

745 2407 823 2467 noch
853 2418 1116 2478 fhrauwefeldt
1147 2430 1287 2490 begeben
1302 2433 1395 2493 haben
1410 2429 1534 2489 soll,
1581 2412 1659 2472 Alß

1799 993 1938 1053 sictes
1973 969 2044 1029 aon

1802 1105 1818 1165 1
1864 1081 1957 1141 Gfar

1818 1488 2037 1548 Sundestz

1828 1734 2034 1794 bigeschrat¬

1834 1996 1908 2056 Melh
1933 2004 2019 2064 Jacb

1828 2250 1960 2310 Weiler
1971 2261 2067 2321 Hei¬

1873 2302 1915 2362 ich

1859 2377 1954 2437 titne
1973 2383 2069 2443 Mar¬

3089 207 3167 267 189

2059 297 2218 357 habendt
2234 273 2344 333 Iheln
2360 263 2518 323 dortigen
2567 262 2646 322 H.
2677 272 2946 332 Ambtsmann
2979 289 3233 349 aubfahlen,

2047 400 2099 460 den
2127 384 2153 444 H
2220 357 2448 417 Seigernahen
2580 348 2728 408 egHen
2741 350 2768 410 zu
2795 355 3035 415 Insinuusen,
3048 358 3129 418 daß

2048 478 2157 538 Gradt
2170 464 2255 524 nach
2267 457 2291 517 em
2316 450 2438 510 pfang
2475 444 2559 504 dieses
2585 440 2791 500 schiebens,
2817 437 2901 497 undt
2927 434 3023 494 Ihme
3061 424 3243 484 erffneten

2026 559 2232 619 Inhalts
2261 544 2288 604 Er
2315 538 2371 598 sich
2385 532 2523 592 allhat
2564 526 2744 586 begeben
2771 523 2909 583 thüe,
2936 520 3020 580 umb
3047 516 3185 576 Eüner

2005 658 2216 718 Me
2275 630 2352 690 att
2392 619 2430 679 e
2470 611 2547 671 han

2021 821 2094 881 Es
2137 807 2225 867 habe
2270 792 2373 852 war
2402 781 2535 841 Anna
2592 767 2827 827 Bräffüehl
2872 755 3136 815 bewilligung

2053 897 2217 957 Vegehrt
2240 882 2299 942 sich
2333 865 2616 925 anderwertig
2662 849 2956 909 zuverfhrlichen
3003 842 3144 902 weilen

2088 988 2113 1048 er
2138 975 2344 1035 Ehemann
2434 957 2626 1017 Hoßpar
2653 949 2755 1009 Utz
2780 943 2857 1003 von
2882 932 3191 992 Sumißwaldt

2053 1070 2129 1130 dem
2188 1049 2381 1109 verlaut
2410 1036 2507 1096 nach
2535 1030 2613 1090 todt
2642 1024 2719 1084 sein
2758 1018 2883 1078 soll,
2913 1011 2999 1071 weil
3037 1005 3144 1065 aber

2052 1147 2199 1207 solches
2221 1129 2356 1189 annoch
2390 1113 2672 1173 ohngewüß,
2706 1102 2785 1162 alß
2830 1093 2932 1153 solle
2966 1085 3010 1145 zu
3045 1073 3159 1133 vor¬

2058 1230 2135 1290 den
2160 1216 2264 1276 todt
2303 1199 2471 1259 beliesen,
2496 1189 2587 1249 undt
2625 1183 2689 1243 biß
2742 1176 2884 1236 dahin
2922 1169 3026 1229 Vhre
3051 1164 3231 1224 begehrens

2052 1296 2274 1356 abgewesen
2290 1276 2359 1336 sein

2070 1472 2156 1532 ato
2215 1446 2434 1506 Grunder
2463 1434 2534 1494 ist
2565 1428 2667 1488 dahin
2696 1422 2884 1482 gewisen,
2915 1418 2972 1478 Iho
3001 1411 3265 1471 Eheverlabtzn

2071 1550 2116 1610 Am
2173 1531 2363 1591 dorftag
2392 1518 2481 1578 mit
2495 1511 2583 1571 sich
2611 1507 2641 1567 zu
2684 1502 2903 1562 bangen.

2046 1693 2125 1753 Ist
2157 1681 2222 1741 der
2253 1667 2413 1727 Geiger
2446 1648 2750 1708 Frantzsambt
2765 1636 2894 1696 seinem
2957 1629 3053 1689 Sohn
3085 1625 3197 1685 laut

2062 1762 2293 1822 Erkantnuß
2346 1744 2550 1804 zuyzmahl
2592 1731 2796 1791 Utstundt
2823 1720 3026 1780 hinninder
3053 1705 3216 1765 gesetzet

2069 1835 2194 1895 worden

2072 1945 2233 2005 Want
2262 1930 2363 1990 Jacob
2394 1918 2584 1978 Wekel.
2598 1901 2802 1961 Legnseines
2846 1890 2889 1950 Ao
2920 1883 3007 1943 1730
3021 1873 3225 1933 begangen

2069 2029 2201 2089 fahler
2251 2017 2335 2077 zur
2351 2001 2601 2061 abbießung
2617 1981 2802 2041 gehalten.

2051 2178 2177 2238 durch
2200 2168 2258 2228 Ein
2292 2160 2417 2220 Schribz
2453 2151 2532 2211 von
2601 2141 2727 2201 Fürch
2750 2133 2808 2193 und
2830 2128 2888 2188 Mein
2900 2123 2992 2183 gnädigen
3003 2117 3095 2177 Herrn
3118 2106 3266 2166 berichtet

2074 2262 2139 2322 sie
2172 2252 2249 2312 daß
2292 2242 2358 2302 der
2391 2232 2544 2292 Heinrich
2577 2217 2829 2277 Meutwieler
2861 2204 2894 2264 so
2928 2200 2971 2260 der
3003 2190 3135 2250 Anna

2069 2335 2213 2395 Maria
2258 2320 2392 2380 Strahl
2437 2308 2492 2368 von
2516 2297 2694 2357 Oberburg
2738 2286 2794 2346 die
2828 2274 3141 2334 Eheversprochen

2077 2412 2155 2472 und
2202 2393 2508 2453 geschwängert,
2531 2378 2564 2438 in
2588 2371 2690 2431 seinen
2713 2357 2997 2417 heirmathnicht
3030 2343 3304 2403 anzutroffen,

2078 2498 2154 2558 undt
2181 2489 2271 2549 daß
2298 2479 2387 2539 seine
2427 2466 2568 2526 Mutter
2594 2455 2646 2515 Ein
2672 2444 2853 2504 blutarin
2892 2433 3033 2493 Wetsch
3046 2429 3137 2489 seyn
