4032 3024
711 355 917 415 Sullens.
933 328 998 388 In
1045 309 1126 369 bas
1157 298 1220 358 sür
1254 290 1364 350 fürem
1444 295 1667 355 beständig

444 337 534 397 1109

719 444 793 504 undt
805 427 1002 487 hogerlichen
1026 397 1211 457 ohngeacht
1236 374 1507 434 angewandter
1557 380 1706 440 viel¬

701 527 868 587 sbeltizo
900 493 1129 553 Vermehnung
1161 470 1268 530 undt
1283 458 1527 518 bestraffung
1559 463 1711 523 Ehesteit

748 618 797 678 he
849 600 925 660 eg
974 578 1102 638 tal
1151 561 1202 621 ba
1254 546 1431 606 ertindt
1480 536 1532 596 in
1556 536 1685 596 halts

430 644 587 704 Sanit
626 621 726 681 alel

740 684 893 744 herne
936 654 1156 714 homitten
1178 632 1309 692 läbe,
1331 623 1395 683 des
1419 610 1637 670 habenden

444 712 611 772 Cuemiton
625 692 714 752 Sabaer

710 770 816 830 Mell
864 751 924 811 auß
970 734 1063 794 Ihre
1094 718 1217 778 scheiten
1232 709 1278 769 zu
1310 698 1479 758 Bewen
1510 688 1664 748 gehabte

717 847 904 907 Weube
936 830 997 890 die
1015 818 1108 878 selbe
1138 807 1186 867 sie
1201 794 1373 854 ansinen
1388 783 1544 843 wollen,
1575 783 1683 843 fahls

712 930 818 990 dieser
865 911 1126 971 früthigerhin
1138 895 1173 955 in
1210 883 1339 943 diesem
1434 866 1694 926 anstößigen

734 1003 824 1063 läben
846 997 1017 1057 fortfahr
1062 979 1232 1039 wurden,
1254 965 1379 1025 selber
1424 956 1457 1016 zu
1504 952 1741 1012 gebührenden

719 1084 976 1144 bestaftung
1012 1067 1161 1127 füwen
1197 1052 1437 1112 vorgesetzt
1455 1041 1529 1101 H.
1565 1032 1733 1092 Ambt¬

723 1171 829 1231 man
872 1160 904 1220 zu
935 1154 1190 1214 verleiden:

706 1318 896 1378 Ariet.
912 1312 993 1372 Auß
1040 1309 1104 1369 Ihr
1120 1306 1360 1366 eingesendter
1391 1298 1582 1358 Ptocedus
1597 1285 1725 1345 habent

721 1402 904 1462 Mngdge
916 1394 1038 1454 ernigr
1062 1388 1330 1448 opspositionen,
1342 1384 1380 1444 so
1404 1381 1465 1441 die
1477 1378 1563 1438 ferr
1599 1368 1746 1428 haubt¬

755 1478 850 1538 nani
881 1477 999 1537 failler
1030 1475 1136 1535 Lider
1168 1474 1231 1534 Ihre
1263 1471 1348 1531 Sohn
1400 1464 1613 1524 Strancis
1634 1450 1729 1510 Sant

451 1520 549 1580 Cailles
569 1517 687 1577 Francis
698 1518 748 1578 Pu¬

739 1551 839 1611 Lauis
861 1553 971 1613 Cailler
1003 1555 1083 1615 mit
1114 1553 1246 1613 Marie
1297 1544 1510 1604 Perilliat
1551 1526 1724 1586 vorhobet

449 1603 588 1663 Perilliat
616 1595 719 1655 Marii

731 1642 798 1702 ehr,
820 1637 844 1697 so
866 1632 1012 1692 wüklich
1046 1628 1250 1688 verkündet
1272 1626 1420 1686 worden,
1442 1616 1600 1676 führet,
1624 1592 1737 1652 zu¬

730 1711 886 1771 versechen
913 1711 1056 1771 gehabt,
1082 1710 1188 1770 fahlt
1214 1707 1265 1767 die
1280 1704 1357 1764 fel.
1384 1695 1514 1755 Saller
1527 1687 1553 1747 in
1580 1676 1672 1736 Ihre

735 1784 960 1844 leigerungs
1001 1789 1155 1849 geynden
1212 1782 1436 1842 fortfahen
1450 1769 1575 1829 thäte,
1605 1753 1702 1813 selbe

723 1861 858 1921 sambt
871 1869 924 1929 das
939 1875 1155 1935 Pfartheyn,
1168 1873 1208 1933 so
1236 1871 1275 1931 Es
1303 1867 1356 1927 der
1384 1852 1572 1912 Aecilliat
1600 1826 1694 1886 leber

741 1945 852 2005 halbe
866 1956 1031 2016 müglich,
1059 1960 1156 2020 Aahst
1183 1954 1349 2014 tagnach
1378 1942 1446 2002 dem
1489 1915 1696 1975 Näthohr

731 2033 972 2093 harzuhaltz:
1001 2039 1100 2099 shüner
1115 2038 1244 2098 Ente¬

753 2156 848 2216 Fürs
861 2158 969 2218 ander
1011 2164 1119 2224 dann
1201 2168 1337 2228 habind
1364 2157 1675 2217 dieselbersehen,
1690 2120 1757 2180 wie

786 2237 841 2297 daß
886 2237 942 2297 die
965 2241 1154 2301 Etisabeth
1189 2246 1301 2306 Teoran
1345 2245 1401 2305 Ihr
1446 2230 1671 2290 angehörige
1704 2199 1737 2259 in

436 2267 552 2327 Pera
596 2263 756 2323 Eliraten

805 2318 886 2378 Ihre
900 2320 1052 2380 geißt
1092 2324 1160 2384 zum
1189 2327 1312 2387 Vatter
1353 2329 1420 2389 Ihre
1449 2322 1586 2382 Kindts
1613 2300 1806 2360 ernaub¬

444 2330 670 2390 Lambotteaua
690 2332 780 2392 Nioler

759 2401 831 2461 set
873 2403 1045 2463 Niolab
1073 2411 1375 2471 Lambottenur,
1389 2413 1417 2473 so
1433 2409 1489 2469 sie
1503 2404 1561 2464 hn
1605 2382 1747 2442 Sreiffe

755 2474 1039 2534 geschlwangert
1055 2484 1105 2544 hab
1138 2490 1238 2550 oll,
1255 2494 1355 2554 weiln
1372 2490 1473 2550 aber
1505 2466 1721 2526 dieselben

3079 208 3193 268 1918

2029 287 2142 347 dieser
2167 267 2370 327 Klaghalb
2395 260 2432 320 bey
2458 258 2546 318 bott
2571 258 2760 318 bezogen,
2772 260 2836 320 alß
2861 261 2961 321 solle
2988 262 3076 322 Ihra
3101 259 3228 319 dar¬

2022 381 2164 441 Shindt
2193 360 2321 420 samht
2349 350 2478 410 deßen
2520 346 2733 406 erhahtung
2746 346 2790 406 so
2804 347 3188 407 langüberlaßen

2042 463 2116 523 sein
2155 452 2192 512 biß
2229 444 2268 504 Er
2292 437 2367 497 Eun
2405 429 2644 489 geständigen
2668 425 2806 485 Vatter
2831 424 2931 484 deßen
2956 422 3032 482 vor
3069 421 3133 481 dem

2028 547 2167 607 Richter
2193 534 2307 594 stellen
2332 524 2460 584 werde,
2472 516 2562 576 mit
2575 511 2638 571 hin
2663 507 2741 567 aber
2778 502 2957 562 verdindt
2982 499 3034 559 Sie
3059 497 3160 557 auff

2019 634 2113 694 Ihne
2154 610 2465 670 Lambotteaur
2519 596 2628 656 wohl
2668 589 2790 649 achten
2803 582 2954 642 laßen.

2020 796 2163 856 dir
2210 782 2433 842 Richters.
2449 772 2529 832 Alß
2576 764 2766 824 underen
2831 755 2894 815 22
2925 751 3021 811 Aug.
3052 746 3195 806 besthin

2034 891 2108 951 deß
2149 869 2382 929 allhiesigen
2403 848 2762 908 Ballenmeisters
2794 838 2973 898 Samuel
3015 834 3183 894 Dubuis

2053 963 2299 1023 Ehefrauts
2326 945 2421 1005 Vor
2449 938 2530 998 Unß
2557 929 2803 989 erschinnen,
2817 923 2913 983 undt
2939 919 2995 979 sich
3022 912 3212 972 erklaget

2070 1056 2282 1116 bemelter
2309 1037 2376 1097 Ihr
2415 1027 2628 1087 Ehemann
2695 1018 2827 1078 ziehe
2855 1013 2962 1073 Eine
3001 1006 3133 1066 Webe
3146 995 3268 1055 zer¬

2063 1145 2154 1205 sohn
2198 1131 2289 1191 nach
2322 1119 2537 1179 nahmens
2571 1108 2830 1168 Francoise,
2852 1095 3090 1155 Gauthied,
3101 1079 3214 1139 welche

1812 1268 1913 1328 Wis
1944 1245 2061 1305 samal
2090 1228 2148 1288 sich
2179 1212 2426 1272 dermahlen
2457 1202 2486 1262 zu
2515 1193 2750 1253 Uberstorff
2779 1181 3013 1241 aufhalten
3057 1165 3145 1225 soll

2080 1303 2198 1363 undt
2209 1295 2273 1355 sich
2294 1284 2542 1344 schwangern
2576 1275 2684 1335 leibs
2726 1265 2932 1325 befinde,
2974 1249 3125 1309 habend

1815 1339 1921 1399 pultios
1943 1323 2061 1383 francog

2056 1393 2166 1453 Mit
2193 1380 2234 1440 zu
2275 1365 2509 1425 Entderung
2550 1355 2606 1415 der
2633 1350 2811 1410 warheit
2839 1345 2908 1405 dem
2935 1340 3019 1400 Hrr.
3046 1327 3251 1387 Pfordicant

2052 1492 2089 1552 zu
2141 1467 2381 1527 Alblingen
2393 1447 2658 1507 auffvorgen
2684 1435 2898 1495 laßen,
2924 1426 3013 1486 was
3037 1415 3151 1475 Ihme

2056 1565 2123 1625 diß
2178 1548 2314 1608 Boths
2336 1538 2380 1598 in
2448 1527 2627 1587 wüßen
2695 1519 2773 1579 sein
2806 1514 2986 1574 möchten
3031 1506 3244 1566 zumahlen

2066 1650 2130 1710 die
2156 1632 2375 1692 Hauthied
2400 1618 2503 1678 Ihme
2542 1610 2670 1670 bekunt
2695 1603 2800 1663 haben
2812 1600 2927 1660 solle,
2953 1596 3017 1656 Sie
3030 1593 3134 1653 seye

2067 1733 2134 1793 Ich
2148 1718 2311 1778 wanger
2340 1706 2434 1766 Von
2476 1698 2544 1758 dem
2613 1691 2776 1751 Dubuils
2817 1686 2926 1746 Unß
2953 1679 3239 1739 zubrichten

2033 1863 2098 1923 d.
2126 1856 2246 1916 176.
2259 1848 2405 1908 langte
2444 1840 2511 1900 des
2551 1832 2697 1892 Bericht
2736 1825 2816 1885 von
2856 1820 2923 1880 H.
2936 1813 3188 1873 Pordicanten

2059 1938 2169 1998 dahin
2194 1933 2242 1993 Ein
2292 1928 2391 1988 daß
2439 1923 2501 1983 Sie
2538 1917 2747 1977 Gauthier
2771 1910 2809 1970 zu
2858 1895 3202 1955 Wallißmatt

2075 2019 2202 2079 hinder
2238 2013 2504 2073 Alblingen
2563 2004 2620 2064 sich
2644 1997 2852 2057 auffhalte
2911 1982 3026 2042 undt
3049 1972 3155 2032 habe

2050 2108 2238 2168 Erstlich
2268 2105 2325 2165 der
2340 2096 2662 2156 schwängerung
2691 2080 2807 2140 halb
2836 2070 3068 2130 beklaget
3099 2063 3289 2123 seau¬

2058 2200 2250 2260 Daniere
2301 2194 2402 2254 Star
2452 2188 2544 2248 Roll
2593 2177 2826 2237 Bleytag
2866 2163 3008 2223 hernach
3038 2155 3138 2215 aber

2064 2289 2255 2349 bedeuten
2335 2277 2672 2337 ballenmeser,
2707 2260 2887 2320 hierauff
2921 2245 3056 2305 habend
3101 2231 3203 2291 Wir

2069 2374 2161 2434 den
2186 2374 2264 2434 H.
2291 2365 2604 2425 Landtvogter
2643 2350 2747 2410 auff
2773 2331 3137 2391 Schwartzenburge

2074 2460 2301 2520 ansennen
2331 2452 2515 2512 laßen,
2545 2441 2606 2501 die
2621 2437 2668 2497 ser
2698 2430 2773 2490 sach
2790 2424 2850 2484 sich
2880 2416 3200 2476 vuerkundigen
