4032 3024
467 333 579 393 139.

702 376 811 436 Andt
842 361 906 421 das
936 332 1249 392 hraußkommede
1296 312 1499 372 berichten
1563 341 1736 401 zulaßen

724 456 851 516 mithin
876 437 965 497 aber
990 408 1396 468 zuveranstalten,
1422 403 1510 463 daß
1549 410 1599 470 die
1625 424 1727 484 Hane¬

726 542 832 602 id
858 522 950 582 nicht
976 503 1133 563 Evadite
1187 488 1279 548 undt
1305 484 1331 544 in
1383 483 1488 543 Ihrer
1529 488 1699 548 bekonste

715 615 864 675 shende
893 585 1072 645 Geißt
1086 570 1190 630 duch
1207 565 1296 625 zwey
1339 563 1547 623 belydigte
1578 570 1728 630 Examnio¬

717 691 813 751 pirt
839 666 960 726 werde:

713 804 779 864 Dis
814 789 938 849 Sept.
949 777 1062 837 bame
1097 767 1152 827 der
1187 759 1322 819 Bericht
1355 753 1434 813 von
1469 751 1752 811 Schwartzow.

718 875 851 935 Pung,
863 862 934 922 daß
971 854 1007 914 Er
1031 849 1078 909 die
1115 839 1319 899 Hanthied
1343 832 1451 892 durch
1477 828 1548 888 H.
1572 824 1730 884 Pferedi¬

720 952 822 1012 mlant
842 942 963 1002 Strauß
993 934 1023 994 in
1064 925 1195 985 beysein
1225 915 1357 975 Ceyer
1377 904 1630 964 Chorichtern

729 1021 920 1081 Examinen
940 1009 1100 1069 laßen,
1121 1000 1226 1060 undt
1268 991 1363 1051 habe
1417 983 1512 1043 zum
1566 976 1724 1036 nrheber

730 1096 812 1156 Ihrer
837 1086 1158 1146 schwangerschafft
1170 1068 1467 1128 ernambset,
1492 1058 1551 1118 den
1575 1052 1743 1112 vorbe¬

742 1173 881 1233 stüten
929 1163 1097 1223 Vaniere
1134 1147 1377 1207 nachterts
1413 1135 1497 1195 aber
1526 1129 1591 1189 dem
1656 1124 1704 1184 H.

721 1250 860 1310 Strauß
912 1238 1124 1298 bedeütet,
1145 1229 1188 1289 Es
1219 1223 1283 1283 seye
1326 1216 1390 1276 der
1432 1203 1719 1263 ballenmeister

737 1331 790 1391 Alß
821 1328 884 1388 aber
915 1324 1010 1384 beyde
1041 1317 1114 1377 H.
1135 1309 1387 1369 Pfodicanten
1418 1298 1461 1358 zu
1502 1290 1712 1350 Wahleren

745 1405 830 1465 undt
862 1402 1067 1462 Alblingen
1120 1396 1174 1456 sich
1206 1391 1239 1451 zu
1281 1385 1356 1445 Ihra
1410 1370 1733 1430 verfüeget,

737 1478 848 1538 undt
870 1477 926 1537 Sie
948 1471 1238 1531 nachtruklich
1271 1461 1371 1521 umb
1404 1453 1471 1513 Ihr
1516 1436 1761 1496 schwanger¬

723 1561 891 1621 schafft
915 1556 1106 1616 befraget
1141 1550 1202 1610 ist
1250 1544 1309 1604 Sie
1334 1538 1417 1598 auff
1454 1526 1585 1586 erster
1610 1509 1752 1569 anblegte

751 1643 938 1703 verharret
961 1638 1032 1698 undt
1066 1636 1125 1696 den
1148 1632 1312 1692 Vaniere
1348 1622 1546 1682 beklaget,
1569 1604 1756 1664 hierauff

749 1727 872 1787 würde
904 1720 961 1780 dem
1005 1717 1061 1777 H.
1083 1713 1327 1773 LandtVogten
1372 1701 1638 1761 widermahlen
1649 1678 1773 1738 auff¬

763 1801 941 1861 getragen
1018 1798 1074 1858 die
1096 1798 1296 1858 anstalten
1318 1795 1352 1855 zu
1396 1792 1451 1852 der
1485 1776 1751 1836 genißtlichen

757 1886 1039 1946 Examination
1087 1886 1124 1946 zu
1160 1885 1381 1945 verfüegen
1455 1875 1504 1935 zu
1540 1865 1614 1925 dem
1651 1840 1787 1900 Endt¬

753 1966 817 2026 Sie
844 1968 961 2028 durch
974 1969 1039 2029 Hrr
1065 1975 1312 2035 Pfordicante
1364 1969 1520 2029 Srauß
1571 1942 1781 2002 Examinis

753 2041 939 2101 laße:

747 2158 807 2218 d.
822 2156 959 2216 138b.
991 2159 1187 2219 brichtete
1217 2162 1264 2222 des
1279 2162 1354 2222 H.
1369 2155 1674 2215 Landtvogt,
1689 2127 1749 2187 daß

763 2230 824 2290 ale
863 2236 1124 2296 ballenmeister
1148 2242 1248 2302 auff
1273 2245 1372 2305 seine
1409 2239 1584 2299 gethane
1609 2218 1757 2278 schriffte

767 2306 853 2366 liche
891 2319 1163 2379 Collicitation,
1176 2330 1263 2390 undt
1275 2333 1411 2393 damit
1450 2331 1499 2391 die
1537 2319 1698 2379 Onerore

771 2396 1016 2456 Paternitet
1046 2408 1147 2468 Eüren
1175 2416 1378 2476 frembden
1406 2415 1479 2475 mit
1509 2384 1799 2444 auffgebäüt¬

768 2471 878 2531 wende
908 2478 1066 2538 Endtlich
1081 2491 1285 2551 bekennet,
1301 2497 1426 2557 better
1457 2492 1505 2552 der
1535 2477 1645 2537 Hans
1676 2440 1788 2500 m¬

3099 204 3181 264 193

2037 299 2247 359 lichfrucht
2271 282 2297 342 zu
2322 276 2434 336 sein,
2446 274 2631 334 worauff
2656 278 2817 338 derselben
2831 281 2892 341 sich
2916 283 2979 343 zur
3004 283 3214 343 Hauthied

2022 394 2182 454 begeben,
2195 377 2262 437 Iha
2314 367 2382 427 deß
2422 359 2703 419 Ballenmeister
2729 359 2942 419 Confession
2982 357 3155 417 eröfnet

2043 479 2233 539 worauff
2264 460 2316 520 Sie
2337 453 2422 513 auch
2443 446 2621 506 bekennet
2642 443 2738 503 undt
2758 440 2969 500 übersandten
3022 436 3095 496 der

2029 550 2468 610 lantkiedschrifftliche
2516 523 2797 583 bekantnuß,
2821 518 2907 578 daß
2943 511 3189 571 namblich¬

2030 667 2099 727 der
2146 640 2321 700 Dubuis
2355 620 2505 680 Vatter
2518 613 2657 673 seye:
2668 608 2888 668 Übrigent
2924 603 3051 663 wurde
3085 596 3155 656 den

2043 759 2105 819 H.
2117 731 2377 791 LandtVogt
2414 712 2464 772 die
2500 701 2760 761 genißtliche
2809 689 3143 749 Examination

2053 826 2271 886 loidemahl
2304 795 2606 855 anbefohlen:

2010 967 2088 1027 Di
2116 952 2274 1012 3086.
2300 937 2459 997 kame
2485 926 2550 986 Ein
2576 919 2748 979 schreben
2815 909 2893 969 von
2921 905 2999 965 herr
3012 899 3223 959 landtvogt

2068 1032 2175 1092 hin,
2213 1029 2282 1089 die
2320 1018 2553 1078 Gauthier
2602 999 2698 1059 habe
2728 990 2785 1050 den
2825 979 2970 1039 weiten
2999 970 3183 1030 genamen

2047 1111 2315 1171 deßtwegen
2342 1093 2432 1153 Ihme
2458 1076 2778 1136 auffgetragen
2804 1058 2932 1118 worden
2984 1048 3049 1108 sich
3074 1039 3242 1099 deß¬

2047 1213 2204 1273 Lrths
2250 1188 2361 1248 Ihres
2393 1170 2691 1230 auffenthalts
2722 1151 3053 1211 zuhrbundigen
3068 1128 3194 1188 undt

2044 1301 2242 1361 brachte,
2260 1276 2441 1336 mithn
2476 1264 2550 1324 die
2585 1254 2839 1314 habstruth
2875 1244 2910 1304 zu
2946 1227 3274 1287 Wallißnact,

2051 1392 2183 1452 alleo
2212 1380 2272 1440 Sie
2301 1373 2375 1433 sich
2390 1359 2729 1419 auffgehalten,
2744 1343 2921 1403 allharo
2950 1332 3084 1392 halten
3098 1326 3127 1386 zu
3156 1318 3276 1378 lesen.

2043 1542 2115 1602 d.n
2130 1535 2187 1595 6.
2203 1523 2378 1583 Novb.
2392 1513 2464 1573 ist
2493 1506 2581 1566 der
2624 1490 3001 1550 Ballenmeister
3030 1475 3161 1535 Cilirt

2064 1627 2298 1687 worden,
2325 1608 2490 1668 welcher
2517 1595 2641 1655 dann
2724 1578 2956 1638 Vrmemet
3011 1564 3094 1624 den
3121 1556 3203 1616 H.

2057 1710 2351 1770 LandtVogt
2377 1688 2605 1748 bekennet
2645 1671 2873 1731 zuhaben,
2900 1658 2993 1718 daß
3033 1649 3087 1709 Er
3126 1642 3194 1702 die

2045 1803 2284 1863 Gauthier
2308 1782 2661 1842 geschwängeret
2711 1763 2875 1823 dahero
2899 1755 2961 1815 dem
3037 1745 3100 1805 H.
3125 1734 3302 1794 Landt¬

2071 1901 2210 1961 Vogt
2248 1886 2577 1946 auffgetragen
2603 1867 2792 1927 worden,
2830 1854 2893 1914 den
2918 1836 3235 1896 Eigentlicheren

2051 1997 2219 2057 bericht
2233 1981 2550 2041 einzuschiben

2053 2147 2122 2207 d.
2136 2140 2219 2200 10.
2233 2131 2384 2191 Novb.
2413 2118 2634 2178 erschinne
2674 2108 2744 2168 die
2787 2099 2924 2159 Anna
2967 2082 3174 2142 Goßer

2079 2233 2147 2293 bey
2183 2224 2251 2284 den
2298 2214 2355 2274 die
2402 2201 2621 2261 Gauthies
2655 2182 2967 2242 vertischgelhet
3025 2163 3186 2223 gewesen

2074 2311 2167 2371 undt
2202 2305 2319 2365 sagt,
2342 2297 2424 2357 der
2460 2282 2764 2342 ballenmüster
2799 2265 2869 2325 für
2904 2256 3068 2316 langer
3103 2249 3314 2309 mägerer

2052 2389 2208 2449 mann
2297 2378 2376 2438 seye
2387 2371 2556 2431 ermahl
2601 2358 2656 2418 zu
2689 2350 2779 2410 Ihre
2847 2336 2970 2396 hauß
3026 2322 3206 2382 kommen

2061 2473 2136 2533 und
2174 2470 2314 2530 dortn
2327 2458 2633 2518 übernachtet
2671 2439 2811 2499 wardt
2849 2425 3014 2485 Erkent,
3027 2418 3090 2478 biß
3142 2414 3192 2474 deß
3230 2413 3308 2473 H.

2061 2557 2347 2617 Landtvogtn
2359 2546 2571 2606 antwort
2595 2529 2795 2589 Einkommen
2807 2518 2931 2578 werde,
2944 2510 3206 2570 inzuhalten
