4032 3024
703 404 717 464 d
760 387 818 447 16.
847 360 978 420 Nob.
1007 336 1124 396 keine
1167 320 1240 380 das
1268 313 1589 373 antwortscheib
1631 330 1704 390 von

710 443 1063 503 Wetzeburgein
1126 404 1206 464 deß
1271 397 1478 457 Inhalts,
1496 397 1559 457 daß
1608 402 1703 462 eycg

721 552 783 612 dho
822 509 1124 569 Beltenmeister
1163 484 1376 544 Dubrio,
1389 481 1452 541 sich
1477 481 1678 541 Ehemahls

716 622 919 682 lautme
948 597 1015 657 Min
1029 589 1138 649 gnädigen
1151 581 1247 641 Herre
1261 579 1303 639 in
1316 577 1508 637 gesenden
1535 576 1698 636 berichts

725 712 799 772 alß
813 694 960 754 Vatter
975 679 1034 739 deß
1077 666 1269 726 quastst
1312 656 1474 716 Kindts
1502 656 1694 716 bekennet

740 792 837 852 hoffe
860 777 933 837 auch
958 765 1055 825 man
1090 750 1200 810 werde
1236 743 1285 803 an
1333 738 1394 798 der
1418 738 1756 798 außaagueinen

736 860 891 920 garheit
914 845 987 905 kein
1022 830 1202 890 sweiffel
1237 816 1464 876 tragen,
1499 810 1548 870 Er
1583 808 1691 868 haben

728 944 816 1004 auch
827 932 981 992 selbsten
1024 918 1090 978 den
1124 905 1443 965 ballenmeister
1475 895 1563 955 sein
1595 892 1749 952 Confesso

740 1020 866 1080 beyden
899 1003 1015 1063 halten
1026 990 1207 1050 repetirt
1238 982 1302 1042 und
1344 974 1621 1034 vorgehalten
1662 973 1737 1033 mit

730 1106 926 1166 bedelten,
955 1089 1011 1149 daß
1052 1078 1250 1138 Ichselbge
1277 1071 1348 1131 Min
1362 1069 1475 1129 gnädigen
1488 1066 1587 1126 Her
1615 1062 1755 1122 erichtet

747 1187 895 1247 worauff
918 1183 953 1243 Er
976 1178 1056 1238 mir
1079 1170 1216 1230 solches
1251 1164 1285 1224 zu
1343 1156 1525 1216 laugnen
1549 1147 1755 1207 ange¬

740 1275 931 1335 faugen,
944 1267 984 1327 so
1012 1262 1080 1322 daß
1133 1254 1188 1314 Ist
1201 1244 1419 1304 Ehemahls
1460 1233 1500 1293 an
1528 1229 1596 1289 den
1623 1222 1731 1282 hohen

721 1371 864 1431 Richte
897 1355 1073 1415 gegebenn
1106 1336 1413 1396 Declaration
1458 1312 1700 1372 niemahls

745 1457 915 1517 desistion
937 1440 1086 1500 werden:
1108 1426 1290 1486 Übrigens
1321 1409 1600 1469 verdeutete,
1610 1392 1696 1452 daß
1728 1382 1770 1442 der

750 1525 869 1585 Kindt
894 1516 1097 1576 gestorben,
1121 1508 1265 1568 Erbet
1302 1502 1386 1562 der
1409 1490 1601 1550 Dubris
1626 1472 1709 1532 solle

745 1608 880 1668 citirt
903 1603 1038 1663 werden:

731 1724 787 1784 den
815 1722 872 1782 27.
886 1718 1027 1778 Novbr.
1041 1712 1254 1772 erschinne
1282 1707 1353 1767 der
1381 1694 1691 1754 Ballenmister

769 1797 868 1857 undt
881 1794 1104 1854 nachdemme
1141 1790 1228 1850 Ihae
1266 1787 1328 1847 der
1354 1780 1502 1840 Inhalt
1539 1758 1738 1818 versehende

767 1879 914 1939 scheiben
966 1879 1166 1939 abgelesen
1181 1877 1313 1937 worden
1394 1869 1474 1929 hat
1500 1860 1541 1920 Er
1567 1837 1782 1897 alles¬

765 1955 964 2015 Verwirt
992 1957 1091 2017 undt
1120 1960 1333 2020 Verdütet
1376 1952 1446 2012 den
1475 1942 1547 2002 H.
1561 1915 1759 1975 Landtvogt

757 2030 954 2090 Iehmahls
977 2030 1069 2090 über
1105 2033 1209 2093 dieser
1243 2035 1325 2095 sach
1360 2025 1591 2085 geschäben,
1604 1995 1742 2055 weniger

756 2107 856 2167 selbe
880 2106 993 2166 bebet
1019 2109 1044 2169 zu
1068 2114 1193 2174 haben.
1231 2120 1356 2180 Nach
1368 2117 1456 2177 demm
1495 2105 1582 2165 nun
1619 2078 1719 2138 Mit

772 2186 859 2246 über
887 2191 1019 2251 Obige
1047 2202 1367 2262 hubstanzlichen
1382 2196 1584 2256 verlauff
1629 2165 1758 2225 Vaser

761 2270 931 2330 gedanken
946 2275 1073 2335 walten
1103 2283 1243 2343 laßen,
1273 2284 1445 2344 gehabent
1476 2273 1554 2333 Wid
1585 2250 1694 2310 mit

772 2345 1014 2405 enhaligen
1046 2354 1152 2414 mehr
1167 2361 1334 2421 befund,
1364 2360 1440 2420 und
1470 2349 1607 2409 Erbet
1637 2313 1775 2373 sintte¬

773 2423 919 2483 mahl
950 2426 1016 2486 der
1031 2440 1337 2500 Ballgmeister
1370 2447 1435 2507 die
1467 2430 1709 2490 Patemitt

780 2500 846 2560 den
863 2501 929 2561 H.
962 2513 1197 2573 Landtvogst
1229 2531 1429 2591 eröfnet,
1446 2529 1512 2589 die
1529 2507 1745 2567 hantthalt

3078 214 3194 274 195.

2030 292 2158 352 Jenig
2188 268 2260 328 vor
2274 259 2360 319 Ihro
2374 256 2618 316 ninderkunft
2632 263 2732 323 selbe
2746 271 2962 331 schrifftlich
2976 273 3135 333 bejahrt

2048 376 2159 436 Vells
2175 354 2272 414 tandt
2285 343 2384 403 Vogt
2412 340 2524 400 danin
2552 346 2791 406 alchselbige
2832 361 3056 421 bestätiget
3085 361 3182 421 undt

2066 452 2197 512 dason
2224 430 2289 490 mit
2316 419 2593 479 devictiglidel
2658 428 2738 488 Alß
2777 434 2857 494 soll
2883 439 2935 499 deß
2976 440 3028 500 H.
3041 436 3201 496 Landt¬

2017 478 2025 538 a

2061 537 2183 597 Gogts
2209 507 2467 567 schrifftlichen
2507 502 2655 562 bericht
2750 508 2831 568 alß
2886 509 2966 569 von
2995 501 3198 561 Ambts¬

2017 557 2039 617 11

2032 627 2237 687 pflicht
2268 596 2475 656 beschrechen
2505 587 2726 647 Sölliger
2741 586 2915 646 glauben
2930 582 3214 642 beygeneßen

2049 719 2128 779 sein
2154 699 2284 759 schretz
2311 689 2337 749 in
2376 679 2533 739 Krafft
2546 669 2782 729 erkentsein
2834 664 2951 724 undt
2978 658 3213 718 solchennach

2038 807 2119 867 der
2148 772 2460 832 ballenmeiser
2474 759 2583 819 also
2610 757 2679 817 Ein
2719 755 2938 815 Ehebreher
2965 749 3197 809 angesehen

2061 878 2160 938 undt
2172 861 2435 921 abgestrafft
2460 849 2623 909 werden:
2647 847 2748 907 Alß
2810 844 2911 904 Wir
2923 842 3047 902 nun.
3072 839 3135 899 p.
3147 838 3185 898 27.
3197 835 3261 895 16.

2148 1055 2388 1115 Sonstag
2429 1031 2508 1091 den
2528 1024 2568 1084 1.
2588 1020 2708 1080 SXb.
2727 1014 2869 1074 1732.

2382 1170 2593 1230 Prases.

2091 1317 2346 1377 Mnerer
2378 1297 2571 1357 Rathrhoer
2635 1278 2876 1338 Jenner.

2355 1429 2582 1489 Masons

2056 1570 2254 1630 MeR.
2268 1562 2330 1622 S.

2063 1719 2202 1779 Ward
2239 1711 2405 1771 Samuel
2443 1702 2621 1762 Gerster
2646 1696 2723 1756 von
2773 1689 2912 1749 Wann
2951 1676 3179 1736 bewilliget

2062 1801 2140 1861 mit
2178 1795 2363 1855 Susanna
2441 1787 2608 1847 Catoina
2655 1777 2783 1837 Moser
2811 1766 2889 1826 von
2939 1755 3006 1815 Bil
3045 1741 3152 1801 ander

1851 1819 2030 1879 Vestrkent

2073 1865 2259 1925 jmaliger
2293 1865 2561 1925 Verbündung
2595 1857 2631 1917 zu
2676 1848 2839 1908 Ewann
2920 1825 3060 1885 Kirchen
3071 1807 3164 1867 Reht

1837 1903 1866 1963 vr
1876 1910 2013 1970 kusanna

2060 1955 2207 2015 halten
2243 1945 2280 2005 zu
2316 1936 2538 1996 können.

1879 1969 1994 2029 Cetriua

2049 2084 2221 2144 Weilen
2244 2069 2358 2129 laut
2382 2054 2588 2114 Einkammen
2633 2035 2817 2095 schreibens
2841 2026 2908 2086 von
2932 2020 3012 2080 herren
3024 2014 3242 2074 landtvogte

1868 2172 2037 2232 Warzache
2082 2167 2162 2227 von
2206 2158 2342 2218 Saame
2377 2147 2490 2207 undt
2524 2130 2762 2190 beygelegen
2784 2112 2964 2172 schreibens
2998 2099 3078 2159 von
3111 2094 3180 2154 H.
3202 2089 3247 2149 von

2106 2240 2369 2300 Groffenundt
2403 2230 2483 2290 von
2518 2219 2655 2279 Dins,
2678 2203 2862 2263 derselbe
2895 2186 3010 2246 bekent
3032 2177 3102 2237 die

1851 2257 2082 2317 Saffmandtl

2106 2323 2299 2383 Margetha
2365 2314 2456 2374 bey
2494 2301 2727 2361 beschlaffen
2740 2289 2778 2349 zu
2792 2281 2909 2341 haben
2960 2265 3064 2325 undt
3089 2251 3180 2311 fill

1864 2319 1979 2379 Frntz
1990 2318 2085 2378 bundlich

2067 2411 2166 2471 das
2199 2406 2332 2466 Kindt
2365 2398 2453 2458 alß
2496 2388 2574 2448 das
2595 2377 2761 2437 senige
2817 2356 3015 2416 annenen,
3037 2335 3256 2395 derlegen

2046 2499 2143 2559 Imn
2157 2498 2270 2558 gnädigen
2283 2492 2396 2552 Heren
2410 2483 2522 2543 solchei
2550 2474 2621 2534 alß
2662 2455 2860 2515 ohnfhelich
2915 2426 3125 2486 zubekentn,
3140 2411 3223 2471 dan

2069 2583 2198 2643 ihme
2248 2576 2311 2636 zue
2345 2562 2621 2622 abzießung
2668 2527 3010 2587 bißkünfftig
3041 2500 3186 2560 Aprilis
3204 2490 3268 2550 heit

2085 2649 2257 2709 vergant
2289 2638 2439 2698 worden.
