4032 3024
674 240 1734 450 Paaren praef. Ihme deß obigen berichten, und
445 310 581 454 1969
700 359 1727 560 Ihme H. von Hoffnend, solches zuerischen
459 434 577 531 1610.
674 501 1741 687 eesse sie nomine gnädige Herren er erschinnen Caspar
725 588 1684 749 Mülle der angehörigen, und hat einen
733 677 1701 843 schin Verlange sich Mane Madelaine
427 703 707 831 Möller hoffer
710 749 1731 949 Irr VerEhrlichen zu können. Derowegen Wieche
446 789 718 910 Von Malis Man
503 869 700 956 delaine.
721 815 1713 1026 Ihnen aufgetragen haben wollendt, selben drunckh
709 942 1215 1088 verbunden zu laßen.
688 1025 1712 1242 Sothan H. Pfarhl. Bendicht hoffman deß
730 1142 1698 1319 Abrahams Hoffmans von Lattungen e
752 1180 1697 1419 sich in dänischen diensten befindet, brudern
772 1280 1706 1483 sige vor Meine gnädigen Herren verschinung undt haben
459 1380 752 1504 Hoofman aber
755 1386 1757 1542 verlangt, daß die Bau Catri küeffen
513 1463 682 1581 Hamb.
743 1458 1780 1623 von Sitz wider bemelt Ihren bruder Erhalten
476 1535 733 1653 Küester Cato
725 1540 1749 1704 Rünfte inn gehalten werden möchten. Ehe und
742 1611 1759 1792 better abermeine gnädigen Herren sorts eintretten wollen
751 1701 1760 1884 wollindt Ihme auffgetragen haben, die küeffer
753 1757 1757 1948 sambt den Bendicht hoffmann noch der
754 1831 1744 2018 Meute Jahr vor dieselben zu weisen, falß aber
770 1968 1338 2085 mit den 3ten Must Inzuhalten.
465 1969 1777 2214 Bestensten H. Wandt Hl. Heiderich Kosten hoffer der alle
780 2058 1736 2252 nungs der wider Hl. Predicant herr und
536 2168 726 2267 schiederich
470 2194 1145 2359 Herl. H. Pfr. Adelbach ertheilt.
3047 200 3198 294 1197.
2017 221 3238 429 heschinne Catrina Fuchster von thun undt klagt
2059 316 3195 468 Bschwängerung halb an H. Joh. Jacob von Rütti
2057 407 3206 539 Van Sigenstuel, der Sie im Brummbach Sam¬
1780 346 2042 563 sch seinen
2035 482 3173 617 undt montag vor Jacobi an einem gehndtmahl
1792 479 2058 631 ses schla
1822 566 1974 715 perti
2033 567 2916 746 beschloßen Con. soll wirt werdien
2022 707 3213 912 Tauppen, damit demmahlen das Matrimonial
2035 794 3195 1001 Geschafft zwüschen Jacob Guntlich ferger, Madlen
2058 877 3223 1103 Jahel, undt Anna Ruprecht seine Endtschafft
1793 928 2041 1095 Enchischehe.
2075 969 3156 1161 eichen möge, wollend eine gnädigen Herren uff erscheinen
1842 1039 1948 1132 Jus
2078 1079 3238 1275 deß Bündtlich fergers undt deßelben begehren
1804 1080 2060 1236 Hh. Marte
2065 1151 3207 1333 hiemit auffgetragen haben, Meine gnädigen Herren die diß hirte
1808 1182 2071 1329 ppellante
2045 1247 3191 1445 erichteten Proreind, auch was Ihnen diß Boths
2044 1329 3255 1518 anwüßen sein machten sambt hathaltung der
2034 1404 3237 1600 farthigen über aucht tag hanen halter eingeschicken.
1992 1564 3243 1759 Wardt Barbar Kentz wider sein, außertettenen
2076 1648 3199 1826 Ehemann Hanß Bröchbühl von Lauperßweil,
1827 1723 2041 1829 Hertz Barbara
1834 1744 3240 1930 Eichbuchl haußweiben die künff formbtlich wider Ihme ergangen
2069 1799 3234 1994 undt Er demne Rechten nit begegnet, die schidigung
2067 1945 2666 2107 ertheilt ad Conn.
2051 2008 3279 2253 Ist hinausmach Spang von Gertzeisen wegen
2085 2116 3208 2324 deß mit Christina Meßerl. begangen fehlers
1832 2119 2050 2293 Wes ferne
2053 2206 3268 2419 so wohl, alß Sie als Ehebrechten zu abbüeßung
1844 2251 2063 2407 sl sein
2056 2317 3297 2510 gehalten, undt sollen selbige morgend antretten.
2295 2419 2407 2508 e
