4032 3024
442 339 526 399 1498

437 499 549 559 Guteor
562 491 676 551 Anna.

428 589 554 649 Bübler
576 574 691 634 bendich

465 1106 588 1166 Renand
611 1098 711 1158 Jagus

578 1155 700 1215 Elie.

460 1236 580 1296 Rosaet
591 1223 688 1283 Raron

484 2270 656 2330 Amstutz
671 2279 727 2339 Aau

703 390 853 450 beig,
871 370 927 430 die
945 343 1208 403 LohrMatter
1227 326 1282 386 an
1340 323 1413 383 die
1432 330 1563 390 Anna
1582 357 1732 417 Zuhen

699 481 781 541 Vind
815 456 1013 516 bollingen
1045 433 1129 493 seye
1177 416 1393 476 Verbihein
1409 426 1725 486 zinstagallhe

734 567 864 627 shunks
895 545 1057 605 gewesen,
1072 529 1170 589 undt
1186 520 1299 580 auff
1331 515 1494 575 denen
1526 524 1719 584 Bendicht

718 656 833 716 büchte
864 641 936 701 alßo
965 624 1111 684 Batter
1142 604 1331 664 deßelben
1360 596 1580 656 verharret:
1594 610 1712 670 sogl.

724 742 813 802 soll
827 724 916 784 nach
932 714 976 774 der
1007 698 1230 758 Kindtsettz
1259 682 1587 742 erscheinen.

728 904 889 964 Perm.
923 883 1052 943 beiben
1100 869 1165 929 des
1181 860 1360 920 Jacques
1392 853 1489 913 Elie
1521 850 1700 910 Berand

721 995 804 1055 Von
842 976 1010 1036 soinsin,
1033 960 1177 1020 welchen
1238 948 1298 1008 die
1322 938 1478 998 Nanon
1550 925 1706 985 Rosret

738 1079 840 1139 Sor
873 1063 975 1123 kn,
992 1051 1094 1111 undt
1111 1040 1213 1100 nach
1231 1031 1298 1091 der
1333 1020 1502 1080 gemißt
1537 1007 1604 1067 Ihr
1639 998 1706 1058 zur

753 1159 848 1219 welt
871 1144 1051 1204 gebohrner
1086 1128 1230 1188 kundt
1253 1113 1539 1173 zugefignet,
1563 1103 1598 1163 im
1635 1100 1753 1160 Rechten

751 1238 967 1298 gestanden,
981 1226 1075 1286 undt
1089 1217 1278 1277 selbige,
1305 1201 1563 1261 ohngeacht
1589 1183 1698 1243 Ichne

739 1322 826 1382 Wir
851 1318 987 1378 monat
1025 1310 1111 1370 zeith
1125 1300 1310 1360 gesondt
1336 1282 1521 1342 worden,
1534 1266 1733 1326 mut¬

735 1405 865 1465 willig
905 1398 1128 1458 verlaßen,
1154 1387 1233 1447 alß
1271 1377 1377 1437 handed
1416 1368 1469 1428 e
1494 1356 1677 1416 eHrn
1692 1345 1756 1405 uf

750 1493 802 1553 der
828 1489 987 1549 Klegerin
1013 1480 1224 1540 erscheinen
1250 1468 1356 1528 undt
1395 1446 1737 1506 Rechtanruffen

742 1581 802 1641 Ihn
849 1576 1030 1636 Renand
1054 1568 1127 1628 per
1162 1554 1462 1614 Contumaciam
1547 1524 1762 1584 beurtheilt

759 1661 858 1721 undt
891 1657 968 1717 Ihme
1022 1653 1099 1713 die
1133 1648 1297 1708 Rohret,
1308 1637 1473 1697 sambt
1496 1621 1594 1681 dero
1639 1598 1748 1658 kent

764 1739 978 1799 alsethrlich
1022 1733 1342 1793 zugesprochen,
1359 1718 1494 1778 Undt
1526 1700 1602 1760 wich
1647 1678 1708 1738 die

769 1833 908 1893 poset
923 1828 1060 1888 altim
1092 1825 1306 1885 vermögn
1321 1811 1522 1871 gewesen,
1537 1788 1599 1848 dar
1614 1761 1721 1821 seine

755 1913 1036 1973 Crndument
1054 1913 1317 1973 zubesahlen,
1335 1905 1428 1965 alß
1446 1885 1616 1945 verdett
1634 1849 1709 1909 die

768 1996 881 2056 solches
895 1996 953 2056 auß
994 1996 1052 2056 daß
1094 1994 1278 2054 Rehands
1308 1982 1492 2042 mittlen,
1520 1964 1548 2024 so
1562 1953 1633 2013 sich
1647 1930 1732 1990 auff

767 2084 815 2144 1i4
865 2077 994 2137 Frantz
1026 2077 1205 2137 belaufft
1237 2076 1366 2136 rheben
1382 2068 1496 2128 undt
1530 2049 1675 2109 Mahl

769 2160 973 2220 Secetario
1015 2164 1331 2224 übermahne:

791 2278 905 2338 Ward
946 2281 1046 2341 Anna
1089 2286 1131 2346 Am
1173 2289 1288 2349 Sutz
1316 2290 1387 2350 von
1415 2279 1642 2339 Geßietz,
1656 2238 1783 2298 diest¬

765 2360 927 2420 Magdt
961 2362 1024 2422 bey
1040 2365 1106 2425 dem
1204 2371 1349 2431 Bäre,
1365 2371 1399 2431 so
1431 2365 1544 2425 wegen
1576 2332 1788 2392 Verdächtig

792 2432 931 2492 einhuigt
964 2440 1072 2500 allde
1105 2452 1292 2512 eingeseht
1322 2457 1464 2517 worden,
1494 2445 1590 2505 Ihre
1620 2426 1668 2486 läb
1699 2389 1825 2449 egen¬

790 2513 1135 2573 fundtgestoßen,
1154 2530 1213 2590 die
1232 2536 1328 2596 aber
1347 2536 1500 2596 solche
1519 2510 1769 2570 Vrewidte

3056 220 3188 280 193f

2028 293 2180 353 Mark
2208 273 2333 333 hokent
2347 266 2431 326 vih
2472 263 2527 323 Sie
2556 263 2695 323 bereits
2708 267 2804 327 acht
2820 271 2875 331 tag
2902 275 2943 335 in
2972 278 3041 338 der
3055 285 3237 345 gefang¬

2028 383 2170 443 schafft
2184 367 2211 427 so
2239 356 2325 416 solle
2353 347 2394 407 sie
2408 343 2494 403 fird
2522 340 2719 400 dißmahl
2776 345 3001 405 demittirt,
3015 349 3114 409 Sshen
3128 350 3214 410 aber

2050 474 2111 534 die
2135 456 2246 516 Statt
2270 443 2345 503 nach
2381 431 2579 491 verlauff
2615 427 2652 487 14
2678 427 2799 487 tagen
2849 427 2922 487 für
2948 428 3033 488 sey
3071 430 3144 490 Jahr

2040 559 2139 619 lang
2168 523 2539 583 verbottensein,
2553 511 2669 571 undt
2683 509 2839 569 selbige
2883 511 2983 571 nicht
3011 514 3197 574 betretten

2042 657 2080 717 Er
2093 642 2171 702 seyn
2198 622 2302 682 dann
2327 608 2419 668 sach,
2445 600 2510 660 daß
2561 593 2614 653 Sie
2652 588 2744 648 Ihrer
2770 585 2861 645 Wohl
2873 579 3135 639 verhaltens¬

2047 708 2394 768 glaustundige
2446 673 2761 733 Attestation
2778 665 2952 725 verleien
2969 660 3143 720 können

2045 873 2237 933 Weiln
2264 853 2320 913 die
2347 841 2471 901 Statt
2499 832 2580 892 biel
2623 825 2732 885 laut
2759 821 2842 881 Ihre
2869 814 3048 874 schriebens
3062 807 3159 867 Bom

2053 966 2064 1026 a
2132 941 2280 1001 septs.
2303 929 2359 989 sich
2394 918 2599 978 weigeret,
2633 914 2723 974 das
2758 911 2882 971 Ihrem
2929 900 3212 960 Gerburgerten

1817 1103 1871 1163 Sel
1908 1079 1963 1139 hes
1983 1063 2020 1123 oh
2056 1036 2259 1096 Johannke
2295 1008 2498 1068 Schuider
2537 996 2610 1056 Son
2647 991 2701 1051 der
2722 986 2868 1046 Kesule
2906 981 3016 1041 Aden
3052 976 3128 1036 Ver
3146 968 3258 1028 hn¬

2067 1123 2127 1183 und
2150 1109 2247 1169 nach
2272 1099 2320 1159 der
2356 1084 2561 1144 geeignete
2598 1073 2681 1133 undt
2706 1070 2754 1130 von
2777 1066 2827 1126 ine
2838 1063 2935 1123 gnädigen
2947 1060 3043 1120 Herren
3055 1056 3127 1116 Jhmre
3152 1051 3211 1111 alß

2045 1205 2273 1265 ohnfehrlich
2327 1180 2367 1240 zu
2395 1168 2542 1228 bebete
2570 1158 2691 1218 Kindt
2704 1149 3013 1209 anzunommen,
3041 1144 3122 1204 Alß
3148 1138 3269 1198 habendt

1814 1175 2065 1235 Nsosen

2035 1307 2057 1367 M
2122 1293 2144 1353 H
2256 1274 2302 1334 i
2346 1260 2501 1320 tender
2522 1247 2656 1307 dier
2678 1238 2767 1298 soh
2789 1225 3056 1285 beremnblst
3078 1213 3189 1273 finß

2056 1368 2375 1428 anbewänlich
2406 1340 2518 1400 ot
2534 1334 2552 1394 s
2599 1330 2615 1390 s
2711 1321 2870 1381 ngHn
2886 1314 2933 1374 zu
2967 1300 3173 1360 behöriger

2067 1450 2441 1510 handtbietung
2466 1419 2686 1479 übergeben
2711 1410 2917 1470 sulaen
3022 1400 3085 1460 N.
3112 1395 3150 1455 das
3162 1387 3280 1447 hihaunn

2229 1506 2347 1566 schreiben
2355 1499 2415 1559 von
2444 1492 2504 1552 biel
2534 1485 2601 1545 Von
2623 1478 2705 1538 876.
2721 1474 2787 1534 undt
2803 1469 2862 1529 dar
2877 1464 2951 1524 ven,
2958 1458 3107 1518 lengnauw
3138 1450 3213 1510 Von
3227 1445 3295 1505 926.

2290 1546 2330 1606 mind
2354 1543 2362 1603 i
2386 1538 2533 1598 negHren
2541 1534 2565 1594 n
2622 1525 2768 1585 Originat
2808 1510 3003 1570 zugestellt
3019 1498 3174 1558 worden.

2061 1619 2459 1679 Gätterlungen,
2490 1595 2651 1655 Samel
2696 1582 2873 1642 Weitel
2902 1574 2991 1634 Von
3020 1568 3214 1628 Wurten,

2051 1717 2237 1777 Welchen
2288 1692 2649 1752 derschwängerung
2686 1674 2786 1734 halb
2810 1666 2998 1726 beklaget
3022 1658 3196 1718 baobara

2063 1809 2205 1869 Ammon
2248 1799 2346 1859 Van
2390 1788 2589 1848 Verzogen
2618 1775 2803 1835 Buchten
2845 1760 2959 1820 hatt
2987 1750 3044 1810 die
3074 1737 3172 1797 that

2154 1894 2495 1954 MengdgeHere
2541 1883 2614 1943 ichn
2645 1872 2837 1932 ermeinet,
2867 1859 2942 1919 und
3002 1839 3195 1899 bedeitet

2024 1904 2133 1964 Aor

1836 1949 1947 2009 Weibel
1966 1949 2096 2009 dande

2155 2001 2296 2061 Ammon
2366 1990 2461 2050 habe
2495 1977 2696 2037 allezeit
2708 1965 2803 2025 mit
2826 1954 2967 2014 Einem
3039 1938 3191 1998 Cassol

2074 2003 2119 2063 die

1833 2039 1916 2099 Ammon
1935 2039 2093 2099 Barbura

2063 2095 2397 2155 Buchsenscheundt,
2412 2084 2473 2144 der
2488 2080 2563 2140 sich
2595 2068 2868 2128 fortgemah
2898 2052 3020 2112 soehim
3065 2034 3293 2094 Verdächten

2066 2185 2323 2245 umbgang
2363 2174 2674 2234 gezflögen,
2687 2162 2810 2222 undt
2823 2155 2904 2215 als
2957 2147 3012 2207 Er
3039 2139 3255 2199 vernamen

2074 2290 2151 2350 daß
2215 2284 2277 2344 Sie
2308 2280 2434 2340 Ihne
2450 2271 2671 2331 angeben
2702 2258 2828 2318 habe
2859 2251 2921 2311 Er
2936 2243 3000 2303 sch
3031 2235 3126 2295 von

2053 2389 2247 2449 Murtz
2281 2377 2373 2437 auß
2418 2371 2510 2431 nach
2544 2357 2887 2417 Pfätterlinge
2921 2333 3104 2393 begeben

2092 2478 2171 2538 die
2201 2471 2358 2531 Amon
2403 2464 2482 2524 deß
2560 2456 2699 2516 Weyn
2714 2450 2823 2510 Ver
2854 2441 3056 2501 Daniel
3088 2426 3258 2486 Ratert
