4032 3024
489 332 553 392 00
576 319 631 379 f.

488 1780 633 1840 Haben
669 1775 722 1835 hos

489 2367 604 2427 Meyer
624 2375 749 2435 Melcher

511 2443 668 2503 Grunder
681 2442 768 2502 latig.

729 370 839 430 herrn
875 353 1080 413 Mitzger
1116 331 1283 391 Sannel
1319 323 1430 383 Ason
1504 333 1653 393 Einen

733 462 933 522 hatmahr,
947 442 1034 502 undt
1064 428 1178 488 Pete
1222 414 1350 474 Gutt
1365 409 1509 469 Kricht
1551 414 1623 474 dem

706 552 928 612 Stollkrcht
967 526 1021 586 bey
1047 517 1098 577 dem
1191 503 1309 563 Baren
1374 497 1413 557 zu
1439 497 1531 557 Ret
1557 505 1740 565 gestoßen

734 629 817 689 undt
840 619 900 679 Sie
923 610 1008 670 Ihme
1043 591 1317 651 geantwortet
1352 580 1400 640 Er
1411 580 1483 640 seye
1519 580 1543 640 zr
1566 583 1734 643 ohnver¬

747 707 937 767 schambt
968 687 1030 747 daß
1078 679 1125 739 Er
1158 675 1220 735 Sie
1251 669 1456 729 darumb
1471 665 1615 725 annete,
1630 661 1692 721 und

764 792 833 852 von
856 779 981 839 Erschon
1005 765 1141 825 wäre,
1165 757 1199 817 so
1222 752 1348 812 sollte
1371 747 1417 807 Es
1451 745 1543 805 Ihne
1565 745 1634 805 mit
1658 748 1739 808 an¬

737 882 834 942 gehen
918 867 991 927 bey
1003 858 1137 918 solcher
1161 849 1221 909 der
1245 843 1342 903 sachen
1366 829 1680 889 gestaltsamme

736 976 785 1036 da
835 966 884 1026 die
909 958 1020 1018 Ammoen
1046 948 1145 1008 auff
1170 939 1257 999 Iher
1281 929 1468 989 anklegt
1504 914 1728 974 verharret

743 1054 791 1114 der
820 1043 949 1103 Weibel
988 1030 1105 1090 dann
1184 1019 1242 1079 die
1271 1013 1370 1073 that
1400 1002 1664 1062 verreuet

741 1133 824 1193 ole
882 1125 894 1185 e
931 1121 989 1181 ne
1014 1114 1084 1174 Hr
1178 1103 1215 1163 an
1226 1095 1416 1155 gesonnen
1427 1087 1545 1147 haben
1593 1085 1711 1145 obver

749 1204 952 1264 nambsete
1006 1193 1253 1253 dreyheulgen
1307 1183 1338 1243 so
1361 1180 1424 1240 Sie
1457 1174 1585 1234 guten
1607 1168 1746 1228 Lrünbe

752 1289 842 1349 des
868 1288 1076 1348 vernemmen,
1101 1285 1180 1345 undt
1193 1283 1257 1343 ihr
1295 1275 1517 1335 außaagen
1555 1258 1710 1318 sambt

753 1375 809 1435 dem
853 1375 981 1435 bricht
1009 1373 1067 1433 wie
1095 1368 1280 1428 zarthey
1324 1361 1380 1421 sie
1394 1355 1452 1415 sih
1466 1348 1524 1408 bey
1552 1335 1666 1395 Ihnen

757 1465 1029 1525 auffgefuchret,
1043 1462 1103 1522 Ein
1118 1455 1284 1515 zusender

747 1648 875 1708 chnß.
889 1647 1033 1707 Hahls
1047 1645 1119 1705 der
1147 1640 1233 1700 Hanß
1289 1630 1505 1690 Baleman
1561 1614 1662 1674 undt
1676 1604 1762 1664 seine

759 1741 944 1801 Ehefraut
988 1733 1074 1793 nicht
1102 1728 1388 1788 verhinbahret,
1402 1720 1504 1780 undt
1532 1710 1618 1770 Ihre
1646 1694 1732 1754 alles

777 1822 917 1882 Weifel
942 1822 1043 1882 siegen
1068 1822 1120 1882 deß
1170 1822 1234 1882 weat
1259 1820 1323 1880 sich
1335 1813 1474 1873 allhie
1512 1799 1576 1859 bey
1613 1782 1665 1842 dem

756 1908 877 1968 Sternn
913 1909 1146 1969 zugetragen
1158 1907 1243 1967 haben
1267 1901 1389 1961 solle,
1414 1887 1597 1947 benommen
1621 1864 1719 1924 werten

761 1994 914 2054 köchen
931 2001 1117 2061 verdindt
1133 2002 1185 2062 sie
1218 1997 1456 2057 angesangen,
1473 1985 1524 2045 die
1557 1968 1744 2028 Soader

764 2078 980 2138 findelich
996 2087 1029 2147 zu
1063 2092 1279 2152 fortend,
1295 2088 1378 2148 und
1395 2080 1512 2140 selbe
1528 2061 1696 2121 sambt

763 2168 1003 2228 horhaltluch
1033 2174 1077 2234 der
1108 2179 1273 2239 Parhey
1303 2182 1363 2242 ein
1378 2173 1573 2233 zusenden

811 2323 865 2383 Ers
883 2331 955 2391 hat
973 2341 1080 2401 Irer
1098 2354 1243 2414 Welche
1260 2362 1387 2422 Wege
1405 2361 1460 2421 Eir
1495 2343 1730 2403 Praelipteo

802 2426 868 2486 bey
886 2426 1020 2486 Mhl.
1053 2441 1258 2501 videmahln
1274 2453 1358 2513 umb
1391 2451 1678 2511 bewilligung

1864 1557 1980 1617 obt.

1854 1921 1979 1981 Wehele

1838 2008 1974 2068 sillhart
1999 2011 2061 2071 Amma

3062 215 3146 275 201

2045 320 2316 380 angehalten,
2343 306 2399 366 sich
2426 304 2479 364 mit
2493 304 2589 364 seine
2602 306 2792 366 schwangen
2819 310 2942 370 Catri
2969 310 3242 370 Grunderscton

2034 425 2266 485 shehlbeg,
2281 402 2352 462 mit
2367 397 2426 457 den
2440 393 2483 453 Er
2513 392 2673 452 ludklich
2701 392 2760 452 hin
2789 394 2891 454 Kind
2920 393 3093 453 errüget

2049 521 2274 581 verheheliche
2301 492 2500 552 zukommen.
2526 483 2633 543 Wih
2659 481 2806 541 abernädie
2832 481 2926 541 Hee
2952 481 3071 541 odnung
3099 477 3178 537 hate

2052 613 2241 673 darvider,
2264 593 2324 653 alß
2348 585 2407 645 ist
2431 579 2537 639 Ihme
2572 574 2632 634 Ein
2655 571 2787 631 Monat
2810 569 2882 629 Zeit
2917 568 3046 628 Teanin
3060 564 3213 624 beogönt

2049 706 2160 766 worde
2191 687 2271 747 sich
2286 675 2382 735 umb
2415 667 2477 727 Ein
2494 660 2670 720 hernach
2701 654 2796 714 echt
2827 650 3067 710 zubereben,
3082 644 3209 704 vndt

2053 803 2121 863 vieh
2166 784 2268 844 dieser
2292 770 2405 830 Meyed
2438 757 2553 817 seines
2586 745 2825 805 Landtwerke
2848 739 2905 799 Ein
2938 735 2996 795 lein
3018 731 3120 791 leber

2059 887 2139 947 mit
2152 873 2232 933 und
2245 861 2338 921 also
2364 851 2431 911 Ein
2457 841 2591 901 landt
2618 833 2817 893 nutzliches
2856 825 3003 885 Marin
3083 815 3229 875 fleißig

2044 969 2158 1029 undt
2171 955 2297 1015 stellen
2310 938 2523 998 wandelß,
2548 925 2687 985 welches
2714 916 2813 976 wegen
2826 910 2952 970 seines
2965 902 3218 962 erfahrnheit

2037 1056 2241 1116 gegsamme
2279 1039 2399 1099 arbeit
2435 1028 2508 1088 hat
2544 1020 2617 1080 auch
2641 1013 2712 1073 scho
2750 1006 2845 1066 enmin
2858 998 2954 1058 gnädigen
2966 990 3074 1050 Herren
3086 984 3135 1044 den

2056 1143 2155 1203 sommne
2210 1135 2239 1195 en
2267 1129 2351 1189 ndngn
2379 1121 2477 1181 Herrn
2491 1104 2816 1164 annrdmendirt,
2843 1083 3013 1143 beschaben
3040 1067 3152 1127 worden

2044 1236 2112 1296 alß
2147 1228 2237 1288 solle
2273 1216 2455 1276 derselbie
2466 1206 2524 1266 Min
2535 1200 2625 1260 gnädigen
2649 1193 2728 1253 Herre
2751 1185 2831 1245 auch
2854 1178 2923 1238 peo
2957 1166 3174 1226 Vortrage

2063 1312 2190 1372 dieste
2204 1306 2274 1366 sein
2288 1298 2472 1358 heuterth
2502 1289 2558 1349 zur
2586 1279 2827 1339 faulitirung
2855 1263 3053 1323 anbefohlen
3067 1249 3251 1309 werden.

2051 1473 2290 1533 Bbollingen.
2304 1458 2474 1518 Indeße
2501 1450 2557 1510 die
2600 1442 2782 1502 Grunder
2811 1435 2910 1495 ohne
2924 1427 3190 1487 Conrequenz

2056 1578 2120 1638 biß
2168 1557 2348 1617 außtreg
2380 1540 2542 1600 handlß
2590 1527 2736 1587 hinder
2752 1521 2866 1581 thuen
2898 1517 2948 1577 zu
2980 1512 3240 1572 gealden.

2067 1724 2422 1784 Buggisferg:
2458 1700 2653 1760 Demnach
2665 1690 2763 1750 auff
2801 1684 2972 1744 gegebne
2996 1679 3168 1739 sitation

2052 1837 2132 1897 Mein
2163 1826 2258 1886 nädie
2273 1812 2401 1872 Hern
2432 1797 2560 1857 ehenen
2576 1785 2671 1845 All
2735 1770 2878 1830 Pfäulh,
2894 1761 2973 1821 und
3006 1756 3117 1816 seine

2076 1919 2301 1979 Ehefrauts
2330 1901 2451 1961 Anna
2480 1881 2734 1941 Brillhardt,
2751 1864 2810 1924 wie
2825 1856 2916 1916 auch
2931 1847 2990 1907 deß
3034 1833 3246 1893 Pfauhe¬

2100 2010 2238 2070 Mutter
2280 1999 2333 2059 da
2376 1989 2482 2049 dann
2525 1978 2568 2038 sie
2589 1973 2641 2033 sich
2652 1959 2865 2019 erleuteret
2897 1946 2950 2006 sich
2972 1939 3046 1999 mit
3067 1929 3260 1989 Einanderen

2078 2096 2246 2156 Völlig
2276 2080 2443 2140 versöhnt
2473 2068 2655 2128 zuhaben
2702 2055 2778 2115 vor
2808 2046 2929 2106 gndige
2944 2033 3052 2093 Hrre
3082 2023 3097 2083 e
3127 2013 3218 2073 auch

2074 2193 2253 2253 betenden
2270 2176 2404 2236 laßen,
2419 2167 2524 2227 undt
2539 2158 2630 2218 Ihnen
2644 2146 2930 2206 eingeschropfet
2945 2129 3095 2189 worden,
3111 2118 3185 2178 sich

2064 2278 2322 2338 küunfftighin,
2336 2266 2413 2326 wie
2440 2255 2659 2315 Ceistenliche
2697 2239 2893 2299 Eheleuthen
2918 2229 2996 2289 wohl
3034 2217 3216 2277 anstehet

2078 2365 2422 2425 auffzufühen,
2446 2346 2680 2406 betreffendt
2704 2329 2803 2389 dann
2827 2318 2926 2378 seine
2950 2302 3121 2362 Mutter

2076 2464 2223 2524 beydem
2272 2455 2334 2515 der
2358 2447 2517 2507 Pfaul.
2530 2440 2578 2500 im
2602 2432 2701 2492 bett
2725 2422 2800 2482 soll
2848 2410 2983 2470 gelegen
3008 2397 3106 2457 sein

2083 2558 2293 2618 gsteitige
2328 2539 2522 2599 Ehrleich¬
