4032 3024
455 350 540 410 100

519 561 612 621 kemmen

498 2129 674 2189 Elisebeth
700 2123 755 2183 Reg

482 2242 585 2302 Cerez
608 2235 700 2295 Jonas

726 399 971 459 Wischalhs
1003 360 1265 420 brantbortet,
1281 352 1347 412 daß
1396 352 1558 412 MerH.
1575 363 1673 423 daren

748 516 779 576 s
812 488 908 548 haben
924 465 1038 525 können
1053 450 1134 510 und
1165 440 1326 500 wollendt
1359 437 1424 497 die
1439 438 1520 498 sich
1551 440 1665 500 dahin

737 587 883 647 gestelt
899 564 949 624 sin
964 549 1094 609 laßen
1192 534 1241 594 do
1273 526 1500 586 sndtschen
1566 519 1664 579 Ihne

740 654 1128 714 vnterstmemens
1151 616 1375 676 aubfahle
1417 602 1601 662 borden,
1621 599 1746 659 sih¬

735 766 800 826 als
835 754 868 814 zu
884 735 1084 795 berhalten,
1101 716 1168 776 daß
1236 705 1268 765 zu
1301 695 1436 755 ferren
1452 688 1685 748 Kleydern

746 846 846 906 nicht
860 840 959 900 anlaß
1001 825 1156 885 gegeben
1185 803 1326 863 werde,
1340 785 1495 845 soristen
1525 775 1666 835 Ihnen

736 928 829 988 dets
853 921 923 981 undt
946 909 1086 969 neunes
1120 893 1249 953 wurde
1296 875 1458 935 gegeben
1470 865 1610 925 werden

742 1004 889 1064 mitthin
915 993 1022 1053 dann
1049 986 1116 1046 auch
1143 979 1196 1039 die
1224 966 1436 1026 spferdigen
1463 950 1544 1010 undt
1583 937 1664 997 die

751 1084 883 1144 mittel
910 1074 962 1134 deß
1016 1064 1109 1124 hels
1150 1054 1282 1114 fleißig
1322 1044 1375 1104 zu
1402 1033 1562 1093 bsuchen
1601 1017 1694 1077 undt

744 1168 819 1228 mit
831 1161 997 1221 mehremn
1022 1152 1189 1212 Respect
1226 1144 1315 1204 gegen
1328 1140 1378 1200 Ihm
1455 1130 1505 1190 zu
1544 1113 1746 1173 begrgnen,

736 1265 857 1325 deßen
880 1253 940 1313 Sie
964 1247 1108 1307 berichtet
1145 1240 1277 1300 werdind
1301 1235 1396 1295 mit
1433 1224 1624 1284 gesinnen

756 1345 963 1405 vorstehende
991 1336 1172 1396 Pfarthey
1211 1329 1302 1389 vor
1341 1323 1407 1383 Sie
1433 1310 1706 1370 zubescheiden

759 1432 868 1492 undt
881 1429 936 1489 Sie
978 1428 1018 1488 zu
1060 1424 1223 1484 beßeren
1277 1416 1469 1476 läbtesen
1482 1400 1714 1460 brefftigst

765 1517 1024 1577 anzumehmen,
1037 1512 1102 1572 alß
1140 1507 1309 1567 worauff
1336 1501 1399 1561 Sie
1426 1485 1685 1545 Inviguliren

757 1598 962 1658 verdint.

923 1731 1159 1791 Sonstags
1172 1723 1214 1783 den
1242 1720 1311 1780 15te
1339 1718 1395 1778 Ad.
1408 1714 1576 1774 1732.

1136 1818 1276 1878 Brasses

979 1877 1145 1937 Mengde
1155 1873 1197 1933 r
1218 1870 1291 1930 Heh.
1301 1865 1394 1925 Jeno

778 1945 982 2005 Sehrshrnes
1017 1943 1154 2003 Meh.

794 2108 983 2168 Metieres
1013 2107 1108 2167 Cons
1154 2104 1217 2164 uß
1266 2101 1375 2161 en
1391 2095 1516 2155 gnädigen
1531 2085 1641 2145 Herde
1674 2074 1753 2134 igen

787 2184 903 2244 seitten
935 2183 1072 2243 bericht
1093 2186 1219 2246 habied
1262 2188 1325 2248 sie
1358 2185 1558 2245 ersuchen,
1580 2175 1643 2235 bas
1674 2160 1780 2220 maßen

798 2266 971 2326 Adabitt
1014 2266 1087 2326 Geg
1101 2267 1174 2327 von
1203 2267 1362 2327 Garongl
1390 2265 1449 2325 den
1463 2261 1506 2321 8.
1522 2254 1608 2314 9r.
1622 2236 1752 2296 letsche

786 2347 923 2407 Kinder
959 2347 1201 2407 gnugsamer
1223 2350 1477 2410 Examinatio
1523 2336 1604 2396 auf
1627 2315 1741 2375 sonas

784 2428 889 2488 ferez
925 2426 983 2486 von
1019 2428 1301 2488 Montprevegu,
1324 2428 1383 2488 als
1406 2423 1547 2483 Vatter
1582 2409 1677 2469 ihreß
1711 2389 1794 2449 kindt

794 2509 1032 2569 verhaeret
1048 2512 1161 2572 seyn,
1192 2515 1352 2575 selbiger
1368 2514 1448 2574 sich
1463 2508 1543 2568 aber
1575 2490 1719 2550 außert

793 2591 915 2651 lands
941 2593 1015 2653 und
1039 2597 1077 2657 zu
1127 2602 1263 2662 Genff
1299 2603 1485 2663 befinden
1522 2592 1658 2652 solle,

3062 219 3230 279 203f.

2039 301 2208 361 weillen
2243 280 2340 340 nuan
2376 270 2435 330 der
2459 263 2544 323 orth
2580 258 2700 318 seines
2736 256 3001 316 aufenthalts
3025 263 3193 323 beklandt

2043 381 2210 441 werdind
2244 361 2300 421 sie
2333 346 2568 406 angesonen
2591 337 2714 397 selben
2747 335 2826 395 per
2859 331 3061 391 Rogatoria
3094 326 3151 386 vor
3162 322 3206 382 sie

2045 458 2242 518 bescheiden
2265 439 2323 499 zin
2346 428 2509 488 laßen,
2520 418 2706 478 erscheint
2730 415 2765 475 er
2800 414 2880 474 nach
2905 413 3009 473 gsetz
3032 413 3091 473 und
3125 413 3231 473 Ord¬

2043 550 2080 610 zu
2118 522 2358 582 verfahren,
2385 497 2587 557 widrigen
2612 488 2701 548 fahs
2726 485 2815 545 aber
2852 484 2892 544 nn
2942 484 2967 544 so
2993 484 3031 544 es
3056 484 3157 544 nicht

2047 611 2230 671 gethune
2269 580 2391 640 Moht
2413 566 2535 626 deße
2574 556 2616 616 zu
2635 546 2841 606 brichtes

2035 743 2175 803 Redel
2192 726 2244 786 an
2279 705 2456 765 Merhehf
2490 687 2561 747 sie
2579 674 2754 734 Comeris
2771 662 2894 722 Rathi
2911 657 3051 717 dorand
3086 655 3192 715 Logd

2064 818 2115 878 ein
2168 800 2284 860 alhier
2324 774 2571 834 wonhaffter
2610 745 2909 805 Reffergierter
2935 731 3117 791 Strinnng
3142 730 3248 790 beber

2066 893 2150 953 habe
2187 879 2285 939 umb
2309 854 2577 914 bebilligung
2613 824 2883 884 angehalten
2907 811 2967 871 sich
2993 807 3065 867 mit
3077 805 3187 865 Koon

1804 896 1848 956 se
1912 857 2023 917 odes

2053 974 2184 1034 Jacand
2209 961 2269 1021 von
2304 943 2545 1003 Wiblispurg
2581 923 2713 983 ehelich
2737 910 2928 970 einsegnen
2952 902 3049 962 laßen
3072 900 3096 960 zu
3133 899 3264 959 konnen.

1899 979 1915 1039 F

2043 1064 2131 1124 Wie
2156 1053 2220 1113 nun
2257 1044 2282 1104 in
2307 1035 2384 1095 Mein
2396 1024 2496 1084 gnädigen
2509 1014 2598 1074 Herre
2623 1002 2737 1062 Dntent
2762 989 2976 1049 vergleichen
3013 983 3252 1043 Postulanten

2044 1154 2120 1214 Ihe
2152 1126 2429 1186 Ehescheinen
2459 1103 2567 1163 nicht
2598 1088 2768 1148 erteilt
2784 1077 2907 1137 beeden
2922 1069 3045 1129 solten,
3061 1063 3123 1123 ehn
3154 1059 3229 1119 und

2063 1233 2168 1293 befor
2198 1220 2259 1280 sie
2289 1196 2590 1256 Attestätion
2605 1178 2664 1238 von
2693 1170 2799 1230 enen
2830 1160 2921 1220 nädige
2950 1152 3056 1212 gere
3085 1146 3146 1206 aß
3161 1143 3220 1203 sie

2059 1324 2132 1384 zum
2193 1298 2372 1358 Eomercio
2401 1275 2581 1335 nutztlich
2610 1262 2683 1322 vor
2700 1256 2758 1316 zuu
2773 1246 2938 1306 weisen,
2953 1234 3147 1294 erhalten,
3161 1226 3205 1286 es

2061 1402 2149 1462 aber
2181 1388 2300 1448 deren
2329 1372 2478 1432 keines
2508 1347 2792 1407 produciert,
2822 1330 2837 1390 s
2851 1322 3000 1382 oamn
3017 1312 3136 1372 gnädigen
3151 1306 3256 1366 Herr

2047 1487 2161 1547 Ihne
2192 1474 2339 1534 fahren
2355 1456 2565 1516 gebiesen
2599 1439 2663 1499 sich
2697 1429 2794 1489 umb
2826 1419 2891 1479 ein
2939 1410 3054 1470 solche
3101 1402 3233 1462 bee¬

2078 1573 2175 1633 auch
2191 1568 2242 1628 ob
2258 1559 2388 1619 ihmen
2422 1545 2487 1605 sie
2536 1533 2603 1593 Ehe
2635 1523 2668 1583 zu
2716 1504 2947 1564 bewilligen
2980 1489 3028 1549 zu
3061 1480 3241 1540 bebreben

2061 1661 2208 1721 Feßter
2226 1639 2427 1699 Versaht
2448 1615 2649 1675 hiedurch
2686 1589 2962 1649 nachrichtich
2980 1567 3256 1627 veständiget

2057 1733 2287 1793 werdind.

2092 1841 2297 1901 harnens
2324 1828 2448 1888 Cons.
2475 1811 2667 1871 Weitter
2694 1791 2818 1851 lauth
2846 1778 2942 1838 Ihres
2969 1762 3229 1822 einkommnen

1836 1859 1963 1919 Bebestian
1975 1853 2091 1913 Longo¬

2084 1925 2271 1985 berichten
2307 1912 2383 1972 ean
2420 1899 2533 1959 Cangpe
2570 1882 2720 1942 etelch
2757 1866 2833 1926 ste
2851 1853 3019 1913 Begeran
3056 1836 3243 1896 bekenet

1840 1944 1909 2004 Cops
1923 1943 2034 2003 tader

2052 2021 2135 2081 shie
2168 2009 2285 2069 Sano
2318 1993 2451 2053 Hagat
2486 1979 2585 2039 Ihre
2618 1959 2885 2019 Angeforige
2918 1935 3136 1995 beschaffen
3153 1924 3186 1984 zu

2074 2098 2216 2158 haben,
2229 2091 2287 2151 sie
2329 2081 2428 2141 auch
2456 2073 2500 2133 den
2527 2062 2627 2122 20ten
2641 2052 2726 2112 9bar
2768 2037 2923 2097 elschen
2953 2022 3080 2082 ainder
3108 2008 3293 2068 gnug¬

2066 2179 2227 2239 sammer
2278 2162 2551 2222 Examination
2614 2140 2688 2200 auf
2726 2127 2824 2187 Ihme
2900 2112 2963 2172 als
2987 2103 3124 2163 Vatter
3136 2094 3236 2154 ihres

2085 2262 2213 2322 kundts
2241 2245 2512 2305 verharret,
2554 2227 2611 2287 So
2639 2217 2753 2277 haben
2767 2208 2797 2268 de
2825 2200 2910 2260 Rech
2924 2191 3038 2251 Ihene
3066 2180 3179 2240 deren
3193 2172 3293 2232 Kind

3161 2220 3254 2280 beyde

2085 2345 2145 2405 als
2157 2338 2362 2398 umEhelich
2398 2316 2639 2376 zubekent,
2675 2301 2734 2361 der
2760 2287 3037 2347 meinung,
3048 2276 3120 2336 daß
3144 2273 3181 2333 et
3205 2269 3276 2329 zue

2084 2432 2303 2492 gebohnten
2339 2410 2656 2470 abbüesung,
2680 2393 2716 2453 so
2740 2388 2777 2448 er
2801 2382 2875 2442 sich
2899 2373 2985 2433 aber
3021 2363 3166 2423 solcheß
3204 2355 3314 2415 an¬

2079 2524 2119 2584 zu
2159 2515 2323 2575 nemmen
2363 2500 2567 2560 weigeren
2607 2483 2781 2543 buede,
2811 2466 3046 2526 partheyen
3086 2453 3158 2513 auf
3178 2447 3310 2507 einen

3051 2503 3135 2563 solled

2062 2614 2192 2674 Ihnen
2233 2599 2494 2659 angehenden
2522 2583 2600 2643 tag
2626 2574 2692 2634 har
2718 2568 2796 2628 hhrr
2822 2558 2953 2618 halten
2979 2552 3033 2612 vnd
3072 2548 3152 2608 N.
