<?xml version="1.0" encoding="UTF-8" standalone="yes"?>
<PcGts xmlns="http://schema.primaresearch.org/PAGE/gts/pagecontent/2013-07-15" xmlns:xsi="http://www.w3.org/2001/XMLSchema-instance" xsi:schemaLocation="http://schema.primaresearch.org/PAGE/gts/pagecontent/2013-07-15 http://schema.primaresearch.org/PAGE/gts/pagecontent/2013-07-15/pagecontent.xsd">
    <Metadata>
        <Creator>prov=READ-COOP:name=PyLaia@TranskribusPlatform:version=0.6.0:model_id=38215:lm=none:date=22_11_2021_11:07
prov=READ-COOP:name=PyLaia@Transkribus:version=0.6.0:model_id=38215:date=22_11_2021_11:05
prov=University of Rostock/Institute of Mathematics/CITlab|PLANET AI GmbH/Tobias Gruening/tobias.gruening@planet-ai.de:name=de.uros.citlab.module.baseline2polygon.B2PSeamMultiOriented:v=2.6.7</Creator>
        <Created>2021-08-09T15:16:22.152+02:00</Created>
        <LastChange>2021-11-22T11:07:30.001+01:00</LastChange>
        <TranskribusMetadata docId="746917" pageId="28279394" pageNr="104" tsid="68400826" status="IN_PROGRESS" userId="537" imgUrl="https://files.transkribus.eu/Get?id=FPTDGABYAKILQWZZRPWRJWPN&amp;fileType=view" xmlUrl="https://files.transkribus.eu/Get?id=LPQUHKBEKEYDMVACVSSPEERF" imageId="22024895"/>
    </Metadata>
    <Page imageFilename="104.jpg" imageWidth="4032" imageHeight="3024">
        <ReadingOrder>
            <OrderedGroup id="ro_1687514948952" caption="Regions reading order">
                <RegionRefIndexed index="0" regionRef="r1"/>
                <RegionRefIndexed index="1" regionRef="r2"/>
                <RegionRefIndexed index="2" regionRef="r3"/>
            </OrderedGroup>
        </ReadingOrder>
        <TextRegion orientation="0.0" id="r1" custom="readingOrder {index:0;}">
            <Coords points="432,291 432,2418 1790,2418 1790,291"/>
            <TextLine id="r1l1" custom="readingOrder {index:0;}">
                <Coords points="699,432 1203,336 1358,395 1435,331 1607,359 1726,423 1764,420 1763,370 1649,294 1535,263 1410,298 1347,252 1162,258 1023,331 949,283 695,316"/>
                <Baseline points="707,408 759,401 811,392 864,382 916,374 969,365 1021,357 1073,350 1126,342 1178,336 1231,331 1283,329 1335,327 1388,327 1440,330 1493,335 1545,343 1597,352 1650,365 1702,382 1755,401"/>
                <Word id="r1l1_w1" custom="readingOrder {index:0;}">
                    <Coords points="704,363 704,423 780,423 780,363"/>
                    <TextEquiv>
                        <Unicode>Ht.</Unicode>
                    </TextEquiv>
                </Word>
                <Word id="r1l1_w2" custom="readingOrder {index:1;}">
                    <Coords points="821,336 821,396 976,396 976,336"/>
                    <TextEquiv>
                        <Unicode>Ballen</Unicode>
                    </TextEquiv>
                </Word>
                <Word id="r1l1_w3" custom="readingOrder {index:2;}">
                    <Coords points="1052,298 1052,358 1267,358 1267,298"/>
                    <TextEquiv>
                        <Unicode>Elsobeth</Unicode>
                    </TextEquiv>
                </Word>
                <Word id="r1l1_w4" custom="readingOrder {index:3;}">
                    <Coords points="1286,287 1286,347 1461,347 1461,287"/>
                    <TextEquiv>
                        <Unicode>Wänger</Unicode>
                    </TextEquiv>
                </Word>
                <Word id="r1l1_w5" custom="readingOrder {index:4;}">
                    <Coords points="1501,302 1501,362 1578,362 1578,302"/>
                    <TextEquiv>
                        <Unicode>Son</Unicode>
                    </TextEquiv>
                </Word>
                <Word id="r1l1_w6" custom="readingOrder {index:5;}">
                    <Coords points="1616,339 1616,399 1774,399 1774,339"/>
                    <TextEquiv>
                        <Unicode>Vone¬</Unicode>
                    </TextEquiv>
                </Word>
                <TextEquiv>
                    <Unicode>Ht. Ballen Elsobeth Wänger Son Vone¬</Unicode>
                </TextEquiv>
            </TextLine>
            <TextLine id="r1l2" custom="readingOrder {index:1;}">
                <Coords points="448,419 466,415 493,434 522,419 535,424 558,419 584,398 601,401 586,305 569,316 531,320 523,329 505,321 435,336"/>
                <Baseline points="452,392 479,386 506,381 533,376 560,374 587,371"/>
                <Word id="r1l2_w1" custom="readingOrder {index:0;}">
                    <Coords points="451,343 451,403 530,403 530,343"/>
                    <TextEquiv>
                        <Unicode>204</Unicode>
                    </TextEquiv>
                </Word>
                <Word id="r1l2_w2" custom="readingOrder {index:1;}">
                    <Coords points="556,331 556,391 611,391 611,331"/>
                    <TextEquiv>
                        <Unicode>f.</Unicode>
                    </TextEquiv>
                </Word>
                <TextEquiv>
                    <Unicode>204 f.</Unicode>
                </TextEquiv>
            </TextLine>
            <TextLine id="r1l3" custom="readingOrder {index:2;}">
                <Coords points="703,502 1235,420 1741,433 1552,364 1353,392 1206,339 1120,385 1035,367 700,431"/>
                <Baseline points="710,482 761,474 812,468 863,461 914,454 966,446 1017,440 1068,434 1119,428 1170,424 1222,420 1273,417 1324,416 1375,416 1426,416 1478,419 1529,422 1580,429 1631,436 1682,445 1734,456"/>
                <Word id="r1l3_w1" custom="readingOrder {index:0;}">
                    <Coords points="714,432 714,492 827,492 827,432"/>
                    <TextEquiv>
                        <Unicode>Unser</Unicode>
                    </TextEquiv>
                </Word>
                <Word id="r1l3_w2" custom="readingOrder {index:1;}">
                    <Coords points="876,403 876,463 1101,463 1101,403"/>
                    <TextEquiv>
                        <Unicode>angehörige</Unicode>
                    </TextEquiv>
                </Word>
                <Word id="r1l3_w3" custom="readingOrder {index:2;}">
                    <Coords points="1138,383 1138,443 1225,443 1225,383"/>
                    <TextEquiv>
                        <Unicode>hat</Unicode>
                    </TextEquiv>
                </Word>
                <Word id="r1l3_w4" custom="readingOrder {index:3;}">
                    <Coords points="1262,376 1262,436 1338,436 1338,376"/>
                    <TextEquiv>
                        <Unicode>vor</Unicode>
                    </TextEquiv>
                </Word>
                <Word id="r1l3_w5" custom="readingOrder {index:4;}">
                    <Coords points="1362,376 1362,436 1450,436 1450,376"/>
                    <TextEquiv>
                        <Unicode>anß</Unicode>
                    </TextEquiv>
                </Word>
                <Word id="r1l3_w6" custom="readingOrder {index:5;}">
                    <Coords points="1487,380 1487,440 1526,440 1526,380"/>
                    <TextEquiv>
                        <Unicode>so</Unicode>
                    </TextEquiv>
                </Word>
                <Word id="r1l3_w7" custom="readingOrder {index:6;}">
                    <Coords points="1550,390 1550,450 1638,450 1638,390"/>
                    <TextEquiv>
                        <Unicode>wohl</Unicode>
                    </TextEquiv>
                </Word>
                <Word id="r1l3_w8" custom="readingOrder {index:7;}">
                    <Coords points="1650,402 1650,462 1687,462 1687,402"/>
                    <TextEquiv>
                        <Unicode>de</Unicode>
                    </TextEquiv>
                </Word>
                <TextEquiv>
                    <Unicode>Unser angehörige hat vor anß so wohl de</Unicode>
                </TextEquiv>
            </TextLine>
            <TextLine id="r1l4" custom="readingOrder {index:3;}">
                <Coords points="434,611 1096,504 1734,524 1630,440 1465,422 1205,474 898,456 589,560 487,523 430,558"/>
                <Baseline points="441,605 505,593 569,584 633,573 697,563 762,553 826,542 890,532 954,524 1018,516 1083,509 1147,503 1211,497 1275,494 1339,492 1404,492 1468,494 1532,497 1596,503 1660,511 1725,522"/>
                <Word id="r1l4_w1" custom="readingOrder {index:0;}">
                    <Coords points="435,553 435,613 570,613 570,553"/>
                    <TextEquiv>
                        <Unicode>Worno</Unicode>
                    </TextEquiv>
                </Word>
                <Word id="r1l4_w2" custom="readingOrder {index:1;}">
                    <Coords points="647,524 647,584 722,584 722,524"/>
                    <TextEquiv>
                        <Unicode>s</Unicode>
                    </TextEquiv>
                </Word>
                <Word id="r1l4_w3" custom="readingOrder {index:2;}">
                    <Coords points="737,511 737,571 799,571 799,511"/>
                    <TextEquiv>
                        <Unicode>her</Unicode>
                    </TextEquiv>
                </Word>
                <Word id="r1l4_w4" custom="readingOrder {index:3;}">
                    <Coords points="814,497 814,557 890,557 890,497"/>
                    <TextEquiv>
                        <Unicode>und</Unicode>
                    </TextEquiv>
                </Word>
                <Word id="r1l4_w5" custom="readingOrder {index:4;}">
                    <Coords points="922,473 922,533 1164,533 1164,473"/>
                    <TextEquiv>
                        <Unicode>schwängrung</Unicode>
                    </TextEquiv>
                </Word>
                <Word id="r1l4_w6" custom="readingOrder {index:5;}">
                    <Coords points="1194,455 1194,515 1302,515 1302,455"/>
                    <TextEquiv>
                        <Unicode>halb</Unicode>
                    </TextEquiv>
                </Word>
                <Word id="r1l4_w7" custom="readingOrder {index:6;}">
                    <Coords points="1332,453 1332,513 1544,513 1544,453"/>
                    <TextEquiv>
                        <Unicode>beklaget</Unicode>
                    </TextEquiv>
                </Word>
                <Word id="r1l4_w8" custom="readingOrder {index:7;}">
                    <Coords points="1574,469 1574,529 1727,529 1727,469"/>
                    <TextEquiv>
                        <Unicode>Johannet</Unicode>
                    </TextEquiv>
                </Word>
                <TextEquiv>
                    <Unicode>Worno  s her und schwängrung halb beklaget Johannet</Unicode>
                </TextEquiv>
            </TextLine>
            <TextLine id="r1l5" custom="readingOrder {index:4;}">
                <Coords points="429,759 1078,584 1732,600 1727,550 1559,506 1494,552 1092,506 416,626"/>
                <Baseline points="432,702 496,689 561,675 625,662 690,650 754,638 819,627 883,616 948,606 1012,597 1077,590 1141,583 1206,578 1270,573 1335,570 1399,569 1464,570 1528,572 1593,576 1657,581 1722,588"/>
                <Word id="r1l5_w1" custom="readingOrder {index:0;}">
                    <Coords points="426,652 426,712 529,712 529,652"/>
                    <TextEquiv>
                        <Unicode>dosh</Unicode>
                    </TextEquiv>
                </Word>
                <Word id="r1l5_w2" custom="readingOrder {index:1;}">
                    <Coords points="570,622 570,682 676,682 676,622"/>
                    <TextEquiv>
                        <Unicode>fran</Unicode>
                    </TextEquiv>
                </Word>
                <Word id="r1l5_w3" custom="readingOrder {index:2;}">
                    <Coords points="738,581 738,641 967,641 967,581"/>
                    <TextEquiv>
                        <Unicode>weysthen</Unicode>
                    </TextEquiv>
                </Word>
                <Word id="r1l5_w4" custom="readingOrder {index:3;}">
                    <Coords points="990,551 990,611 1134,611 1134,551"/>
                    <TextEquiv>
                        <Unicode>Schrus</Unicode>
                    </TextEquiv>
                </Word>
                <Word id="r1l5_w5" custom="readingOrder {index:4;}">
                    <Coords points="1155,534 1155,594 1343,594 1343,534"/>
                    <TextEquiv>
                        <Unicode>geslten</Unicode>
                    </TextEquiv>
                </Word>
                <Word id="r1l5_w6" custom="readingOrder {index:5;}">
                    <Coords points="1366,529 1366,589 1469,589 1469,529"/>
                    <TextEquiv>
                        <Unicode>vor</Unicode>
                    </TextEquiv>
                </Word>
                <Word id="r1l5_w7" custom="readingOrder {index:6;}">
                    <Coords points="1489,536 1489,596 1718,596 1718,536"/>
                    <TextEquiv>
                        <Unicode>Sehlsue</Unicode>
                    </TextEquiv>
                </Word>
                <TextEquiv>
                    <Unicode>dosh fran weysthen Schrus geslten vor Sehlsue</Unicode>
                </TextEquiv>
            </TextLine>
            <TextLine id="r1l6" custom="readingOrder {index:5;}">
                <Coords points="726,723 1042,664 1177,695 1373,643 1449,673 1493,634 1727,667 1724,627 1635,600 1497,616 1448,584 1376,619 1150,582 1037,636 856,618 778,694 723,683"/>
                <Baseline points="735,720 784,714 833,705 882,698 931,690 980,683 1029,676 1079,668 1128,662 1177,657 1226,652 1275,647 1324,645 1373,642 1423,641 1472,641 1521,642 1570,645 1619,648 1668,654 1718,660"/>
                <Word id="r1l6_w1" custom="readingOrder {index:0;}">
                    <Coords points="735,675 735,735 802,735 802,675"/>
                    <TextEquiv>
                        <Unicode>auß</Unicode>
                    </TextEquiv>
                </Word>
                <Word id="r1l6_w2" custom="readingOrder {index:1;}">
                    <Coords points="859,648 859,708 1027,708 1027,648"/>
                    <TextEquiv>
                        <Unicode>Schleden</Unicode>
                    </TextEquiv>
                </Word>
                <Word id="r1l6_w3" custom="readingOrder {index:2;}">
                    <Coords points="1071,625 1071,685 1129,685 1129,625"/>
                    <TextEquiv>
                        <Unicode>der</Unicode>
                    </TextEquiv>
                </Word>
                <Word id="r1l6_w4" custom="readingOrder {index:3;}">
                    <Coords points="1151,616 1151,676 1206,676 1206,616"/>
                    <TextEquiv>
                        <Unicode>sich</Unicode>
                    </TextEquiv>
                </Word>
                <Word id="r1l6_w5" custom="readingOrder {index:4;}">
                    <Coords points="1241,603 1241,663 1465,663 1465,603"/>
                    <TextEquiv>
                        <Unicode>dermahlen</Unicode>
                    </TextEquiv>
                </Word>
                <Word id="r1l6_w6" custom="readingOrder {index:5;}">
                    <Coords points="1522,604 1522,664 1589,664 1589,604"/>
                    <TextEquiv>
                        <Unicode>bey</Unicode>
                    </TextEquiv>
                </Word>
                <Word id="r1l6_w7" custom="readingOrder {index:6;}">
                    <Coords points="1613,614 1613,674 1737,674 1737,614"/>
                    <TextEquiv>
                        <Unicode>dero¬</Unicode>
                    </TextEquiv>
                </Word>
                <TextEquiv>
                    <Unicode>auß Schleden der sich dermahlen bey dero¬</Unicode>
                </TextEquiv>
            </TextLine>
            <TextLine id="r1l7" custom="readingOrder {index:6;}">
                <Coords points="712,816 863,816 964,764 1066,788 1147,743 1244,789 1412,720 1736,747 1670,664 1545,647 706,734"/>
                <Baseline points="719,798 769,791 819,786 870,779 920,773 971,766 1021,759 1071,752 1122,746 1172,741 1223,736 1273,731 1323,726 1374,723 1424,722 1475,720 1525,720 1575,720 1626,723 1676,726 1727,731"/>
                <Word id="r1l7_w1" custom="readingOrder {index:0;}">
                    <Coords points="721,742 721,802 971,802 971,742"/>
                    <TextEquiv>
                        <Unicode>Veburgesten</Unicode>
                    </TextEquiv>
                </Word>
                <Word id="r1l7_w2" custom="readingOrder {index:1;}">
                    <Coords points="1022,711 1022,771 1127,771 1127,711"/>
                    <TextEquiv>
                        <Unicode>Mste</Unicode>
                    </TextEquiv>
                </Word>
                <Word id="r1l7_w3" custom="readingOrder {index:2;}">
                    <Coords points="1167,687 1167,747 1456,747 1456,687"/>
                    <TextEquiv>
                        <Unicode>völligkhoffer</Unicode>
                    </TextEquiv>
                </Word>
                <Word id="r1l7_w4" custom="readingOrder {index:3;}">
                    <Coords points="1496,680 1496,740 1560,740 1560,680"/>
                    <TextEquiv>
                        <Unicode>dem</Unicode>
                    </TextEquiv>
                </Word>
                <Word id="r1l7_w5" custom="readingOrder {index:4;}">
                    <Coords points="1601,685 1601,745 1746,745 1746,685"/>
                    <TextEquiv>
                        <Unicode>Scheiner</Unicode>
                    </TextEquiv>
                </Word>
                <TextEquiv>
                    <Unicode>Veburgesten Mste völligkhoffer dem Scheiner</Unicode>
                </TextEquiv>
            </TextLine>
            <TextLine id="r1l8" custom="readingOrder {index:7;}">
                <Coords points="723,874 1135,849 1205,812 1354,866 1433,801 1596,784 1713,827 1708,761 1653,740 1613,765 1413,720 1227,799 981,764 861,820 718,816"/>
                <Baseline points="731,866 779,863 828,860 876,855 925,851 974,845 1022,841 1071,835 1119,830 1168,823 1217,818 1265,812 1314,808 1362,804 1411,801 1460,797 1508,796 1557,795 1605,795 1654,797 1703,800"/>
                <Word id="r1l8_w1" custom="readingOrder {index:0;}">
                    <Coords points="728,824 728,884 770,884 770,824"/>
                    <TextEquiv>
                        <Unicode>in</Unicode>
                    </TextEquiv>
                </Word>
                <Word id="r1l8_w2" custom="readingOrder {index:1;}">
                    <Coords points="802,816 802,876 929,876 929,816"/>
                    <TextEquiv>
                        <Unicode>arbeit</Unicode>
                    </TextEquiv>
                </Word>
                <Word id="r1l8_w3" custom="readingOrder {index:2;}">
                    <Coords points="949,803 949,863 1034,863 1034,803"/>
                    <TextEquiv>
                        <Unicode>stehen</Unicode>
                    </TextEquiv>
                </Word>
                <Word id="r1l8_w4" custom="readingOrder {index:3;}">
                    <Coords points="1055,789 1055,849 1193,849 1193,789"/>
                    <TextEquiv>
                        <Unicode>soll.</Unicode>
                    </TextEquiv>
                </Word>
                <Word id="r1l8_w5" custom="readingOrder {index:4;}">
                    <Coords points="1225,765 1225,825 1457,825 1457,765"/>
                    <TextEquiv>
                        <Unicode>Deroliegen</Unicode>
                    </TextEquiv>
                </Word>
                <Word id="r1l8_w6" custom="readingOrder {index:5;}">
                    <Coords points="1490,755 1490,815 1679,815 1679,755"/>
                    <TextEquiv>
                        <Unicode>Wirfuß</Unicode>
                    </TextEquiv>
                </Word>
                <TextEquiv>
                    <Unicode>in arbeit stehen soll. Deroliegen Wirfuß</Unicode>
                </TextEquiv>
            </TextLine>
            <TextLine id="r1l9" custom="readingOrder {index:8;}">
                <Coords points="720,991 1023,921 1109,958 1195,922 1243,960 1718,881 1713,825 1605,788 1554,819 1432,801 1375,864 1205,812 1130,882 1031,841 855,902 712,901"/>
                <Baseline points="725,953 774,950 823,944 872,940 921,935 971,929 1020,924 1069,919 1118,915 1167,909 1217,905 1266,900 1315,896 1364,892 1413,888 1463,886 1512,882 1561,880 1610,879 1659,878 1709,878"/>
                <Word id="r1l9_w1" custom="readingOrder {index:0;}">
                    <Coords points="733,906 733,966 880,966 880,906"/>
                    <TextEquiv>
                        <Unicode>hiemit</Unicode>
                    </TextEquiv>
                </Word>
                <Word id="r1l9_w2" custom="readingOrder {index:1;}">
                    <Coords points="896,889 896,949 1044,949 1044,889"/>
                    <TextEquiv>
                        <Unicode>freundt</Unicode>
                    </TextEquiv>
                </Word>
                <Word id="r1l9_w3" custom="readingOrder {index:2;}">
                    <Coords points="1075,866 1075,926 1320,926 1320,866"/>
                    <TextEquiv>
                        <Unicode>Nachbarlich</Unicode>
                    </TextEquiv>
                </Word>
                <Word id="r1l9_w4" custom="readingOrder {index:3;}">
                    <Coords points="1336,847 1336,907 1515,907 1515,847"/>
                    <TextEquiv>
                        <Unicode>ersucht</Unicode>
                    </TextEquiv>
                </Word>
                <Word id="r1l9_w5" custom="readingOrder {index:4;}">
                    <Coords points="1531,839 1531,899 1662,899 1662,839"/>
                    <TextEquiv>
                        <Unicode>haben</Unicode>
                    </TextEquiv>
                </Word>
                <TextEquiv>
                    <Unicode>hiemit freundt Nachbarlich ersucht haben</Unicode>
                </TextEquiv>
            </TextLine>
            <TextLine id="r1l10" custom="readingOrder {index:9;}">
                <Coords points="742,1035 925,1003 990,1039 1033,1001 1436,971 1500,1006 1604,947 1685,970 1715,919 1559,889 1267,961 1192,923 1109,957 1018,931 736,966"/>
                <Baseline points="749,1023 797,1021 845,1016 893,1012 941,1008 989,1003 1037,999 1085,995 1133,989 1181,986 1229,981 1277,977 1325,972 1373,969 1421,964 1469,962 1517,958 1565,955 1613,953 1661,951 1709,950"/>
                <Word id="r1l10_w1" custom="readingOrder {index:0;}">
                    <Coords points="746,977 746,1037 919,1037 919,977"/>
                    <TextEquiv>
                        <Unicode>wollendt</Unicode>
                    </TextEquiv>
                </Word>
                <Word id="r1l10_w2" custom="readingOrder {index:1;}">
                    <Coords points="950,958 950,1018 1144,1018 1144,958"/>
                    <TextEquiv>
                        <Unicode>ohnschwär</Unicode>
                    </TextEquiv>
                </Word>
                <Word id="r1l10_w3" custom="readingOrder {index:2;}">
                    <Coords points="1174,944 1174,1004 1215,1004 1215,944"/>
                    <TextEquiv>
                        <Unicode>die</Unicode>
                    </TextEquiv>
                </Word>
                <Word id="r1l10_w4" custom="readingOrder {index:3;}">
                    <Coords points="1246,933 1246,993 1369,993 1369,933"/>
                    <TextEquiv>
                        <Unicode>mühe</Unicode>
                    </TextEquiv>
                </Word>
                <Word id="r1l10_w5" custom="readingOrder {index:4;}">
                    <Coords points="1409,922 1409,982 1521,982 1521,922"/>
                    <TextEquiv>
                        <Unicode>wolt</Unicode>
                    </TextEquiv>
                </Word>
                <Word id="r1l10_w6" custom="readingOrder {index:5;}">
                    <Coords points="1541,912 1541,972 1715,972 1715,912"/>
                    <TextEquiv>
                        <Unicode>zunemmen</Unicode>
                    </TextEquiv>
                </Word>
                <TextEquiv>
                    <Unicode>wollendt ohnschwär die mühe wolt zunemmen</Unicode>
                </TextEquiv>
            </TextLine>
            <TextLine id="r1l11" custom="readingOrder {index:10;}">
                <Coords points="745,1110 836,1148 895,1101 1056,1111 1140,1065 1350,1094 1422,1041 1745,1042 1739,960 1700,955 1505,1015 1449,976 1214,983 1086,1031 925,1003 741,1051"/>
                <Baseline points="752,1100 801,1097 850,1092 899,1088 948,1084 998,1080 1047,1075 1096,1071 1145,1066 1194,1062 1244,1056 1293,1052 1342,1048 1391,1044 1440,1040 1490,1037 1539,1034 1588,1031 1637,1029 1686,1028 1736,1028"/>
                <Word id="r1l11_w1" custom="readingOrder {index:0;}">
                    <Coords points="744,1057 744,1117 837,1117 837,1057"/>
                    <TextEquiv>
                        <Unicode>undt</Unicode>
                    </TextEquiv>
                </Word>
                <Word id="r1l11_w2" custom="readingOrder {index:1;}">
                    <Coords points="850,1048 850,1108 945,1108 945,1048"/>
                    <TextEquiv>
                        <Unicode>Ihme</Unicode>
                    </TextEquiv>
                </Word>
                <Word id="r1l11_w3" custom="readingOrder {index:2;}">
                    <Coords points="985,1035 985,1095 1093,1095 1093,1035"/>
                    <TextEquiv>
                        <Unicode>Wyß</Unicode>
                    </TextEquiv>
                </Word>
                <Word id="r1l11_w4" custom="readingOrder {index:3;}">
                    <Coords points="1120,1023 1120,1083 1242,1083 1242,1023"/>
                    <TextEquiv>
                        <Unicode>dieser</Unicode>
                    </TextEquiv>
                </Word>
                <Word id="r1l11_w5" custom="readingOrder {index:4;}">
                    <Coords points="1268,1005 1268,1065 1485,1065 1485,1005"/>
                    <TextEquiv>
                        <Unicode>klegeten</Unicode>
                    </TextEquiv>
                </Word>
                <Word id="r1l11_w6" custom="readingOrder {index:5;}">
                    <Coords points="1525,990 1525,1050 1700,1050 1700,990"/>
                    <TextEquiv>
                        <Unicode>Lüstendt</Unicode>
                    </TextEquiv>
                </Word>
                <TextEquiv>
                    <Unicode>undt Ihme Wyß dieser klegeten Lüstendt</Unicode>
                </TextEquiv>
            </TextLine>
            <TextLine id="r1l12" custom="readingOrder {index:11;}">
                <Coords points="714,1217 1041,1144 1495,1113 1560,1146 1681,1070 1530,1035 1349,1095 1167,1068 1111,1109 898,1100 844,1147 780,1109 706,1126"/>
                <Baseline points="719,1181 766,1176 814,1173 862,1168 910,1163 958,1159 1006,1153 1053,1149 1101,1143 1149,1139 1197,1135 1245,1130 1293,1125 1341,1121 1388,1117 1436,1113 1484,1110 1532,1106 1580,1104 1628,1101 1676,1100"/>
                <Word id="r1l12_w1" custom="readingOrder {index:0;}">
                    <Coords points="733,1131 733,1191 925,1191 925,1131"/>
                    <TextEquiv>
                        <Unicode>zumahen,</Unicode>
                    </TextEquiv>
                </Word>
                <Word id="r1l12_w2" custom="readingOrder {index:1;}">
                    <Coords points="950,1111 950,1171 1103,1171 1103,1111"/>
                    <TextEquiv>
                        <Unicode>mitthin</Unicode>
                    </TextEquiv>
                </Word>
                <Word id="r1l12_w3" custom="readingOrder {index:2;}">
                    <Coords points="1130,1096 1130,1156 1218,1156 1218,1096"/>
                    <TextEquiv>
                        <Unicode>dann</Unicode>
                    </TextEquiv>
                </Word>
                <Word id="r1l12_w4" custom="readingOrder {index:3;}">
                    <Coords points="1231,1086 1231,1146 1321,1146 1321,1086"/>
                    <TextEquiv>
                        <Unicode>Ihne</Unicode>
                    </TextEquiv>
                </Word>
                <Word id="r1l12_w5" custom="readingOrder {index:4;}">
                    <Coords points="1359,1075 1359,1135 1462,1135 1462,1075"/>
                    <TextEquiv>
                        <Unicode>Wyß</Unicode>
                    </TextEquiv>
                </Word>
                <Word id="r1l12_w6" custom="readingOrder {index:5;}">
                    <Coords points="1500,1063 1500,1123 1666,1123 1666,1063"/>
                    <TextEquiv>
                        <Unicode>allhier</Unicode>
                    </TextEquiv>
                </Word>
                <TextEquiv>
                    <Unicode>zumahen, mitthin dann Ihne Wyß allhier</Unicode>
                </TextEquiv>
            </TextLine>
            <TextLine id="r1l13" custom="readingOrder {index:12;}">
                <Coords points="726,1290 816,1246 982,1293 1150,1230 1284,1274 1401,1235 1476,1255 1655,1176 1735,1193 1728,1119 1222,1135 1105,1173 1041,1145 968,1209 852,1166 718,1211"/>
                <Baseline points="731,1259 780,1256 830,1253 879,1250 929,1245 979,1241 1028,1237 1078,1232 1128,1226 1177,1221 1227,1215 1277,1211 1326,1206 1376,1201 1426,1195 1475,1190 1525,1185 1575,1181 1624,1176 1674,1174 1724,1170"/>
                <Word id="r1l13_w1" custom="readingOrder {index:0;}">
                    <Coords points="737,1216 737,1276 811,1276 811,1216"/>
                    <TextEquiv>
                        <Unicode>zur</Unicode>
                    </TextEquiv>
                </Word>
                <Word id="r1l13_w2" custom="readingOrder {index:1;}">
                    <Coords points="826,1210 826,1270 932,1270 932,1210"/>
                    <TextEquiv>
                        <Unicode>schein</Unicode>
                    </TextEquiv>
                </Word>
                <Word id="r1l13_w3" custom="readingOrder {index:2;}">
                    <Coords points="961,1199 961,1259 1037,1259 1037,1199"/>
                    <TextEquiv>
                        <Unicode>auff</Unicode>
                    </TextEquiv>
                </Word>
                <Word id="r1l13_w4" custom="readingOrder {index:3;}">
                    <Coords points="1052,1192 1052,1252 1098,1252 1098,1192"/>
                    <TextEquiv>
                        <Unicode>den</Unicode>
                    </TextEquiv>
                </Word>
                <Word id="r1l13_w5" custom="readingOrder {index:4;}">
                    <Coords points="1128,1183 1128,1243 1172,1243 1172,1183"/>
                    <TextEquiv>
                        <Unicode>8.</Unicode>
                    </TextEquiv>
                </Word>
                <Word id="r1l13_w6" custom="readingOrder {index:5;}">
                    <Coords points="1187,1172 1187,1232 1322,1232 1322,1172"/>
                    <TextEquiv>
                        <Unicode>Janb.</Unicode>
                    </TextEquiv>
                </Word>
                <Word id="r1l13_w7" custom="readingOrder {index:6;}">
                    <Coords points="1352,1160 1352,1220 1413,1220 1413,1160"/>
                    <TextEquiv>
                        <Unicode>tag</Unicode>
                    </TextEquiv>
                </Word>
                <Word id="r1l13_w8" custom="readingOrder {index:7;}">
                    <Coords points="1443,1139 1443,1199 1728,1199 1728,1139"/>
                    <TextEquiv>
                        <Unicode>anzusetzen.</Unicode>
                    </TextEquiv>
                </Word>
                <TextEquiv>
                    <Unicode>zur schein auff den 8. Janb. tag anzusetzen.</Unicode>
                </TextEquiv>
            </TextLine>
            <TextLine id="r1l14" custom="readingOrder {index:13;}">
                <Coords points="749,1353 783,1358 831,1392 870,1350 894,1361 920,1345 943,1346 934,1260 914,1271 897,1265 882,1278 843,1254 813,1282 793,1277 783,1286 741,1276"/>
                <Baseline points="756,1347 781,1345 806,1341 831,1337 857,1334 882,1332 907,1331 933,1332"/>
                <Word id="r1l14_w1" custom="readingOrder {index:0;}">
                    <Coords points="754,1298 754,1358 891,1358 891,1298"/>
                    <TextEquiv>
                        <Unicode>Welche</Unicode>
                    </TextEquiv>
                </Word>
                <Word id="r1l14_w2" custom="readingOrder {index:1;}">
                    <Coords points="903,1291 903,1351 953,1351 953,1291"/>
                    <TextEquiv>
                        <Unicode>tc.</Unicode>
                    </TextEquiv>
                </Word>
                <TextEquiv>
                    <Unicode>Welche tc.</Unicode>
                </TextEquiv>
            </TextLine>
            <TextLine id="r1l15" custom="readingOrder {index:14;}">
                <Coords points="727,1514 851,1550 1175,1470 1680,1470 1798,1443 1796,1389 1639,1370 1551,1426 1407,1374 1129,1430 796,1379 721,1431"/>
                <Baseline points="735,1508 787,1501 840,1495 893,1490 946,1485 998,1481 1051,1478 1104,1475 1157,1472 1209,1470 1262,1467 1315,1466 1368,1463 1420,1460 1473,1457 1526,1452 1579,1449 1631,1444 1684,1439 1737,1432 1790,1424"/>
                <Word id="r1l15_w1" custom="readingOrder {index:0;}">
                    <Coords points="735,1449 735,1509 1063,1509 1063,1449"/>
                    <TextEquiv>
                        <Unicode>Radelfingen.</Unicode>
                    </TextEquiv>
                </Word>
                <Word id="r1l15_w2" custom="readingOrder {index:1;}">
                    <Coords points="1088,1431 1088,1491 1265,1491 1265,1431"/>
                    <TextEquiv>
                        <Unicode>Weilen</Unicode>
                    </TextEquiv>
                </Word>
                <Word id="r1l15_w3" custom="readingOrder {index:2;}">
                    <Coords points="1327,1419 1327,1479 1518,1479 1518,1419"/>
                    <TextEquiv>
                        <Unicode>Catrina</Unicode>
                    </TextEquiv>
                </Word>
                <Word id="r1l15_w4" custom="readingOrder {index:3;}">
                    <Coords points="1568,1401 1568,1461 1757,1461 1757,1401"/>
                    <TextEquiv>
                        <Unicode>Walthet</Unicode>
                    </TextEquiv>
                </Word>
                <TextEquiv>
                    <Unicode>Radelfingen. Weilen Catrina Walthet</Unicode>
                </TextEquiv>
            </TextLine>
            <TextLine id="r1l16" custom="readingOrder {index:15;}">
                <Coords points="713,1595 849,1567 926,1599 1025,1548 1199,1596 1350,1544 1607,1572 1759,1522 1757,1475 1314,1464 1212,1505 978,1497 854,1551 709,1515"/>
                <Baseline points="720,1584 771,1578 823,1571 874,1566 926,1561 977,1558 1029,1555 1080,1553 1132,1551 1183,1550 1235,1548 1287,1547 1338,1545 1390,1544 1441,1541 1493,1539 1544,1536 1596,1532 1647,1527 1699,1522 1751,1514"/>
                <Word id="r1l16_w1" custom="readingOrder {index:0;}">
                    <Coords points="718,1537 718,1597 826,1597 826,1537"/>
                    <TextEquiv>
                        <Unicode>Von</Unicode>
                    </TextEquiv>
                </Word>
                <Word id="r1l16_w2" custom="readingOrder {index:1;}">
                    <Coords points="865,1520 865,1580 1003,1580 1003,1520"/>
                    <TextEquiv>
                        <Unicode>Wohlen</Unicode>
                    </TextEquiv>
                </Word>
                <Word id="r1l16_w3" custom="readingOrder {index:2;}">
                    <Coords points="1051,1512 1051,1572 1159,1572 1159,1512"/>
                    <TextEquiv>
                        <Unicode>welche</Unicode>
                    </TextEquiv>
                </Word>
                <Word id="r1l16_w4" custom="readingOrder {index:3;}">
                    <Coords points="1199,1508 1199,1568 1257,1568 1257,1508"/>
                    <TextEquiv>
                        <Unicode>Ihr</Unicode>
                    </TextEquiv>
                </Word>
                <Word id="r1l16_w5" custom="readingOrder {index:4;}">
                    <Coords points="1297,1504 1297,1564 1424,1564 1424,1504"/>
                    <TextEquiv>
                        <Unicode>Kindt</Unicode>
                    </TextEquiv>
                </Word>
                <Word id="r1l16_w6" custom="readingOrder {index:5;}">
                    <Coords points="1453,1497 1453,1557 1582,1557 1582,1497"/>
                    <TextEquiv>
                        <Unicode>Frntz</Unicode>
                    </TextEquiv>
                </Word>
                <Word id="r1l16_w7" custom="readingOrder {index:6;}">
                    <Coords points="1611,1482 1611,1542 1769,1542 1769,1482"/>
                    <TextEquiv>
                        <Unicode>Schai¬</Unicode>
                    </TextEquiv>
                </Word>
                <TextEquiv>
                    <Unicode>Von Wohlen welche Ihr Kindt Frntz Schai¬</Unicode>
                </TextEquiv>
            </TextLine>
            <TextLine id="r1l17" custom="readingOrder {index:16;}">
                <Coords points="478,1585 495,1589 509,1578 542,1585 572,1612 620,1580 640,1580 664,1597 686,1589 679,1469 653,1461 635,1482 557,1484 504,1517 473,1509"/>
                <Baseline points="486,1572 513,1569 540,1567 567,1565 595,1563 622,1561 649,1560 677,1559"/>
                <Word id="r1l17_w1" custom="readingOrder {index:0;}">
                    <Coords points="485,1523 485,1583 697,1583 697,1523"/>
                    <TextEquiv>
                        <Unicode>Waltherdt.</Unicode>
                    </TextEquiv>
                </Word>
                <TextEquiv>
                    <Unicode>Waltherdt.</Unicode>
                </TextEquiv>
            </TextLine>
            <TextLine id="r1l18" custom="readingOrder {index:17;}">
                <Coords points="730,1684 1316,1617 1484,1638 1701,1601 1725,1560 1350,1544 1202,1603 1022,1551 952,1614 882,1584 725,1605"/>
                <Baseline points="737,1658 786,1652 835,1647 884,1644 933,1641 982,1637 1031,1634 1080,1632 1129,1629 1178,1626 1227,1624 1276,1622 1325,1620 1374,1617 1423,1614 1472,1611 1521,1608 1570,1604 1619,1600 1668,1594 1718,1589"/>
                <Word id="r1l18_w1" custom="readingOrder {index:0;}">
                    <Coords points="742,1612 742,1672 825,1672 825,1612"/>
                    <TextEquiv>
                        <Unicode>Von</Unicode>
                    </TextEquiv>
                </Word>
                <Word id="r1l18_w2" custom="readingOrder {index:1;}">
                    <Coords points="843,1604 843,1664 909,1664 909,1604"/>
                    <TextEquiv>
                        <Unicode>dam</Unicode>
                    </TextEquiv>
                </Word>
                <Word id="r1l18_w3" custom="readingOrder {index:2;}">
                    <Coords points="937,1596 937,1656 1048,1656 1048,1596"/>
                    <TextEquiv>
                        <Unicode>pfviel</Unicode>
                    </TextEquiv>
                </Word>
                <Word id="r1l18_w4" custom="readingOrder {index:3;}">
                    <Coords points="1085,1585 1085,1645 1308,1645 1308,1585"/>
                    <TextEquiv>
                        <Unicode>zugeeignet</Unicode>
                    </TextEquiv>
                </Word>
                <Word id="r1l18_w5" custom="readingOrder {index:4;}">
                    <Coords points="1336,1576 1336,1636 1428,1636 1428,1576"/>
                    <TextEquiv>
                        <Unicode>undt</Unicode>
                    </TextEquiv>
                </Word>
                <Word id="r1l18_w6" custom="readingOrder {index:5;}">
                    <Coords points="1457,1568 1457,1628 1558,1628 1558,1568"/>
                    <TextEquiv>
                        <Unicode>beyde</Unicode>
                    </TextEquiv>
                </Word>
                <Word id="r1l18_w7" custom="readingOrder {index:6;}">
                    <Coords points="1605,1559 1605,1619 1642,1619 1642,1559"/>
                    <TextEquiv>
                        <Unicode>im</Unicode>
                    </TextEquiv>
                </Word>
                <TextEquiv>
                    <Unicode>Von dam pfviel zugeeignet undt beyde im</Unicode>
                </TextEquiv>
            </TextLine>
            <TextLine id="r1l19" custom="readingOrder {index:18;}">
                <Coords points="480,1676 523,1684 543,1668 568,1683 596,1662 618,1677 675,1687 670,1595 644,1587 633,1593 619,1582 572,1613 544,1587 509,1578 476,1601"/>
                <Baseline points="488,1652 513,1650 538,1649 563,1648 589,1646 614,1644 639,1644 665,1643"/>
                <Word id="r1l19_w1" custom="readingOrder {index:0;}">
                    <Coords points="482,1609 482,1669 552,1669 552,1609"/>
                    <TextEquiv>
                        <Unicode>Schor</Unicode>
                    </TextEquiv>
                </Word>
                <Word id="r1l19_w2" custom="readingOrder {index:1;}">
                    <Coords points="587,1604 587,1664 675,1664 675,1604"/>
                    <TextEquiv>
                        <Unicode>Bantz</Unicode>
                    </TextEquiv>
                </Word>
                <TextEquiv>
                    <Unicode>Schor Bantz</Unicode>
                </TextEquiv>
            </TextLine>
            <TextLine id="r1l20" custom="readingOrder {index:19;}">
                <Coords points="1738,1680 1746,1681 1752,1677 1755,1679 1758,1676 1760,1678 1773,1678 1782,1604 1774,1603 1768,1606 1764,1603 1760,1606 1757,1603 1748,1602"/>
                <Baseline points="1749,1662 1767,1664"/>
                <TextEquiv>
                    <Unicode></Unicode>
                </TextEquiv>
            </TextLine>
            <TextLine id="r1l21" custom="readingOrder {index:20;}">
                <Coords points="751,1785 852,1724 1223,1712 1295,1742 1742,1674 1738,1622 1488,1646 1444,1615 1392,1647 1096,1633 889,1698 810,1649 745,1684"/>
                <Baseline points="755,1727 803,1724 852,1722 901,1722 950,1720 999,1718 1048,1717 1097,1716 1146,1713 1195,1712 1244,1709 1292,1707 1341,1703 1390,1700 1439,1696 1488,1692 1537,1687 1586,1680 1635,1674 1684,1666 1733,1658"/>
                <Word id="r1l21_w1" custom="readingOrder {index:0;}">
                    <Coords points="756,1684 756,1744 831,1744 831,1684"/>
                    <TextEquiv>
                        <Unicode>Eydt</Unicode>
                    </TextEquiv>
                </Word>
                <Word id="r1l21_w2" custom="readingOrder {index:1;}">
                    <Coords points="853,1680 853,1740 1025,1740 1025,1680"/>
                    <TextEquiv>
                        <Unicode>gnugsamb</Unicode>
                    </TextEquiv>
                </Word>
                <Word id="r1l21_w3" custom="readingOrder {index:2;}">
                    <Coords points="1059,1673 1059,1733 1231,1733 1231,1673"/>
                    <TextEquiv>
                        <Unicode>Instruirt</Unicode>
                    </TextEquiv>
                </Word>
                <Word id="r1l21_w4" custom="readingOrder {index:3;}">
                    <Coords points="1243,1667 1243,1727 1328,1727 1328,1667"/>
                    <TextEquiv>
                        <Unicode>sindt,</Unicode>
                    </TextEquiv>
                </Word>
                <Word id="r1l21_w5" custom="readingOrder {index:4;}">
                    <Coords points="1351,1658 1351,1718 1470,1718 1470,1658"/>
                    <TextEquiv>
                        <Unicode>öfftere</Unicode>
                    </TextEquiv>
                </Word>
                <Word id="r1l21_w6" custom="readingOrder {index:5;}">
                    <Coords points="1502,1638 1502,1698 1697,1698 1697,1638"/>
                    <TextEquiv>
                        <Unicode>besuchung</Unicode>
                    </TextEquiv>
                </Word>
                <TextEquiv>
                    <Unicode>Eydt gnugsamb Instruirt sindt, öfftere besuchung</Unicode>
                </TextEquiv>
            </TextLine>
            <TextLine id="r1l22" custom="readingOrder {index:21;}">
                <Coords points="749,1827 1392,1797 1566,1750 1655,1779 1733,1743 1731,1701 1589,1681 1536,1723 1242,1717 991,1764 854,1723 746,1787"/>
                <Baseline points="755,1805 803,1803 851,1802 900,1800 948,1799 997,1797 1045,1796 1094,1794 1142,1793 1191,1790 1239,1788 1287,1785 1336,1782 1384,1778 1433,1774 1481,1769 1530,1764 1578,1758 1627,1750 1675,1742 1724,1733"/>
                <Word id="r1l22_w1" custom="readingOrder {index:0;}">
                    <Coords points="757,1763 757,1823 843,1823 843,1763"/>
                    <TextEquiv>
                        <Unicode>mitt</Unicode>
                    </TextEquiv>
                </Word>
                <Word id="r1l22_w2" custom="readingOrder {index:1;}">
                    <Coords points="865,1759 865,1819 951,1819 951,1759"/>
                    <TextEquiv>
                        <Unicode>Ihren</Unicode>
                    </TextEquiv>
                </Word>
                <Word id="r1l22_w3" custom="readingOrder {index:2;}">
                    <Coords points="962,1756 962,1816 1092,1816 1092,1756"/>
                    <TextEquiv>
                        <Unicode>gehabt</Unicode>
                    </TextEquiv>
                </Word>
                <Word id="r1l22_w4" custom="readingOrder {index:3;}">
                    <Coords points="1114,1753 1114,1813 1146,1813 1146,1753"/>
                    <TextEquiv>
                        <Unicode>zu</Unicode>
                    </TextEquiv>
                </Word>
                <Word id="r1l22_w5" custom="readingOrder {index:4;}">
                    <Coords points="1179,1748 1179,1808 1266,1808 1266,1748"/>
                    <TextEquiv>
                        <Unicode>haben</Unicode>
                    </TextEquiv>
                </Word>
                <Word id="r1l22_w6" custom="readingOrder {index:5;}">
                    <Coords points="1287,1739 1287,1799 1439,1799 1439,1739"/>
                    <TextEquiv>
                        <Unicode>beweisen</Unicode>
                    </TextEquiv>
                </Word>
                <Word id="r1l22_w7" custom="readingOrder {index:6;}">
                    <Coords points="1460,1725 1460,1785 1580,1785 1580,1725"/>
                    <TextEquiv>
                        <Unicode>will,</Unicode>
                    </TextEquiv>
                </Word>
                <Word id="r1l22_w8" custom="readingOrder {index:7;}">
                    <Coords points="1601,1710 1601,1770 1644,1770 1644,1710"/>
                    <TextEquiv>
                        <Unicode>da</Unicode>
                    </TextEquiv>
                </Word>
                <Word id="r1l22_w9" custom="readingOrder {index:8;}">
                    <Coords points="1677,1698 1677,1758 1709,1758 1709,1698"/>
                    <TextEquiv>
                        <Unicode>Er</Unicode>
                    </TextEquiv>
                </Word>
                <TextEquiv>
                    <Unicode>mitt Ihren gehabt zu haben beweisen will, da Er</Unicode>
                </TextEquiv>
            </TextLine>
            <TextLine id="r1l23" custom="readingOrder {index:22;}">
                <Coords points="761,1913 1542,1840 1617,1877 1764,1819 1760,1761 1608,1814 1362,1785 1293,1839 1168,1784 1116,1817 991,1800 936,1856 755,1829"/>
                <Baseline points="767,1889 816,1886 865,1883 915,1881 964,1879 1013,1878 1063,1875 1112,1874 1161,1871 1211,1869 1260,1867 1309,1864 1359,1861 1408,1857 1457,1853 1507,1847 1556,1841 1605,1833 1655,1826 1704,1816 1754,1806"/>
                <Word id="r1l23_w1" custom="readingOrder {index:0;}">
                    <Coords points="765,1847 765,1907 828,1907 828,1847"/>
                    <TextEquiv>
                        <Unicode>doch</Unicode>
                    </TextEquiv>
                </Word>
                <Word id="r1l23_w2" custom="readingOrder {index:1;}">
                    <Coords points="850,1842 850,1902 892,1902 892,1842"/>
                    <TextEquiv>
                        <Unicode>Sie</Unicode>
                    </TextEquiv>
                </Word>
                <Word id="r1l23_w3" custom="readingOrder {index:2;}">
                    <Coords points="913,1838 913,1898 1072,1898 1072,1838"/>
                    <TextEquiv>
                        <Unicode>gebiltet</Unicode>
                    </TextEquiv>
                </Word>
                <Word id="r1l23_w4" custom="readingOrder {index:3;}">
                    <Coords points="1115,1832 1115,1892 1147,1892 1147,1832"/>
                    <TextEquiv>
                        <Unicode>zu</Unicode>
                    </TextEquiv>
                </Word>
                <Word id="r1l23_w5" custom="readingOrder {index:4;}">
                    <Coords points="1168,1828 1168,1888 1275,1888 1275,1828"/>
                    <TextEquiv>
                        <Unicode>haben</Unicode>
                    </TextEquiv>
                </Word>
                <Word id="r1l23_w6" custom="readingOrder {index:5;}">
                    <Coords points="1327,1814 1327,1874 1540,1874 1540,1814"/>
                    <TextEquiv>
                        <Unicode>vermeinet</Unicode>
                    </TextEquiv>
                </Word>
                <Word id="r1l23_w7" custom="readingOrder {index:6;}">
                    <Coords points="1582,1782 1582,1842 1762,1842 1762,1782"/>
                    <TextEquiv>
                        <Unicode>nächtertt</Unicode>
                    </TextEquiv>
                </Word>
                <TextEquiv>
                    <Unicode>doch Sie gebiltet zu haben vermeinet nächtertt</Unicode>
                </TextEquiv>
            </TextLine>
            <TextLine id="r1l24" custom="readingOrder {index:23;}">
                <Coords points="758,1978 1098,1961 1242,2004 1307,1950 1438,1984 1511,1929 1610,1953 1775,1907 1770,1846 1704,1830 1535,1900 1334,1872 1275,1925 1046,1892 753,1912"/>
                <Baseline points="764,1965 814,1964 864,1964 914,1962 964,1961 1014,1959 1064,1957 1114,1955 1164,1952 1214,1949 1265,1946 1315,1942 1365,1938 1415,1934 1465,1927 1515,1922 1565,1916 1615,1908 1665,1902 1715,1894 1766,1884"/>
                <Word id="r1l24_w1" custom="readingOrder {index:0;}">
                    <Coords points="766,1924 766,1984 848,1984 848,1924"/>
                    <TextEquiv>
                        <Unicode>aber</Unicode>
                    </TextEquiv>
                </Word>
                <Word id="r1l24_w2" custom="readingOrder {index:1;}">
                    <Coords points="871,1921 871,1981 988,1981 988,1921"/>
                    <TextEquiv>
                        <Unicode>solches</Unicode>
                    </TextEquiv>
                </Word>
                <Word id="r1l24_w3" custom="readingOrder {index:2;}">
                    <Coords points="999,1917 999,1977 1082,1977 1082,1917"/>
                    <TextEquiv>
                        <Unicode>vor</Unicode>
                    </TextEquiv>
                </Word>
                <Word id="r1l24_w4" custom="readingOrder {index:3;}">
                    <Coords points="1105,1913 1105,1973 1187,1973 1187,1913"/>
                    <TextEquiv>
                        <Unicode>nß</Unicode>
                    </TextEquiv>
                </Word>
                <Word id="r1l24_w5" custom="readingOrder {index:4;}">
                    <Coords points="1233,1900 1233,1960 1444,1960 1444,1900"/>
                    <TextEquiv>
                        <Unicode>geständig</Unicode>
                    </TextEquiv>
                </Word>
                <Word id="r1l24_w6" custom="readingOrder {index:5;}">
                    <Coords points="1467,1883 1467,1943 1538,1943 1538,1883"/>
                    <TextEquiv>
                        <Unicode>sein</Unicode>
                    </TextEquiv>
                </Word>
                <Word id="r1l24_w7" custom="readingOrder {index:6;}">
                    <Coords points="1561,1862 1561,1922 1760,1922 1760,1862"/>
                    <TextEquiv>
                        <Unicode>müeßten,</Unicode>
                    </TextEquiv>
                </Word>
                <TextEquiv>
                    <Unicode>aber solches vor nß geständig sein müeßten,</Unicode>
                </TextEquiv>
            </TextLine>
            <TextLine id="r1l25" custom="readingOrder {index:24;}">
                <Coords points="755,2066 954,2047 1012,2090 1088,2041 1313,2070 1462,2019 1592,2038 1763,1997 1759,1923 1518,1956 1467,2005 1253,2015 1105,1965 980,1992 866,1953 752,2010"/>
                <Baseline points="761,2043 810,2043 860,2043 909,2042 959,2042 1009,2042 1058,2040 1108,2040 1158,2039 1207,2038 1257,2036 1307,2034 1356,2031 1406,2028 1456,2023 1505,2018 1555,2012 1605,2005 1654,1996 1704,1987 1754,1976"/>
                <Word id="r1l25_w1" custom="readingOrder {index:0;}">
                    <Coords points="766,2003 766,2063 949,2063 949,2003"/>
                    <TextEquiv>
                        <Unicode>vollindt</Unicode>
                    </TextEquiv>
                </Word>
                <Word id="r1l25_w2" custom="readingOrder {index:1;}">
                    <Coords points="961,2000 961,2060 1134,2060 1134,2000"/>
                    <TextEquiv>
                        <Unicode>MeHr</Unicode>
                    </TextEquiv>
                </Word>
                <Word id="r1l25_w3" custom="readingOrder {index:2;}">
                    <Coords points="1158,1998 1158,2058 1195,2058 1195,1998"/>
                    <TextEquiv>
                        <Unicode>ir</Unicode>
                    </TextEquiv>
                </Word>
                <Word id="r1l25_w4" custom="readingOrder {index:3;}">
                    <Coords points="1219,1992 1219,2052 1440,2052 1440,1992"/>
                    <TextEquiv>
                        <Unicode>angesonng</Unicode>
                    </TextEquiv>
                </Word>
                <Word id="r1l25_w5" custom="readingOrder {index:4;}">
                    <Coords points="1477,1973 1477,2033 1612,2033 1612,1973"/>
                    <TextEquiv>
                        <Unicode>haben,</Unicode>
                    </TextEquiv>
                </Word>
                <Word id="r1l25_w6" custom="readingOrder {index:5;}">
                    <Coords points="1636,1953 1636,2013 1698,2013 1698,1953"/>
                    <TextEquiv>
                        <Unicode>des</Unicode>
                    </TextEquiv>
                </Word>
                <TextEquiv>
                    <Unicode>vollindt MeHr ir angesonng haben, des</Unicode>
                </TextEquiv>
            </TextLine>
            <TextLine id="r1l26" custom="readingOrder {index:25;}">
                <Coords points="754,2133 980,2129 1107,2191 1422,2111 1780,2090 1776,2032 1635,2019 1518,2049 1465,2019 1354,2081 1091,2043 1013,2090 958,2050 750,2064"/>
                <Baseline points="761,2123 811,2124 861,2124 912,2124 962,2125 1013,2126 1063,2126 1113,2126 1164,2124 1214,2124 1265,2122 1315,2120 1365,2117 1416,2112 1466,2107 1517,2101 1567,2094 1617,2085 1668,2075 1718,2065 1769,2051"/>
                <Word id="r1l26_w1" custom="readingOrder {index:0;}">
                    <Coords points="766,2084 766,2144 981,2144 981,2084"/>
                    <TextEquiv>
                        <Unicode>Waltherds</Unicode>
                    </TextEquiv>
                </Word>
                <Word id="r1l26_w2" custom="readingOrder {index:1;}">
                    <Coords points="1022,2084 1022,2144 1317,2144 1317,2084"/>
                    <TextEquiv>
                        <Unicode>Kundtschaffte</Unicode>
                    </TextEquiv>
                </Word>
                <Word id="r1l26_w3" custom="readingOrder {index:2;}">
                    <Coords points="1359,2069 1359,2129 1519,2129 1519,2069"/>
                    <TextEquiv>
                        <Unicode>hierüber</Unicode>
                    </TextEquiv>
                </Word>
                <Word id="r1l26_w4" custom="readingOrder {index:3;}">
                    <Coords points="1547,2054 1547,2114 1573,2114 1573,2054"/>
                    <TextEquiv>
                        <Unicode>zu</Unicode>
                    </TextEquiv>
                </Word>
                <Word id="r1l26_w5" custom="readingOrder {index:4;}">
                    <Coords points="1600,2029 1600,2089 1790,2089 1790,2029"/>
                    <TextEquiv>
                        <Unicode>broenen,</Unicode>
                    </TextEquiv>
                </Word>
                <TextEquiv>
                    <Unicode>Waltherds Kundtschaffte hierüber zu broenen,</Unicode>
                </TextEquiv>
            </TextLine>
            <TextLine id="r1l27" custom="readingOrder {index:26;}">
                <Coords points="753,2209 914,2254 988,2217 1075,2265 1128,2225 1350,2262 1455,2187 1590,2229 1786,2123 1598,2099 1472,2144 1237,2141 1168,2190 887,2122 750,2164"/>
                <Baseline points="761,2201 811,2204 862,2207 913,2208 964,2210 1015,2211 1066,2213 1116,2213 1167,2211 1218,2210 1269,2208 1320,2205 1371,2201 1422,2196 1472,2191 1523,2183 1574,2176 1625,2166 1676,2157 1727,2144 1778,2132"/>
                <Word id="r1l27_w1" custom="readingOrder {index:0;}">
                    <Coords points="770,2164 770,2224 863,2224 863,2164"/>
                    <TextEquiv>
                        <Unicode>undt</Unicode>
                    </TextEquiv>
                </Word>
                <Word id="r1l27_w2" custom="readingOrder {index:1;}">
                    <Coords points="878,2167 878,2227 940,2227 940,2167"/>
                    <TextEquiv>
                        <Unicode>den</Unicode>
                    </TextEquiv>
                </Word>
                <Word id="r1l27_w3" custom="readingOrder {index:2;}">
                    <Coords points="955,2172 955,2232 1173,2232 1173,2172"/>
                    <TextEquiv>
                        <Unicode>außagen</Unicode>
                    </TextEquiv>
                </Word>
                <Word id="r1l27_w4" custom="readingOrder {index:3;}">
                    <Coords points="1205,2167 1205,2227 1360,2227 1360,2167"/>
                    <TextEquiv>
                        <Unicode>sambt</Unicode>
                    </TextEquiv>
                </Word>
                <Word id="r1l27_w5" custom="readingOrder {index:4;}">
                    <Coords points="1391,2143 1391,2203 1655,2203 1655,2143"/>
                    <TextEquiv>
                        <Unicode>horhaltung</Unicode>
                    </TextEquiv>
                </Word>
                <Word id="r1l27_w6" custom="readingOrder {index:5;}">
                    <Coords points="1686,2108 1686,2168 1733,2168 1733,2108"/>
                    <TextEquiv>
                        <Unicode>der</Unicode>
                    </TextEquiv>
                </Word>
                <TextEquiv>
                    <Unicode>undt den außagen sambt horhaltung der</Unicode>
                </TextEquiv>
            </TextLine>
            <TextLine id="r1l28" custom="readingOrder {index:27;}">
                <Coords points="754,2348 838,2301 906,2339 1025,2299 1182,2306 1244,2353 1300,2309 1431,2341 1479,2304 1528,2347 1623,2271 1761,2248 1760,2214 1583,2234 1456,2187 1373,2261 1167,2237 1104,2275 993,2219 920,2254 749,2206"/>
                <Baseline points="761,2297 810,2297 860,2297 909,2297 959,2298 1009,2298 1058,2300 1108,2300 1158,2301 1207,2301 1257,2300 1307,2300 1356,2297 1406,2295 1456,2291 1505,2287 1555,2281 1605,2274 1654,2265 1704,2255 1754,2243"/>
                <Word id="r1l28_w1" custom="readingOrder {index:0;}">
                    <Coords points="753,2257 753,2317 981,2317 981,2257"/>
                    <TextEquiv>
                        <Unicode>Pfartseyen,</Unicode>
                    </TextEquiv>
                </Word>
                <Word id="r1l28_w2" custom="readingOrder {index:1;}">
                    <Coords points="1011,2259 1011,2319 1083,2319 1083,2259"/>
                    <TextEquiv>
                        <Unicode>wan</Unicode>
                    </TextEquiv>
                </Word>
                <Word id="r1l28_w3" custom="readingOrder {index:2;}">
                    <Coords points="1125,2261 1125,2321 1197,2321 1197,2261"/>
                    <TextEquiv>
                        <Unicode>der</Unicode>
                    </TextEquiv>
                </Word>
                <Word id="r1l28_w4" custom="readingOrder {index:3;}">
                    <Coords points="1211,2260 1211,2320 1355,2320 1355,2260"/>
                    <TextEquiv>
                        <Unicode>Klegein</Unicode>
                    </TextEquiv>
                </Word>
                <Word id="r1l28_w5" custom="readingOrder {index:4;}">
                    <Coords points="1383,2251 1383,2311 1527,2311 1527,2251"/>
                    <TextEquiv>
                        <Unicode>Kindt</Unicode>
                    </TextEquiv>
                </Word>
                <Word id="r1l28_w6" custom="readingOrder {index:5;}">
                    <Coords points="1555,2231 1555,2291 1685,2291 1685,2231"/>
                    <TextEquiv>
                        <Unicode>halb</Unicode>
                    </TextEquiv>
                </Word>
                <TextEquiv>
                    <Unicode>Pfartseyen, wan der Klegein Kindt halb</Unicode>
                </TextEquiv>
            </TextLine>
            <TextLine id="r1l29" custom="readingOrder {index:28;}">
                <Coords points="747,2436 886,2458 978,2389 1083,2428 1154,2400 1241,2458 1340,2458 1393,2413 1575,2418 1575,2352 1480,2305 1425,2346 1307,2316 1253,2363 1170,2308 1054,2303 985,2344 849,2302 747,2356"/>
                <Baseline points="756,2399 796,2395 837,2391 877,2388 918,2387 959,2387 999,2387 1040,2387 1080,2388 1121,2390 1162,2391 1202,2391 1243,2393 1283,2394 1324,2394 1365,2394 1405,2394 1446,2393 1486,2391 1527,2387 1568,2382"/>
                <Word id="r1l29_w1" custom="readingOrder {index:0;}">
                    <Coords points="797,2349 797,2409 905,2409 905,2349"/>
                    <TextEquiv>
                        <Unicode>Jährig</Unicode>
                    </TextEquiv>
                </Word>
                <Word id="r1l29_w2" custom="readingOrder {index:1;}">
                    <Coords points="921,2347 921,2407 983,2407 983,2347"/>
                    <TextEquiv>
                        <Unicode>sein</Unicode>
                    </TextEquiv>
                </Word>
                <Word id="r1l29_w3" custom="readingOrder {index:2;}">
                    <Coords points="1013,2347 1013,2407 1122,2407 1122,2347"/>
                    <TextEquiv>
                        <Unicode>wirden</Unicode>
                    </TextEquiv>
                </Word>
                <Word id="r1l29_w4" custom="readingOrder {index:3;}">
                    <Coords points="1137,2351 1137,2411 1213,2411 1213,2351"/>
                    <TextEquiv>
                        <Unicode>vnß</Unicode>
                    </TextEquiv>
                </Word>
                <Word id="r1l29_w5" custom="readingOrder {index:4;}">
                    <Coords points="1260,2353 1260,2413 1567,2413 1567,2353"/>
                    <TextEquiv>
                        <Unicode>einzusenden:</Unicode>
                    </TextEquiv>
                </Word>
                <TextEquiv>
                    <Unicode>Jährig sein wirden vnß einzusenden:</Unicode>
                </TextEquiv>
            </TextLine>
            <TextEquiv>
                <Unicode></Unicode>
            </TextEquiv>
        </TextRegion>
        <TextRegion orientation="0.0" id="r2" custom="readingOrder {index:1;}">
            <Coords points="1802,454 1802,2452 2036,2452 2036,454"/>
            <TextLine id="r2l1" custom="readingOrder {index:0;}">
                <Coords points="1817,569 1869,528 1906,531 1926,511 1973,504 1950,438 1934,451 1897,443 1867,473 1817,478 1793,502"/>
                <Baseline points="1817,545 1845,535 1874,525 1903,514 1932,505 1961,494"/>
                <Word id="r2l1_w1" custom="readingOrder {index:0;}">
                    <Coords points="1798,505 1798,565 1816,565 1816,505"/>
                    <TextEquiv>
                        <Unicode>s</Unicode>
                    </TextEquiv>
                </Word>
                <Word id="r2l1_w2" custom="readingOrder {index:1;}">
                    <Coords points="1882,478 1882,538 1899,538 1899,478"/>
                    <TextEquiv>
                        <Unicode>l</Unicode>
                    </TextEquiv>
                </Word>
                <TextEquiv>
                    <Unicode>s l</Unicode>
                </TextEquiv>
            </TextLine>
            <TextLine id="r2l2" custom="readingOrder {index:1;}">
                <Coords points="1807,681 1825,660 1863,665 1894,619 1941,588 1977,594 2032,574 2005,491 1899,548 1866,540 1852,555 1837,551 1785,614"/>
                <Baseline points="1802,639 1829,626 1856,615 1884,605 1911,596 1938,587 1966,580 1993,573 2021,566"/>
                <Word id="r2l2_w1" custom="readingOrder {index:0;}">
                    <Coords points="1796,590 1796,650 1845,650 1845,590"/>
                    <TextEquiv>
                        <Unicode>pe</Unicode>
                    </TextEquiv>
                </Word>
                <Word id="r2l2_w2" custom="readingOrder {index:1;}">
                    <Coords points="1894,539 1894,599 2042,599 2042,539"/>
                    <TextEquiv>
                        <Unicode>saber</Unicode>
                    </TextEquiv>
                </Word>
                <TextEquiv>
                    <Unicode>pe saber</Unicode>
                </TextEquiv>
            </TextLine>
            <TextLine id="r2l3" custom="readingOrder {index:2;}">
                <Coords points="1838,1862 1864,1854 1914,1815 1940,1830 1970,1814 1993,1826 2040,1819 2036,1737 2015,1734 1993,1745 1950,1729 1923,1729 1900,1751 1880,1750 1863,1762 1853,1753 1834,1757"/>
                <Baseline points="1845,1815 1871,1814 1898,1813 1924,1812 1951,1810 1977,1808 2004,1808 2031,1809"/>
                <Word id="r2l3_w1" custom="readingOrder {index:0;}">
                    <Coords points="1835,1774 1835,1834 1894,1834 1894,1774"/>
                    <TextEquiv>
                        <Unicode>Arpo</Unicode>
                    </TextEquiv>
                </Word>
                <Word id="r2l3_w2" custom="readingOrder {index:1;}">
                    <Coords points="1918,1768 1918,1828 2037,1828 2037,1768"/>
                    <TextEquiv>
                        <Unicode>eoremie</Unicode>
                    </TextEquiv>
                </Word>
                <TextEquiv>
                    <Unicode>Arpo eoremie</Unicode>
                </TextEquiv>
            </TextLine>
            <TextLine id="r2l4" custom="readingOrder {index:3;}">
                <Coords points="1833,2021 1843,2021 1863,2043 1897,2030 1929,2040 1946,2026 1965,2029 1975,2021 1996,2032 2027,2030 2030,1963 2001,1953 1983,1962 1950,1939 1882,1915 1853,1889 1840,1890"/>
                <Baseline points="1842,2010 1867,2013 1892,2013 1917,2014 1943,2015 1968,2016 1993,2018 2019,2021"/>
                <Word id="r2l4_w1" custom="readingOrder {index:0;}">
                    <Coords points="1835,1973 1835,2033 1908,2033 1908,1973"/>
                    <TextEquiv>
                        <Unicode>vand</Unicode>
                    </TextEquiv>
                </Word>
                <Word id="r2l4_w2" custom="readingOrder {index:1;}">
                    <Coords points="1923,1976 1923,2036 2025,2036 2025,1976"/>
                    <TextEquiv>
                        <Unicode>Keson</Unicode>
                    </TextEquiv>
                </Word>
                <TextEquiv>
                    <Unicode>vand Keson</Unicode>
                </TextEquiv>
            </TextLine>
            <TextLine id="r2l5" custom="readingOrder {index:4;}">
                <Coords points="1857,2302 1877,2296 1890,2307 1907,2294 1951,2335 1998,2293 2045,2302 2045,2210 1998,2217 1974,2211 1911,2228 1892,2218 1858,2218"/>
                <Baseline points="1865,2279 1893,2280 1922,2282 1950,2282 1979,2283 2007,2281 2036,2279"/>
                <Word id="r2l5_w1" custom="readingOrder {index:0;}">
                    <Coords points="1857,2239 1857,2299 1890,2299 1890,2239"/>
                    <TextEquiv>
                        <Unicode>der</Unicode>
                    </TextEquiv>
                </Word>
                <Word id="r2l5_w2" custom="readingOrder {index:1;}">
                    <Coords points="1912,2242 1912,2302 2032,2302 2032,2242"/>
                    <TextEquiv>
                        <Unicode>Christen</Unicode>
                    </TextEquiv>
                </Word>
                <TextEquiv>
                    <Unicode>der Christen</Unicode>
                </TextEquiv>
            </TextLine>
            <TextLine id="r2l6" custom="readingOrder {index:5;}">
                <Coords points="1861,2377 1886,2395 1910,2387 1934,2397 1944,2391 1968,2414 2008,2404 2013,2342 1991,2348 1975,2331 1952,2337 1910,2293 1880,2315 1866,2313"/>
                <Baseline points="1869,2375 1895,2377 1921,2380 1948,2382 1974,2384 2001,2384"/>
                <Word id="r2l6_w1" custom="readingOrder {index:0;}">
                    <Coords points="1862,2338 1862,2398 1960,2398 1960,2338"/>
                    <TextEquiv>
                        <Unicode>Saum</Unicode>
                    </TextEquiv>
                </Word>
                <TextEquiv>
                    <Unicode>Saum</Unicode>
                </TextEquiv>
            </TextLine>
            <TextLine id="r2l7" custom="readingOrder {index:6;}">
                <Coords points="1852,2441 1866,2445 1869,2442 1876,2443 1895,2450 1910,2438 1921,2439 1924,2392 1911,2391 1888,2374 1881,2380 1875,2379 1866,2387 1855,2385"/>
                <Baseline points="1860,2435 1887,2436 1914,2438"/>
                <Word id="r2l7_w1" custom="readingOrder {index:0;}">
                    <Coords points="1850,2396 1850,2456 1924,2456 1924,2396"/>
                    <TextEquiv>
                        <Unicode>Ihri</Unicode>
                    </TextEquiv>
                </Word>
                <TextEquiv>
                    <Unicode>Ihri</Unicode>
                </TextEquiv>
            </TextLine>
            <TextEquiv>
                <Unicode></Unicode>
            </TextEquiv>
        </TextRegion>
        <TextRegion orientation="0.0" id="r3" custom="readingOrder {index:2;}">
            <Coords points="2018,213 2018,2632 3288,2632 3288,213"/>
            <TextLine id="r3l1" custom="readingOrder {index:0;}">
                <Coords points="3106,266 3124,273 3136,266 3145,268 3184,242 3200,256 3213,248 3222,258 3235,257 3239,206 3217,201 3205,211 3193,201 3179,209 3159,198 3146,202 3113,191"/>
                <Baseline points="3116,246 3143,242 3171,245 3199,249 3227,252"/>
                <Word id="r3l1_w1" custom="readingOrder {index:0;}">
                    <Coords points="3111,204 3111,264 3216,264 3216,204"/>
                    <TextEquiv>
                        <Unicode>205x</Unicode>
                    </TextEquiv>
                </Word>
                <TextEquiv>
                    <Unicode>205x</Unicode>
                </TextEquiv>
            </TextLine>
            <TextLine id="r3l2" custom="readingOrder {index:1;}">
                <Coords points="2017,411 2286,338 2512,323 2593,364 2767,312 3208,318 3193,238 3036,281 2691,227 2538,288 2318,227 2123,298 2009,244"/>
                <Baseline points="2024,383 2082,371 2141,359 2200,350 2259,342 2318,335 2376,330 2435,326 2494,322 2553,320 2612,318 2670,317 2729,317 2788,315 2847,315 2906,315 2964,315 3023,314 3082,312 3141,311 3200,308"/>
                <Word id="r3l2_w1" custom="readingOrder {index:0;}">
                    <Coords points="2022,325 2022,385 2201,385 2201,325"/>
                    <TextEquiv>
                        <Unicode>Jhorberg</Unicode>
                    </TextEquiv>
                </Word>
                <Word id="r3l2_w2" custom="readingOrder {index:1;}">
                    <Coords points="2225,301 2225,361 2309,361 2309,301"/>
                    <TextEquiv>
                        <Unicode>undt</Unicode>
                    </TextEquiv>
                </Word>
                <Word id="r3l2_w3" custom="readingOrder {index:2;}">
                    <Coords points="2332,286 2332,346 2535,346 2535,286"/>
                    <TextEquiv>
                        <Unicode>Wechingen</Unicode>
                    </TextEquiv>
                </Word>
                <Word id="r3l2_w4" custom="readingOrder {index:3;}">
                    <Coords points="2584,277 2584,337 2691,337 2691,277"/>
                    <TextEquiv>
                        <Unicode>Sep.</Unicode>
                    </TextEquiv>
                </Word>
                <Word id="r3l2_w5" custom="readingOrder {index:4;}">
                    <Coords points="2703,277 2703,337 2751,337 2751,277"/>
                    <TextEquiv>
                        <Unicode>Es</Unicode>
                    </TextEquiv>
                </Word>
                <Word id="r3l2_w6" custom="readingOrder {index:5;}">
                    <Coords points="2786,275 2786,335 2870,335 2870,275"/>
                    <TextEquiv>
                        <Unicode>habe</Unicode>
                    </TextEquiv>
                </Word>
                <Word id="r3l2_w7" custom="readingOrder {index:6;}">
                    <Coords points="2906,275 2906,335 3002,335 3002,275"/>
                    <TextEquiv>
                        <Unicode>zwer</Unicode>
                    </TextEquiv>
                </Word>
                <Word id="r3l2_w8" custom="readingOrder {index:7;}">
                    <Coords points="3037,271 3037,331 3204,331 3204,271"/>
                    <TextEquiv>
                        <Unicode>Niclaus</Unicode>
                    </TextEquiv>
                </Word>
                <TextEquiv>
                    <Unicode>Jhorberg undt Wechingen Sep. Es habe zwer Niclaus</Unicode>
                </TextEquiv>
            </TextLine>
            <TextLine id="r3l3" custom="readingOrder {index:2;}">
                <Coords points="2032,479 2274,418 2456,460 2524,424 2589,465 2795,399 3206,399 3167,334 2768,313 2609,363 2309,337 2224,405 2136,370 2029,416"/>
                <Baseline points="2040,465 2097,451 2155,439 2213,430 2271,421 2329,414 2387,409 2444,405 2502,402 2560,401 2618,399 2676,398 2734,398 2792,396 2849,396 2907,395 2965,393 3023,392 3081,389 3139,386 3197,381"/>
                <Word id="r3l3_w1" custom="readingOrder {index:0;}">
                    <Coords points="2043,418 2043,478 2091,478 2091,418"/>
                    <TextEquiv>
                        <Unicode>6t</Unicode>
                    </TextEquiv>
                </Word>
                <Word id="r3l3_w2" custom="readingOrder {index:1;}">
                    <Coords points="2128,397 2128,457 2202,457 2202,397"/>
                    <TextEquiv>
                        <Unicode>von</Unicode>
                    </TextEquiv>
                </Word>
                <Word id="r3l3_w3" custom="readingOrder {index:2;}">
                    <Coords points="2250,367 2250,427 2556,427 2556,367"/>
                    <TextEquiv>
                        <Unicode>dieboltehausen</Unicode>
                    </TextEquiv>
                </Word>
                <Word id="r3l3_w4" custom="readingOrder {index:3;}">
                    <Coords points="2592,358 2592,418 2653,418 2653,358"/>
                    <TextEquiv>
                        <Unicode>sich</Unicode>
                    </TextEquiv>
                </Word>
                <Word id="r3l3_w5" custom="readingOrder {index:4;}">
                    <Coords points="2665,356 2665,416 2898,416 2898,356"/>
                    <TextEquiv>
                        <Unicode>geleigeret,</Unicode>
                    </TextEquiv>
                </Word>
                <Word id="r3l3_w6" custom="readingOrder {index:5;}">
                    <Coords points="2922,353 2922,413 2983,413 2983,353"/>
                    <TextEquiv>
                        <Unicode>die</Unicode>
                    </TextEquiv>
                </Word>
                <Word id="r3l3_w7" custom="readingOrder {index:6;}">
                    <Coords points="3007,348 3007,408 3190,408 3190,348"/>
                    <TextEquiv>
                        <Unicode>barbara</Unicode>
                    </TextEquiv>
                </Word>
                <TextEquiv>
                    <Unicode>6t von dieboltehausen sich geleigeret, die barbara</Unicode>
                </TextEquiv>
            </TextLine>
            <TextLine id="r3l4" custom="readingOrder {index:3;}">
                <Coords points="2030,581 2081,543 2189,573 2305,505 3161,485 3191,451 2927,396 2620,464 2390,425 2025,486"/>
                <Baseline points="2036,551 2093,537 2150,525 2208,515 2265,507 2323,500 2380,495 2438,491 2495,488 2553,486 2610,485 2667,483 2725,483 2782,482 2840,482 2897,482 2955,480 3012,479 3070,477 3127,474 3185,470"/>
                <Word id="r3l4_w1" custom="readingOrder {index:0;}">
                    <Coords points="2028,489 2028,549 2226,549 2226,489"/>
                    <TextEquiv>
                        <Unicode>Schärling</Unicode>
                    </TextEquiv>
                </Word>
                <Word id="r3l4_w2" custom="readingOrder {index:1;}">
                    <Coords points="2254,464 2254,524 2324,524 2324,464"/>
                    <TextEquiv>
                        <Unicode>von</Unicode>
                    </TextEquiv>
                </Word>
                <Word id="r3l4_w3" custom="readingOrder {index:2;}">
                    <Coords points="2354,448 2354,508 2621,508 2621,448"/>
                    <TextEquiv>
                        <Unicode>Walbringe,</Unicode>
                    </TextEquiv>
                </Word>
                <Word id="r3l4_w4" custom="readingOrder {index:3;}">
                    <Coords points="2635,443 2635,503 2721,503 2721,443"/>
                    <TextEquiv>
                        <Unicode>mit</Unicode>
                    </TextEquiv>
                </Word>
                <Word id="r3l4_w5" custom="readingOrder {index:4;}">
                    <Coords points="2749,442 2749,502 2805,502 2805,442"/>
                    <TextEquiv>
                        <Unicode>der</Unicode>
                    </TextEquiv>
                </Word>
                <Word id="r3l4_w6" custom="readingOrder {index:5;}">
                    <Coords points="2862,442 2862,502 2904,502 2904,442"/>
                    <TextEquiv>
                        <Unicode>Er</Unicode>
                    </TextEquiv>
                </Word>
                <Word id="r3l4_w7" custom="readingOrder {index:6;}">
                    <Coords points="2918,438 2918,498 3130,498 3130,438"/>
                    <TextEquiv>
                        <Unicode>würkliche</Unicode>
                    </TextEquiv>
                </Word>
                <TextEquiv>
                    <Unicode>Schärling von Walbringe, mit der Er würkliche</Unicode>
                </TextEquiv>
            </TextLine>
            <TextLine id="r3l5" custom="readingOrder {index:4;}">
                <Coords points="2028,633 2598,565 2785,617 2852,560 3167,568 3197,527 3083,473 3014,517 2301,505 2167,578 2082,545 2026,597"/>
                <Baseline points="2036,626 2093,615 2151,604 2209,596 2267,590 2324,582 2382,578 2440,574 2498,571 2555,569 2613,566 2671,564 2729,564 2786,563 2844,563 2902,561 2960,561 3017,560 3075,558 3133,557 3191,554"/>
                <Word id="r3l5_w1" custom="readingOrder {index:0;}">
                    <Coords points="2040,566 2040,626 2238,626 2238,566"/>
                    <TextEquiv>
                        <Unicode>deymahl</Unicode>
                    </TextEquiv>
                </Word>
                <Word id="r3l5_w2" custom="readingOrder {index:1;}">
                    <Coords points="2263,538 2263,598 2499,598 2499,538"/>
                    <TextEquiv>
                        <Unicode>verwündet</Unicode>
                    </TextEquiv>
                </Word>
                <Word id="r3l5_w3" custom="readingOrder {index:2;}">
                    <Coords points="2524,527 2524,587 2636,587 2636,527"/>
                    <TextEquiv>
                        <Unicode>worden</Unicode>
                    </TextEquiv>
                </Word>
                <Word id="r3l5_w4" custom="readingOrder {index:3;}">
                    <Coords points="2685,523 2685,583 2922,583 2922,523"/>
                    <TextEquiv>
                        <Unicode>zuEhrlichen</Unicode>
                    </TextEquiv>
                </Word>
                <Word id="r3l5_w5" custom="readingOrder {index:4;}">
                    <Coords points="2971,519 2971,579 3108,579 3108,519"/>
                    <TextEquiv>
                        <Unicode>weilen</Unicode>
                    </TextEquiv>
                </Word>
                <TextEquiv>
                    <Unicode>deymahl verwündet worden zuEhrlichen weilen</Unicode>
                </TextEquiv>
            </TextLine>
            <TextLine id="r3l6" custom="readingOrder {index:5;}">
                <Coords points="2029,709 2221,717 2335,651 2505,687 2646,637 2840,687 3002,616 3217,627 3215,580 2853,560 2729,617 2616,564 2025,643"/>
                <Baseline points="2037,707 2095,693 2154,680 2212,671 2271,663 2330,655 2388,650 2447,646 2505,642 2564,640 2623,638 2681,636 2740,635 2798,633 2857,632 2916,631 2974,629 3033,626 3091,623 3150,619 3209,614"/>
                <Word id="r3l6_w1" custom="readingOrder {index:0;}">
                    <Coords points="2039,663 2039,723 2063,723 2063,663"/>
                    <TextEquiv>
                        <Unicode>Er</Unicode>
                    </TextEquiv>
                </Word>
                <Word id="r3l6_w2" custom="readingOrder {index:1;}">
                    <Coords points="2099,646 2099,706 2147,706 2147,646"/>
                    <TextEquiv>
                        <Unicode>daß</Unicode>
                    </TextEquiv>
                </Word>
                <Word id="r3l6_w3" custom="readingOrder {index:2;}">
                    <Coords points="2183,619 2183,679 2414,679 2414,619"/>
                    <TextEquiv>
                        <Unicode>beyschlaffs</Unicode>
                    </TextEquiv>
                </Word>
                <Word id="r3l6_w4" custom="readingOrder {index:3;}">
                    <Coords points="2438,604 2438,664 2498,664 2498,604"/>
                    <TextEquiv>
                        <Unicode>mit</Unicode>
                    </TextEquiv>
                </Word>
                <Word id="r3l6_w5" custom="readingOrder {index:4;}">
                    <Coords points="2522,597 2522,657 2729,657 2729,597"/>
                    <TextEquiv>
                        <Unicode>geständig,</Unicode>
                    </TextEquiv>
                </Word>
                <Word id="r3l6_w6" custom="readingOrder {index:5;}">
                    <Coords points="2753,592 2753,652 2850,652 2850,592"/>
                    <TextEquiv>
                        <Unicode>undt</Unicode>
                    </TextEquiv>
                </Word>
                <Word id="r3l6_w7" custom="readingOrder {index:6;}">
                    <Coords points="2887,590 2887,650 2995,650 2995,590"/>
                    <TextEquiv>
                        <Unicode>haben</Unicode>
                    </TextEquiv>
                </Word>
                <Word id="r3l6_w8" custom="readingOrder {index:7;}">
                    <Coords points="3007,585 3007,645 3069,645 3069,585"/>
                    <TextEquiv>
                        <Unicode>sich</Unicode>
                    </TextEquiv>
                </Word>
                <Word id="r3l6_w9" custom="readingOrder {index:8;}">
                    <Coords points="3093,578 3093,638 3227,638 3227,578"/>
                    <TextEquiv>
                        <Unicode>diße¬</Unicode>
                    </TextEquiv>
                </Word>
                <TextEquiv>
                    <Unicode>Er daß beyschlaffs mit geständig, undt haben sich diße¬</Unicode>
                </TextEquiv>
            </TextLine>
            <TextLine id="r3l7" custom="readingOrder {index:6;}">
                <Coords points="2013,843 2163,761 2320,741 2514,721 2647,770 2752,707 3056,728 3139,711 3133,624 2999,617 2840,684 2615,639 2527,696 2334,651 2250,715 2119,695 2008,771"/>
                <Baseline points="2018,797 2073,783 2129,771 2184,760 2240,750 2296,742 2351,736 2407,730 2463,726 2518,722 2574,719 2630,716 2685,714 2741,713 2797,711 2852,710 2908,710 2964,708 3019,707 3075,707 3131,704"/>
                <Word id="r3l7_w1" custom="readingOrder {index:0;}">
                    <Coords points="2031,739 2031,799 2152,799 2152,739"/>
                    <TextEquiv>
                        <Unicode>steht</Unicode>
                    </TextEquiv>
                </Word>
                <Word id="r3l7_w2" custom="readingOrder {index:1;}">
                    <Coords points="2186,712 2186,772 2270,772 2270,712"/>
                    <TextEquiv>
                        <Unicode>auf</Unicode>
                    </TextEquiv>
                </Word>
                <Word id="r3l7_w3" custom="readingOrder {index:2;}">
                    <Coords points="2306,697 2306,757 2374,757 2374,697"/>
                    <TextEquiv>
                        <Unicode>die</Unicode>
                    </TextEquiv>
                </Word>
                <Word id="r3l7_w4" custom="readingOrder {index:3;}">
                    <Coords points="2408,683 2408,743 2581,743 2581,683"/>
                    <TextEquiv>
                        <Unicode>Gienste</Unicode>
                    </TextEquiv>
                </Word>
                <Word id="r3l7_w5" custom="readingOrder {index:4;}">
                    <Coords points="2598,673 2598,733 2804,733 2804,673"/>
                    <TextEquiv>
                        <Unicode>bauffen.</Unicode>
                    </TextEquiv>
                </Word>
                <Word id="r3l7_w6" custom="readingOrder {index:5;}">
                    <Coords points="2837,669 2837,729 3011,729 3011,669"/>
                    <TextEquiv>
                        <Unicode>Mehlßd</Unicode>
                    </TextEquiv>
                </Word>
                <Word id="r3l7_w7" custom="readingOrder {index:6;}">
                    <Coords points="3028,666 3028,726 3129,726 3129,666"/>
                    <TextEquiv>
                        <Unicode>aber</Unicode>
                    </TextEquiv>
                </Word>
                <TextEquiv>
                    <Unicode>steht auf die Gienste bauffen. Mehlßd aber</Unicode>
                </TextEquiv>
            </TextLine>
            <TextLine id="r3l8" custom="readingOrder {index:7;}">
                <Coords points="2036,890 2416,829 2517,874 2601,804 2707,844 2887,786 3095,810 3163,797 3159,732 2945,759 2794,708 2637,770 2509,725 2031,821"/>
                <Baseline points="2042,873 2097,862 2153,852 2208,843 2264,835 2320,828 2375,822 2431,816 2487,812 2542,807 2598,804 2654,800 2709,798 2765,796 2821,794 2876,792 2932,791 2988,789 3043,788 3099,786 3155,785"/>
                <Word id="r3l8_w1" custom="readingOrder {index:0;}">
                    <Coords points="2059,814 2059,874 2215,874 2215,814"/>
                    <TextEquiv>
                        <Unicode>habendt</Unicode>
                    </TextEquiv>
                </Word>
                <Word id="r3l8_w2" custom="readingOrder {index:1;}">
                    <Coords points="2240,792 2240,852 2331,852 2331,792"/>
                    <TextEquiv>
                        <Unicode>Ihne</Unicode>
                    </TextEquiv>
                </Word>
                <Word id="r3l8_w3" custom="readingOrder {index:2;}">
                    <Coords points="2394,773 2394,833 2550,833 2550,773"/>
                    <TextEquiv>
                        <Unicode>diesers</Unicode>
                    </TextEquiv>
                </Word>
                <Word id="r3l8_w4" custom="readingOrder {index:3;}">
                    <Coords points="2563,762 2563,822 2679,822 2679,762"/>
                    <TextEquiv>
                        <Unicode>seines</Unicode>
                    </TextEquiv>
                </Word>
                <Word id="r3l8_w5" custom="readingOrder {index:4;}">
                    <Coords points="2706,754 2706,814 2888,814 2888,754"/>
                    <TextEquiv>
                        <Unicode>begehrens</Unicode>
                    </TextEquiv>
                </Word>
                <Word id="r3l8_w6" custom="readingOrder {index:5;}">
                    <Coords points="2913,748 2913,808 3158,808 3158,748"/>
                    <TextEquiv>
                        <Unicode>abgelisen</Unicode>
                    </TextEquiv>
                </Word>
                <TextEquiv>
                    <Unicode>habendt Ihne diesers seines begehrens abgelisen</Unicode>
                </TextEquiv>
            </TextLine>
            <TextLine id="r3l9" custom="readingOrder {index:8;}">
                <Coords points="2032,956 2942,861 3201,875 3225,795 2720,856 2632,824 2522,874 2444,830 2293,882 2153,853 2028,907"/>
                <Baseline points="2040,951 2099,942 2158,935 2217,927 2276,920 2335,914 2394,908 2453,902 2512,897 2571,892 2630,888 2689,882 2748,879 2807,876 2866,872 2925,869 2984,865 3043,863 3102,859 3161,855 3221,852"/>
                <Word id="r3l9_w1" custom="readingOrder {index:0;}">
                    <Coords points="2041,902 2041,962 2148,962 2148,902"/>
                    <TextEquiv>
                        <Unicode>undt</Unicode>
                    </TextEquiv>
                </Word>
                <Word id="r3l9_w2" custom="readingOrder {index:1;}">
                    <Coords points="2171,886 2171,946 2278,946 2278,886"/>
                    <TextEquiv>
                        <Unicode>Ihne</Unicode>
                    </TextEquiv>
                </Word>
                <Word id="r3l9_w3" custom="readingOrder {index:2;}">
                    <Coords points="2313,869 2313,929 2444,929 2444,869"/>
                    <TextEquiv>
                        <Unicode>dahin</Unicode>
                    </TextEquiv>
                </Word>
                <Word id="r3l9_w4" custom="readingOrder {index:3;}">
                    <Coords points="2480,846 2480,906 2801,906 2801,846"/>
                    <TextEquiv>
                        <Unicode>angehalten,</Unicode>
                    </TextEquiv>
                </Word>
                <Word id="r3l9_w5" custom="readingOrder {index:4;}">
                    <Coords points="2813,831 2813,891 2920,891 2920,831"/>
                    <TextEquiv>
                        <Unicode>selbe</Unicode>
                    </TextEquiv>
                </Word>
                <Word id="r3l9_w6" custom="readingOrder {index:5;}">
                    <Coords points="2967,824 2967,884 3050,884 3050,824"/>
                    <TextEquiv>
                        <Unicode>noch</Unicode>
                    </TextEquiv>
                </Word>
                <Word id="r3l9_w7" custom="readingOrder {index:6;}">
                    <Coords points="3074,815 3074,875 3241,875 3241,815"/>
                    <TextEquiv>
                        <Unicode>bevor¬</Unicode>
                    </TextEquiv>
                </Word>
                <TextEquiv>
                    <Unicode>undt Ihne dahin angehalten, selbe noch bevor¬</Unicode>
                </TextEquiv>
            </TextLine>
            <TextLine id="r3l10" custom="readingOrder {index:9;}">
                <Coords points="2013,1085 2839,953 3247,967 3202,875 2964,874 2519,902 2320,984 2222,930 2003,972"/>
                <Baseline points="2018,1043 2078,1033 2139,1025 2200,1018 2261,1009 2322,1002 2383,994 2444,987 2505,982 2566,975 2627,968 2687,963 2748,959 2809,954 2870,950 2931,948 2992,944 3053,943 3114,941 3175,941 3236,941"/>
                <Word id="r3l10_w1" custom="readingOrder {index:0;}">
                    <Coords points="2038,984 2038,1044 2254,1044 2254,984"/>
                    <TextEquiv>
                        <Unicode>stehender</Unicode>
                    </TextEquiv>
                </Word>
                <Word id="r3l10_w2" custom="readingOrder {index:1;}">
                    <Coords points="2285,959 2285,1019 2393,1019 2393,959"/>
                    <TextEquiv>
                        <Unicode>Zeiche</Unicode>
                    </TextEquiv>
                </Word>
                <Word id="r3l10_w3" custom="readingOrder {index:2;}">
                    <Coords points="2408,947 2408,1007 2469,1007 2469,947"/>
                    <TextEquiv>
                        <Unicode>zuit</Unicode>
                    </TextEquiv>
                </Word>
                <Word id="r3l10_w4" custom="readingOrder {index:3;}">
                    <Coords points="2501,928 2501,988 2746,988 2746,928"/>
                    <TextEquiv>
                        <Unicode>alsobaldt</Unicode>
                    </TextEquiv>
                </Word>
                <Word id="r3l10_w5" custom="readingOrder {index:4;}">
                    <Coords points="2778,914 2778,974 2824,974 2824,914"/>
                    <TextEquiv>
                        <Unicode>zu</Unicode>
                    </TextEquiv>
                </Word>
                <Word id="r3l10_w6" custom="readingOrder {index:5;}">
                    <Coords points="2854,904 2854,964 3101,964 3101,904"/>
                    <TextEquiv>
                        <Unicode>heübrathe,</Unicode>
                    </TextEquiv>
                </Word>
                <Word id="r3l10_w7" custom="readingOrder {index:6;}">
                    <Coords points="3133,901 3133,961 3257,961 3257,901"/>
                    <TextEquiv>
                        <Unicode>welchen</Unicode>
                    </TextEquiv>
                </Word>
                <TextEquiv>
                    <Unicode>stehender Zeiche zuit alsobaldt zu heübrathe, welchen</Unicode>
                </TextEquiv>
            </TextLine>
            <TextLine id="r3l11" custom="readingOrder {index:10;}">
                <Coords points="2038,1160 2132,1165 2231,1099 2343,1144 2374,1118 2570,1119 2644,1055 2775,1070 2840,1038 2833,966 2466,1048 2406,1008 2362,1059 2277,1014 2030,1083"/>
                <Baseline points="2042,1112 2081,1107 2121,1105 2160,1100 2200,1096 2239,1092 2279,1088 2318,1083 2358,1078 2397,1074 2437,1070 2476,1065 2516,1062 2555,1059 2595,1055 2634,1052 2674,1049 2713,1047 2753,1044 2792,1043 2832,1041"/>
                <Word id="r3l11_w1" custom="readingOrder {index:0;}">
                    <Coords points="2055,1066 2055,1126 2145,1126 2145,1066"/>
                    <TextEquiv>
                        <Unicode>nach</Unicode>
                    </TextEquiv>
                </Word>
                <Word id="r3l11_w2" custom="readingOrder {index:1;}">
                    <Coords points="2163,1056 2163,1116 2218,1116 2218,1056"/>
                    <TextEquiv>
                        <Unicode>zu</Unicode>
                    </TextEquiv>
                </Word>
                <Word id="r3l11_w3" custom="readingOrder {index:2;}">
                    <Coords points="2235,1047 2235,1107 2326,1107 2326,1047"/>
                    <TextEquiv>
                        <Unicode>kan</Unicode>
                    </TextEquiv>
                </Word>
                <Word id="r3l11_w4" custom="readingOrder {index:3;}">
                    <Coords points="2361,1035 2361,1095 2398,1095 2398,1035"/>
                    <TextEquiv>
                        <Unicode>Er</Unicode>
                    </TextEquiv>
                </Word>
                <Word id="r3l11_w5" custom="readingOrder {index:4;}">
                    <Coords points="2433,1025 2433,1085 2506,1085 2506,1025"/>
                    <TextEquiv>
                        <Unicode>auch</Unicode>
                    </TextEquiv>
                </Word>
                <Word id="r3l11_w6" custom="readingOrder {index:5;}">
                    <Coords points="2541,1009 2541,1069 2794,1069 2794,1009"/>
                    <TextEquiv>
                        <Unicode>angelobte</Unicode>
                    </TextEquiv>
                </Word>
                <TextEquiv>
                    <Unicode>nach zu kan Er auch angelobte</Unicode>
                </TextEquiv>
            </TextLine>
            <TextLine id="r3l12" custom="readingOrder {index:11;}">
                <Coords points="2114,1309 2307,1320 2382,1265 2596,1218 2645,1255 2837,1215 2956,1239 2951,1176 2793,1114 2654,1161 2568,1121 2462,1198 2346,1205 2237,1155 2142,1225 2105,1212"/>
                <Baseline points="2120,1290 2161,1282 2202,1276 2243,1271 2285,1265 2326,1260 2367,1255 2408,1251 2450,1248 2491,1245 2532,1242 2573,1238 2615,1235 2656,1232 2697,1229 2738,1226 2780,1223 2821,1219 2862,1216 2903,1212 2945,1206"/>
                <Word id="r3l12_w1" custom="readingOrder {index:0;}">
                    <Coords points="2128,1227 2128,1287 2401,1287 2401,1227"/>
                    <TextEquiv>
                        <Unicode>Sonstags</Unicode>
                    </TextEquiv>
                </Word>
                <Word id="r3l12_w2" custom="readingOrder {index:1;}">
                    <Coords points="2434,1206 2434,1266 2503,1266 2503,1206"/>
                    <TextEquiv>
                        <Unicode>den</Unicode>
                    </TextEquiv>
                </Word>
                <Word id="r3l12_w3" custom="readingOrder {index:2;}">
                    <Coords points="2520,1197 2520,1257 2640,1257 2640,1197"/>
                    <TextEquiv>
                        <Unicode>18tn</Unicode>
                    </TextEquiv>
                </Word>
                <Word id="r3l12_w4" custom="readingOrder {index:3;}">
                    <Coords points="2657,1186 2657,1246 2795,1246 2795,1186"/>
                    <TextEquiv>
                        <Unicode>10bris</Unicode>
                    </TextEquiv>
                </Word>
                <Word id="r3l12_w5" custom="readingOrder {index:4;}">
                    <Coords points="2811,1173 2811,1233 2966,1233 2966,1173"/>
                    <TextEquiv>
                        <Unicode>1732.</Unicode>
                    </TextEquiv>
                </Word>
                <TextEquiv>
                    <Unicode>Sonstags den 18tn 10bris 1732.</Unicode>
                </TextEquiv>
            </TextLine>
            <TextLine id="r3l13" custom="readingOrder {index:12;}">
                <Coords points="2431,1382 2463,1359 2479,1361 2506,1338 2523,1349 2553,1338 2612,1341 2606,1287 2585,1291 2537,1255 2501,1277 2484,1268 2465,1275 2445,1259 2419,1272"/>
                <Baseline points="2436,1347 2463,1346 2491,1343 2519,1340 2547,1335 2575,1333 2603,1331"/>
                <Word id="r3l13_w1" custom="readingOrder {index:0;}">
                    <Coords points="2433,1299 2433,1359 2608,1359 2608,1299"/>
                    <TextEquiv>
                        <Unicode>Pases</Unicode>
                    </TextEquiv>
                </Word>
                <TextEquiv>
                    <Unicode>Pases</Unicode>
                </TextEquiv>
            </TextLine>
            <TextLine id="r3l14" custom="readingOrder {index:13;}">
                <Coords points="2225,1459 2376,1490 2478,1424 2531,1455 2572,1424 2601,1439 2690,1408 2746,1439 2777,1420 2769,1320 2494,1349 2437,1385 2366,1366 2220,1396"/>
                <Baseline points="2231,1445 2257,1442 2284,1440 2311,1437 2338,1434 2365,1432 2392,1430 2418,1428 2445,1425 2472,1424 2499,1422 2526,1419 2553,1416 2580,1415 2606,1412 2633,1411 2660,1409 2687,1406 2714,1404 2741,1402 2768,1400"/>
                <Word id="r3l14_w1" custom="readingOrder {index:0;}">
                    <Coords points="2222,1394 2222,1454 2444,1454 2444,1394"/>
                    <TextEquiv>
                        <Unicode>Mengdedge</Unicode>
                    </TextEquiv>
                </Word>
                <Word id="r3l14_w2" custom="readingOrder {index:1;}">
                    <Coords points="2472,1383 2472,1443 2497,1443 2497,1383"/>
                    <TextEquiv>
                        <Unicode>re</Unicode>
                    </TextEquiv>
                </Word>
                <Word id="r3l14_w3" custom="readingOrder {index:2;}">
                    <Coords points="2576,1372 2576,1432 2628,1432 2628,1372"/>
                    <TextEquiv>
                        <Unicode>eren</Unicode>
                    </TextEquiv>
                </Word>
                <Word id="r3l14_w4" custom="readingOrder {index:3;}">
                    <Coords points="2654,1364 2654,1424 2759,1424 2759,1364"/>
                    <TextEquiv>
                        <Unicode>euner</Unicode>
                    </TextEquiv>
                </Word>
                <TextEquiv>
                    <Unicode>Mengdedge re eren euner</Unicode>
                </TextEquiv>
            </TextLine>
            <TextLine id="r3l15" custom="readingOrder {index:14;}">
                <Coords points="2392,1563 2422,1544 2504,1555 2544,1516 2576,1509 2601,1487 2631,1491 2668,1477 2662,1411 2603,1438 2572,1424 2536,1450 2483,1424 2453,1452 2442,1448 2384,1485"/>
                <Baseline points="2394,1506 2420,1504 2447,1501 2473,1497 2500,1494 2527,1491 2553,1489 2580,1486 2606,1484 2633,1482 2660,1481"/>
                <Word id="r3l15_w1" custom="readingOrder {index:0;}">
                    <Coords points="2400,1451 2400,1511 2649,1511 2649,1451"/>
                    <TextEquiv>
                        <Unicode>Assessores</Unicode>
                    </TextEquiv>
                </Word>
                <TextEquiv>
                    <Unicode>Assessores</Unicode>
                </TextEquiv>
            </TextLine>
            <TextLine id="r3l16" custom="readingOrder {index:15;}">
                <Coords points="2059,1661 2076,1658 2103,1668 2136,1641 2159,1642 2176,1630 2186,1636 2204,1618 2235,1618 2227,1532 2203,1534 2182,1518 2151,1536 2139,1527 2122,1543 2047,1532"/>
                <Baseline points="2063,1613 2090,1609 2117,1605 2144,1603 2171,1600 2198,1598 2225,1599"/>
                <Word id="r3l16_w1" custom="readingOrder {index:0;}">
                    <Coords points="2050,1563 2050,1623 2230,1623 2230,1563"/>
                    <TextEquiv>
                        <Unicode>Meengd</Unicode>
                    </TextEquiv>
                </Word>
                <TextEquiv>
                    <Unicode>Meengd</Unicode>
                </TextEquiv>
            </TextLine>
            <TextLine id="r3l17" custom="readingOrder {index:16;}">
                <Coords points="2079,1809 2391,1835 2788,1752 3222,1748 3217,1678 3092,1719 2768,1660 2491,1755 2309,1704 2181,1754 2074,1735"/>
                <Baseline points="2087,1803 2143,1800 2199,1794 2255,1791 2312,1786 2368,1783 2424,1779 2481,1774 2537,1771 2593,1767 2650,1763 2706,1759 2762,1755 2818,1752 2875,1749 2931,1747 2987,1744 3044,1742 3100,1740 3156,1738 3213,1737"/>
                <Word id="r3l17_w1" custom="readingOrder {index:0;}">
                    <Coords points="2074,1759 2074,1819 2227,1819 2227,1759"/>
                    <TextEquiv>
                        <Unicode>teremie</Unicode>
                    </TextEquiv>
                </Word>
                <Word id="r3l17_w2" custom="readingOrder {index:1;}">
                    <Coords points="2270,1744 2270,1804 2412,1804 2412,1744"/>
                    <TextEquiv>
                        <Unicode>George</Unicode>
                    </TextEquiv>
                </Word>
                <Word id="r3l17_w3" custom="readingOrder {index:2;}">
                    <Coords points="2456,1731 2456,1791 2587,1791 2587,1731"/>
                    <TextEquiv>
                        <Unicode>einem</Unicode>
                    </TextEquiv>
                </Word>
                <Word id="r3l17_w4" custom="readingOrder {index:3;}">
                    <Coords points="2664,1712 2664,1772 2935,1772 2935,1712"/>
                    <TextEquiv>
                        <Unicode>Reffugierten</Unicode>
                    </TextEquiv>
                </Word>
                <Word id="r3l17_w5" custom="readingOrder {index:4;}">
                    <Coords points="2969,1699 2969,1759 3232,1759 3232,1699"/>
                    <TextEquiv>
                        <Unicode>Strunof¬</Unicode>
                    </TextEquiv>
                </Word>
                <TextEquiv>
                    <Unicode>teremie George einem Reffugierten Strunof¬</Unicode>
                </TextEquiv>
            </TextLine>
            <TextLine id="r3l18" custom="readingOrder {index:17;}">
                <Coords points="2074,1890 2896,1823 3043,1860 3239,1799 3236,1758 2877,1789 2784,1753 2527,1828 2070,1838"/>
                <Baseline points="2082,1881 2139,1877 2196,1873 2254,1869 2311,1864 2369,1860 2426,1856 2484,1851 2541,1847 2599,1842 2656,1838 2713,1834 2771,1830 2828,1825 2886,1821 2943,1818 3001,1814 3058,1811 3116,1808 3173,1805 3231,1803"/>
                <Word id="r3l18_w1" custom="readingOrder {index:0;}">
                    <Coords points="2068,1836 2068,1896 2222,1896 2222,1836"/>
                    <TextEquiv>
                        <Unicode>Bäben,</Unicode>
                    </TextEquiv>
                </Word>
                <Word id="r3l18_w2" custom="readingOrder {index:1;}">
                    <Coords points="2240,1824 2240,1884 2377,1884 2377,1824"/>
                    <TextEquiv>
                        <Unicode>beillen</Unicode>
                    </TextEquiv>
                </Word>
                <Word id="r3l18_w3" custom="readingOrder {index:2;}">
                    <Coords points="2413,1815 2413,1875 2449,1875 2449,1815"/>
                    <TextEquiv>
                        <Unicode>er</Unicode>
                    </TextEquiv>
                </Word>
                <Word id="r3l18_w4" custom="readingOrder {index:3;}">
                    <Coords points="2494,1808 2494,1868 2549,1868 2549,1808"/>
                    <TextEquiv>
                        <Unicode>ein</Unicode>
                    </TextEquiv>
                </Word>
                <Word id="r3l18_w5" custom="readingOrder {index:4;}">
                    <Coords points="2594,1793 2594,1853 2839,1853 2839,1793"/>
                    <TextEquiv>
                        <Unicode>Attestation</Unicode>
                    </TextEquiv>
                </Word>
                <Word id="r3l18_w6" custom="readingOrder {index:5;}">
                    <Coords points="2866,1780 2866,1840 2912,1840 2912,1780"/>
                    <TextEquiv>
                        <Unicode>vo</Unicode>
                    </TextEquiv>
                </Word>
                <Word id="r3l18_w7" custom="readingOrder {index:6;}">
                    <Coords points="2930,1777 2930,1837 2985,1837 2985,1777"/>
                    <TextEquiv>
                        <Unicode>Mein</Unicode>
                    </TextEquiv>
                </Word>
                <Word id="r3l18_w8" custom="readingOrder {index:7;}">
                    <Coords points="2994,1772 2994,1832 3067,1832 3067,1772"/>
                    <TextEquiv>
                        <Unicode>gnädigen</Unicode>
                    </TextEquiv>
                </Word>
                <Word id="r3l18_w9" custom="readingOrder {index:8;}">
                    <Coords points="3076,1768 3076,1828 3148,1828 3148,1768"/>
                    <TextEquiv>
                        <Unicode>Herren</Unicode>
                    </TextEquiv>
                </Word>
                <Word id="r3l18_w10" custom="readingOrder {index:9;}">
                    <Coords points="3167,1764 3167,1824 3212,1824 3212,1764"/>
                    <TextEquiv>
                        <Unicode>den</Unicode>
                    </TextEquiv>
                </Word>
                <TextEquiv>
                    <Unicode>Bäben, beillen er ein Attestation vo Mein gnädigen Herren den</Unicode>
                </TextEquiv>
            </TextLine>
            <TextLine id="r3l19" custom="readingOrder {index:18;}">
                <Coords points="2054,1990 2294,1958 2438,1994 2524,1932 3296,1870 3291,1815 3232,1799 3075,1867 2983,1821 2667,1887 2574,1852 2513,1903 2435,1870 2048,1911"/>
                <Baseline points="2060,1970 2121,1965 2182,1960 2244,1955 2305,1950 2367,1945 2428,1939 2489,1934 2551,1929 2612,1923 2674,1917 2735,1912 2796,1907 2858,1902 2919,1896 2981,1893 3042,1889 3103,1884 3165,1881 3226,1878 3288,1875"/>
                <Word id="r3l19_w1" custom="readingOrder {index:0;}">
                    <Coords points="2064,1923 2064,1983 2210,1983 2210,1923"/>
                    <TextEquiv>
                        <Unicode>borings</Unicode>
                    </TextEquiv>
                </Word>
                <Word id="r3l19_w2" custom="readingOrder {index:1;}">
                    <Coords points="2251,1908 2251,1968 2384,1968 2384,1908"/>
                    <TextEquiv>
                        <Unicode>Räthen</Unicode>
                    </TextEquiv>
                </Word>
                <Word id="r3l19_w3" custom="readingOrder {index:2;}">
                    <Coords points="2410,1889 2410,1949 2690,1949 2690,1889"/>
                    <TextEquiv>
                        <Unicode>vorgebiesen,</Unicode>
                    </TextEquiv>
                </Word>
                <Word id="r3l19_w4" custom="readingOrder {index:3;}">
                    <Coords points="2703,1871 2703,1931 2771,1931 2771,1871"/>
                    <TextEquiv>
                        <Unicode>daß</Unicode>
                    </TextEquiv>
                </Word>
                <Word id="r3l19_w5" custom="readingOrder {index:4;}">
                    <Coords points="2797,1862 2797,1922 2904,1922 2904,1862"/>
                    <TextEquiv>
                        <Unicode>ihme</Unicode>
                    </TextEquiv>
                </Word>
                <Word id="r3l19_w6" custom="readingOrder {index:5;}">
                    <Coords points="2945,1853 2945,1913 2997,1913 2997,1853"/>
                    <TextEquiv>
                        <Unicode>der</Unicode>
                    </TextEquiv>
                </Word>
                <Word id="r3l19_w7" custom="readingOrder {index:6;}">
                    <Coords points="3025,1841 3025,1901 3278,1901 3278,1841"/>
                    <TextEquiv>
                        <Unicode>aufenthalt</Unicode>
                    </TextEquiv>
                </Word>
                <TextEquiv>
                    <Unicode>borings Räthen vorgebiesen, daß ihme der aufenthalt</Unicode>
                </TextEquiv>
            </TextLine>
            <TextLine id="r3l20" custom="readingOrder {index:19;}">
                <Coords points="2062,2071 2238,2098 2512,2006 2792,1989 3060,2029 3240,1959 3125,1885 3025,1930 2810,1903 2680,1983 2565,1931 2441,1996 2347,1964 2056,2002"/>
                <Baseline points="2069,2049 2127,2046 2185,2043 2243,2039 2301,2035 2359,2030 2417,2024 2475,2019 2533,2013 2591,2007 2650,2001 2708,1995 2766,1989 2824,1985 2882,1979 2940,1974 2998,1970 3056,1965 3114,1962 3172,1958 3231,1956"/>
                <Word id="r3l20_w1" custom="readingOrder {index:0;}">
                    <Coords points="2061,2004 2061,2064 2266,2064 2266,2004"/>
                    <TextEquiv>
                        <Unicode>vergehet</Unicode>
                    </TextEquiv>
                </Word>
                <Word id="r3l20_w2" custom="readingOrder {index:1;}">
                    <Coords points="2282,1991 2282,2051 2408,2051 2408,1991"/>
                    <TextEquiv>
                        <Unicode>seyd,</Unicode>
                    </TextEquiv>
                </Word>
                <Word id="r3l20_w3" custom="readingOrder {index:2;}">
                    <Coords points="2424,1979 2424,2039 2520,2039 2520,1979"/>
                    <TextEquiv>
                        <Unicode>mit</Unicode>
                    </TextEquiv>
                </Word>
                <Word id="r3l20_w4" custom="readingOrder {index:3;}">
                    <Coords points="2535,1966 2535,2026 2662,2026 2662,1966"/>
                    <TextEquiv>
                        <Unicode>bison</Unicode>
                    </TextEquiv>
                </Word>
                <Word id="r3l20_w5" custom="readingOrder {index:4;}">
                    <Coords points="2693,1949 2693,2009 2836,2009 2836,1949"/>
                    <TextEquiv>
                        <Unicode>dacand</Unicode>
                    </TextEquiv>
                </Word>
                <Word id="r3l20_w6" custom="readingOrder {index:5;}">
                    <Coords points="2853,1938 2853,1998 2916,1998 2916,1938"/>
                    <TextEquiv>
                        <Unicode>vor</Unicode>
                    </TextEquiv>
                </Word>
                <Word id="r3l20_w7" custom="readingOrder {index:6;}">
                    <Coords points="2931,1925 2931,1985 3169,1985 3169,1925"/>
                    <TextEquiv>
                        <Unicode>Milsturg</Unicode>
                    </TextEquiv>
                </Word>
                <TextEquiv>
                    <Unicode>vergehet seyd, mit bison dacand vor Milsturg</Unicode>
                </TextEquiv>
            </TextLine>
            <TextLine id="r3l21" custom="readingOrder {index:20;}">
                <Coords points="2065,2179 2109,2188 2168,2145 2314,2173 2503,2157 2674,2088 2738,2115 2857,2061 2851,1995 2703,2027 2606,2007 2445,2075 2361,2045 2273,2103 2122,2065 2056,2086"/>
                <Baseline points="2069,2138 2108,2135 2147,2132 2186,2129 2225,2127 2264,2123 2303,2120 2342,2117 2381,2113 2420,2109 2459,2106 2498,2102 2537,2098 2576,2094 2615,2090 2654,2087 2693,2082 2732,2077 2771,2072 2810,2067 2849,2061"/>
                <Word id="r3l21_w1" custom="readingOrder {index:0;}">
                    <Coords points="2063,2092 2063,2152 2220,2152 2220,2092"/>
                    <TextEquiv>
                        <Unicode>Zurcher</Unicode>
                    </TextEquiv>
                </Word>
                <Word id="r3l21_w2" custom="readingOrder {index:1;}">
                    <Coords points="2237,2081 2237,2141 2341,2141 2341,2081"/>
                    <TextEquiv>
                        <Unicode>necht</Unicode>
                    </TextEquiv>
                </Word>
                <Word id="r3l21_w3" custom="readingOrder {index:2;}">
                    <Coords points="2377,2071 2377,2131 2411,2131 2411,2071"/>
                    <TextEquiv>
                        <Unicode>zu</Unicode>
                    </TextEquiv>
                </Word>
                <Word id="r3l21_w4" custom="readingOrder {index:3;}">
                    <Coords points="2428,2061 2428,2121 2586,2121 2586,2061"/>
                    <TextEquiv>
                        <Unicode>halten</Unicode>
                    </TextEquiv>
                </Word>
                <Word id="r3l21_w5" custom="readingOrder {index:4;}">
                    <Coords points="2622,2035 2622,2095 2867,2095 2867,2035"/>
                    <TextEquiv>
                        <Unicode>bebilliget.</Unicode>
                    </TextEquiv>
                </Word>
                <TextEquiv>
                    <Unicode>Zurcher necht zu halten bebilliget.</Unicode>
                </TextEquiv>
            </TextLine>
            <TextLine id="r3l22" custom="readingOrder {index:21;}">
                <Coords points="2087,2314 2576,2225 2891,2246 3035,2173 3107,2215 3290,2193 3281,2101 3025,2129 2812,2092 2738,2154 2444,2145 2079,2229"/>
                <Baseline points="2090,2261 2149,2259 2208,2256 2268,2253 2327,2249 2387,2245 2446,2240 2505,2235 2565,2230 2624,2224 2684,2220 2743,2213 2802,2208 2862,2202 2921,2196 2981,2189 3040,2184 3099,2179 3159,2171 3218,2166 3278,2160"/>
                <Word id="r3l22_w1" custom="readingOrder {index:0;}">
                    <Coords points="2086,2217 2086,2277 2265,2277 2265,2217"/>
                    <TextEquiv>
                        <Unicode>Cheisten</Unicode>
                    </TextEquiv>
                </Word>
                <Word id="r3l22_w2" custom="readingOrder {index:1;}">
                    <Coords points="2282,2207 2282,2267 2424,2267 2424,2207"/>
                    <TextEquiv>
                        <Unicode>Maher</Unicode>
                    </TextEquiv>
                </Word>
                <Word id="r3l22_w3" custom="readingOrder {index:2;}">
                    <Coords points="2441,2196 2441,2256 2530,2256 2530,2196"/>
                    <TextEquiv>
                        <Unicode>von</Unicode>
                    </TextEquiv>
                </Word>
                <Word id="r3l22_w4" custom="readingOrder {index:3;}">
                    <Coords points="2550,2183 2550,2243 2726,2243 2726,2183"/>
                    <TextEquiv>
                        <Unicode>Voligen</Unicode>
                    </TextEquiv>
                </Word>
                <Word id="r3l22_w5" custom="readingOrder {index:4;}">
                    <Coords points="2764,2169 2764,2229 2798,2229 2798,2169"/>
                    <TextEquiv>
                        <Unicode>so</Unicode>
                    </TextEquiv>
                </Word>
                <Word id="r3l22_w6" custom="readingOrder {index:5;}">
                    <Coords points="2835,2162 2835,2222 2888,2222 2888,2162"/>
                    <TextEquiv>
                        <Unicode>in</Unicode>
                    </TextEquiv>
                </Word>
                <Word id="r3l22_w7" custom="readingOrder {index:6;}">
                    <Coords points="2925,2148 2925,2208 3049,2208 3049,2148"/>
                    <TextEquiv>
                        <Unicode>salche</Unicode>
                    </TextEquiv>
                </Word>
                <Word id="r3l22_w8" custom="readingOrder {index:7;}">
                    <Coords points="3084,2128 3084,2188 3300,2188 3300,2128"/>
                    <TextEquiv>
                        <Unicode>Mußbug</Unicode>
                    </TextEquiv>
                </Word>
                <TextEquiv>
                    <Unicode>Cheisten Maher von Voligen so in salche Mußbug</Unicode>
                </TextEquiv>
            </TextLine>
            <TextLine id="r3l23" custom="readingOrder {index:22;}">
                <Coords points="2079,2390 2153,2346 2541,2376 2733,2303 2808,2332 3262,2266 3259,2230 3033,2175 2880,2250 2629,2241 2551,2296 2413,2251 2277,2320 2073,2318"/>
                <Baseline points="2084,2352 2142,2351 2201,2347 2259,2343 2318,2339 2376,2335 2435,2329 2493,2324 2552,2318 2610,2313 2669,2307 2727,2301 2786,2296 2844,2290 2903,2284 2961,2280 3020,2276 3078,2271 3137,2267 3195,2264 3254,2262"/>
                <Word id="r3l23_w1" custom="readingOrder {index:0;}">
                    <Coords points="2076,2311 2076,2371 2146,2371 2146,2311"/>
                    <TextEquiv>
                        <Unicode>von</Unicode>
                    </TextEquiv>
                </Word>
                <Word id="r3l23_w2" custom="readingOrder {index:1;}">
                    <Coords points="2190,2299 2190,2359 2446,2359 2446,2299"/>
                    <TextEquiv>
                        <Unicode>Münsingen</Unicode>
                    </TextEquiv>
                </Word>
                <Word id="r3l23_w3" custom="readingOrder {index:2;}">
                    <Coords points="2488,2283 2488,2343 2517,2343 2517,2283"/>
                    <TextEquiv>
                        <Unicode>zu</Unicode>
                    </TextEquiv>
                </Word>
                <Word id="r3l23_w4" custom="readingOrder {index:3;}">
                    <Coords points="2559,2268 2559,2328 2744,2328 2744,2268"/>
                    <TextEquiv>
                        <Unicode>ehrlichen</Unicode>
                    </TextEquiv>
                </Word>
                <Word id="r3l23_w5" custom="readingOrder {index:4;}">
                    <Coords points="2773,2247 2773,2307 2958,2307 2958,2247"/>
                    <TextEquiv>
                        <Unicode>begehrt,</Unicode>
                    </TextEquiv>
                </Word>
                <Word id="r3l23_w6" custom="readingOrder {index:5;}">
                    <Coords points="2986,2235 2986,2295 3057,2295 3057,2235"/>
                    <TextEquiv>
                        <Unicode>und</Unicode>
                    </TextEquiv>
                </Word>
                <Word id="r3l23_w7" custom="readingOrder {index:6;}">
                    <Coords points="3085,2226 3085,2286 3200,2286 3200,2226"/>
                    <TextEquiv>
                        <Unicode>beide</Unicode>
                    </TextEquiv>
                </Word>
                <TextEquiv>
                    <Unicode>von Münsingen zu ehrlichen begehrt, und beide</Unicode>
                </TextEquiv>
            </TextLine>
            <TextLine id="r3l24" custom="readingOrder {index:23;}">
                <Coords points="2080,2474 2336,2417 2404,2452 2512,2401 2794,2429 2993,2372 3144,2415 3267,2377 3263,2325 2734,2304 2378,2395 2239,2340 2075,2411"/>
                <Baseline points="2085,2436 2143,2433 2202,2429 2260,2424 2319,2420 2378,2414 2436,2409 2495,2403 2553,2397 2612,2391 2671,2386 2729,2380 2788,2376 2846,2370 2905,2366 2964,2362 3022,2358 3081,2355 3139,2352 3198,2352 3257,2351"/>
                <Word id="r3l24_w1" custom="readingOrder {index:0;}">
                    <Coords points="2076,2392 2076,2452 2224,2452 2224,2392"/>
                    <TextEquiv>
                        <Unicode>bereits</Unicode>
                    </TextEquiv>
                </Word>
                <Word id="r3l24_w2" custom="readingOrder {index:1;}">
                    <Coords points="2258,2375 2258,2435 2476,2435 2476,2375"/>
                    <TextEquiv>
                        <Unicode>einmahl</Unicode>
                    </TextEquiv>
                </Word>
                <Word id="r3l24_w3" custom="readingOrder {index:2;}">
                    <Coords points="2498,2351 2498,2411 2716,2411 2716,2351"/>
                    <TextEquiv>
                        <Unicode>verkündet</Unicode>
                    </TextEquiv>
                </Word>
                <Word id="r3l24_w4" custom="readingOrder {index:3;}">
                    <Coords points="2750,2331 2750,2391 2909,2391 2909,2331"/>
                    <TextEquiv>
                        <Unicode>borden,</Unicode>
                    </TextEquiv>
                </Word>
                <Word id="r3l24_w5" custom="readingOrder {index:4;}">
                    <Coords points="2933,2320 2933,2380 3036,2380 3036,2320"/>
                    <TextEquiv>
                        <Unicode>dahin</Unicode>
                    </TextEquiv>
                </Word>
                <Word id="r3l24_w6" custom="readingOrder {index:5;}">
                    <Coords points="3070,2312 3070,2372 3264,2372 3264,2312"/>
                    <TextEquiv>
                        <Unicode>gewiesen</Unicode>
                    </TextEquiv>
                </Word>
                <TextEquiv>
                    <Unicode>bereits einmahl verkündet borden, dahin gewiesen</Unicode>
                </TextEquiv>
            </TextLine>
            <TextLine id="r3l25" custom="readingOrder {index:24;}">
                <Coords points="2068,2532 3283,2471 3274,2380 3077,2417 2998,2373 2847,2432 2504,2404 2286,2492 2063,2474"/>
                <Baseline points="2076,2526 2135,2523 2195,2518 2255,2514 2314,2510 2374,2504 2434,2499 2493,2493 2553,2487 2613,2481 2673,2476 2732,2470 2792,2465 2852,2459 2911,2453 2971,2448 3031,2443 3090,2439 3150,2435 3210,2430 3270,2427"/>
                <Word id="r3l25_w1" custom="readingOrder {index:0;}">
                    <Coords points="2076,2484 2076,2544 2136,2544 2136,2484"/>
                    <TextEquiv>
                        <Unicode>Sie</Unicode>
                    </TextEquiv>
                </Word>
                <Word id="r3l25_w2" custom="readingOrder {index:1;}">
                    <Coords points="2173,2477 2173,2537 2220,2537 2220,2477"/>
                    <TextEquiv>
                        <Unicode>2.</Unicode>
                    </TextEquiv>
                </Word>
                <Word id="r3l25_w3" custom="readingOrder {index:2;}">
                    <Coords points="2244,2468 2244,2528 2413,2528 2413,2468"/>
                    <TextEquiv>
                        <Unicode>andere</Unicode>
                    </TextEquiv>
                </Word>
                <Word id="r3l25_w4" custom="readingOrder {index:3;}">
                    <Coords points="2437,2441 2437,2501 2787,2501 2787,2441"/>
                    <TextEquiv>
                        <Unicode>Verkundungen</Unicode>
                    </TextEquiv>
                </Word>
                <Word id="r3l25_w5" custom="readingOrder {index:4;}">
                    <Coords points="2810,2412 2810,2472 3015,2472 3015,2412"/>
                    <TextEquiv>
                        <Unicode>gebohrter</Unicode>
                    </TextEquiv>
                </Word>
                <Word id="r3l25_w6" custom="readingOrder {index:5;}">
                    <Coords points="3051,2397 3051,2457 3171,2457 3171,2397"/>
                    <TextEquiv>
                        <Unicode>formb</Unicode>
                    </TextEquiv>
                </Word>
                <Word id="r3l25_w7" custom="readingOrder {index:6;}">
                    <Coords points="3196,2388 3196,2448 3279,2448 3279,2388"/>
                    <TextEquiv>
                        <Unicode>nach</Unicode>
                    </TextEquiv>
                </Word>
                <TextEquiv>
                    <Unicode>Sie 2. andere Verkundungen gebohrter formb nach</Unicode>
                </TextEquiv>
            </TextLine>
            <TextLine id="r3l26" custom="readingOrder {index:25;}">
                <Coords points="2090,2667 2161,2631 2196,2657 2261,2663 2383,2597 2425,2615 2469,2599 2498,2618 2526,2599 2551,2607 2543,2517 2508,2507 2344,2537 2320,2557 2224,2519 2144,2566 2080,2553"/>
                <Baseline points="2093,2612 2119,2612 2145,2610 2171,2609 2198,2607 2224,2604 2250,2602 2277,2600 2303,2596 2329,2594 2355,2592 2382,2589 2408,2586 2434,2583 2461,2582 2487,2580 2513,2579 2540,2579"/>
                <Word id="r3l26_w1" custom="readingOrder {index:0;}">
                    <Coords points="2083,2567 2083,2627 2287,2627 2287,2567"/>
                    <TextEquiv>
                        <Unicode>ergechen</Unicode>
                    </TextEquiv>
                </Word>
                <Word id="r3l26_w2" custom="readingOrder {index:1;}">
                    <Coords points="2315,2553 2315,2613 2355,2613 2355,2553"/>
                    <TextEquiv>
                        <Unicode>zu</Unicode>
                    </TextEquiv>
                </Word>
                <Word id="r3l26_w3" custom="readingOrder {index:2;}">
                    <Coords points="2409,2540 2409,2600 2561,2600 2561,2540"/>
                    <TextEquiv>
                        <Unicode>laßen.</Unicode>
                    </TextEquiv>
                </Word>
                <TextEquiv>
                    <Unicode>ergechen zu laßen.</Unicode>
                </TextEquiv>
            </TextLine>
            <TextEquiv>
                <Unicode></Unicode>
            </TextEquiv>
        </TextRegion>
    </Page>
</PcGts>
