4032 3024
456 339 532 399 206
557 324 571 384 f

440 427 581 487 stlli
612 404 705 464 asid

427 529 545 589 Sföres
574 504 706 564 Verena

628 883 697 943 bett

458 948 612 1008 Shränger
638 931 743 991 Pißen

458 1042 575 1102 Kinder
607 1022 713 1082 Maria

467 2086 555 2146 Suter
577 2083 678 2143 Ana.

450 2159 595 2219 Überhard
613 2155 691 2215 Hans

732 338 876 398 langte
902 322 942 382 ei
955 308 1073 368 Schrben
1086 294 1127 354 von
1140 284 1233 344 herrn
1259 273 1365 333 vogt
1391 271 1430 331 zu
1471 287 1694 347 Signauhen

747 421 842 481 Jiahes
869 401 1032 461 inhalts
1045 381 1112 441 ein
1154 368 1220 428 die
1249 355 1452 415 Gmmeind
1479 365 1614 425 Seylen
1642 394 1724 454 b¬

746 505 811 565 tehe
839 493 904 553 sich
917 483 970 543 der
996 469 1063 529 Ehr
1089 451 1207 511 Varid
1235 433 1392 493 Wälltz
1433 429 1512 489 mit
1538 441 1670 501 verenn

724 595 883 655 Sffecs
901 567 1026 627 nicht,
1043 549 1097 609 sie
1114 533 1222 593 seyd
1239 519 1327 579 aber
1347 510 1452 570 nicht
1470 509 1541 569 bey
1560 517 1666 577 ihrer

747 672 932 732 gefunden
949 637 1168 697 veruufft
1201 609 1304 669 Coqn.
1337 592 1522 652 Verschobe
1557 594 1606 654 biß
1641 601 1690 661 der

734 769 865 829 see
917 731 1100 791 ieheren
1153 701 1287 761 eben

738 880 970 940 Burgespreg
1001 858 1094 918 ons.
1124 845 1218 905 Auß
1265 833 1389 893 Ihrern
1420 829 1467 889 6.
1483 829 1622 889 habind
1652 842 1763 902 Mehe¬

751 963 787 1023 zu
824 951 971 1011 ersechen
1009 933 1168 993 gehabt,
1204 921 1267 981 bin
1303 914 1378 974 daß
1414 911 1561 971 Christn
1573 916 1733 976 Kranger

755 1048 828 1108 auß
864 1039 914 1099 der
938 1024 1121 1084 Kurchöre
1159 1004 1342 1064 thurnen
1380 994 1442 1054 der
1466 993 1637 1053 Ehnhalb
1661 1001 1749 1061 an¬

748 1128 869 1188 spreche
919 1107 1029 1167 Mara
1070 1089 1201 1149 Kinder
1230 1080 1291 1140 deß
1331 1072 1491 1132 Müllers
1532 1072 1592 1132 von
1623 1073 1722 1133 Nider

748 1207 930 1267 Ruttschel.
952 1187 1100 1247 Tochter,
1123 1176 1169 1236 die
1203 1168 1304 1228 Ihme
1351 1159 1465 1219 deren
1499 1156 1613 1216 zwahr
1636 1157 1739 1217 ger¬

749 1291 900 1351 ständig
923 1274 1088 1334 gebehen,
1111 1259 1216 1319 anby
1251 1248 1333 1308 aber
1367 1238 1578 1298 vorgeben,
1589 1237 1637 1297 daß
1671 1239 1718 1299 sie

751 1387 845 1447 ihrer
856 1372 1014 1432 ehlteren
1047 1348 1309 1408 einbilligung
1342 1329 1594 1389 vorbehalten,
1615 1325 1637 1385 er
1658 1327 1763 1387 hinen

778 1465 867 1525 gegen
900 1457 943 1517 das
966 1446 1131 1506 widrige
1165 1433 1265 1493 durch
1287 1418 1596 1478 kundtschafften
1607 1417 1640 1477 zu
1674 1422 1763 1482 ber¬

774 1548 871 1608 beisen
905 1539 1112 1599 begehret,
1133 1526 1210 1586 daher
1221 1519 1275 1579 Mine
1286 1512 1374 1572 gnädigen
1385 1505 1462 1565 Herren
1483 1501 1516 1561 in
1548 1499 1711 1559 ansinen

755 1638 903 1698 Wollen,
928 1623 1125 1683 Partheyen
1149 1610 1236 1670 auf
1273 1597 1447 1657 Montag
1484 1587 1521 1647 den
1545 1583 1620 1643 2ten
1632 1578 1720 1638 Jan.

758 1717 1088 1777 nechstkünfftig
1123 1700 1253 1760 allher
1276 1693 1313 1753 zu
1359 1683 1489 1743 haltzn,
1513 1674 1583 1734 auf
1608 1666 1724 1726 belches

762 1809 903 1869 zeither
939 1800 1021 1860 auch
1045 1795 1151 1855 seine
1175 1791 1493 1851 kuendtschafften
1517 1783 1587 1843 zur
1600 1775 1695 1835 stell
1718 1766 1741 1826 zu

766 1895 907 1955 bringen
931 1890 1048 1950 wüsen
1084 1881 1213 1941 werde

756 2039 929 2099 Kovige
975 2038 1023 2098 on
1070 2032 1259 2092 uhen
1337 2019 1493 2079 nee
1509 2010 1557 2070 in
1573 1996 1745 2056 gehenten

772 2125 912 2185 tah
940 2120 1094 2180 bericht,
1108 2118 1163 2178 bie
1204 2116 1275 2176 daß
1331 2111 1415 2171 knna
1457 2103 1583 2163 Sucter
1610 2092 1668 2152 von
1681 2077 1808 2137 Hechau¬

774 2216 809 2276 den
833 2212 905 2272 5ten
917 2210 1011 2270 8bris
1034 2209 1165 2269 letschin
1188 2207 1331 2267 kindts
1356 2200 1557 2260 genesen,
1581 2184 1653 2244 und
1676 2173 1712 2233 in

773 2288 875 2348 ihers
888 2284 1041 2344 genißt
1066 2284 1168 2344 Hanß
1206 2287 1386 2347 Aberhard
1411 2283 1475 2343 vor
1513 2271 1653 2331 Ersigen
1680 2248 1743 2308 zum

770 2376 898 2436 Vatter
923 2375 1013 2435 deßen
1040 2375 1233 2435 ernanet
1258 2375 1388 2435 brmein
1400 2371 1503 2431 gnädigen
1516 2361 1618 2421 Herren
1631 2350 1658 2410 in
1683 2332 1786 2392 anher

769 2461 933 2521 wollen,
946 2459 1008 2519 die
1033 2461 1147 2521 Suter
1172 2462 1224 2522 bey
1261 2461 1502 2521 leidenlichem
1564 2441 1703 2501 Watter
1728 2418 1778 2478 hat

777 2542 828 2602 zu
844 2542 997 2602 halten,
1014 2546 1100 2606 und
1117 2550 1169 2610 so
1203 2553 1356 2613 bericht,
1373 2550 1492 2610 deser
1509 2543 1542 2603 so
1578 2529 1662 2589 fren
1679 2502 1798 2562 seche

778 2620 811 2680 in
832 2623 986 2683 wüßen,
1007 2624 1171 2684 zugleich
1193 2627 1498 2687 einzusenden.

1798 387 1862 447 ser
1905 335 2031 395 esier

1800 442 2000 502 geere

1798 564 1988 624 pssenn

1830 1525 1905 1585 Vorndl.
1926 1511 2044 1571 Gabriel

1822 1608 1907 1668 Pels
1933 1596 2056 1656 erbeth

2049 260 2282 320 Shalheimb
2324 242 2433 302 Cons.
2460 238 2516 298 Ihr
2543 236 2681 296 ein
2695 235 2804 295 gnädigen
2818 235 2914 295 Herr
2941 233 2983 293 daß
3010 231 3215 291 mehrehen

2073 340 2264 400 eöffnet,
2291 325 2354 385 baß
2406 317 2457 377 der
2482 311 2635 371 Rosina
2675 305 2815 365 Weyer
2853 305 2930 365 halb
2956 305 3109 365 Heinrich
3123 307 3224 367 Häedis

2038 429 2145 489 Ihreß
2185 396 2455 456 Angehorigen
2481 380 2643 440 Ehefr.
2670 376 2723 436 bey
2764 375 2871 435 Ihnen
2898 372 3126 432 vorgangen,
3139 367 3220 427 auch

2037 506 2096 566 bie
2127 489 2186 549 sie
2217 477 2266 537 sich
2297 461 2547 521 niemahlen
2576 451 2855 511 gebergeret,
2875 451 2926 511 sie
2965 449 3045 509 oder
3066 448 3115 508 ihr
3135 445 3215 505 vnd

2049 572 2171 632 hinder
2201 552 2323 612 ihnen
2363 540 2395 600 zu
2435 528 2629 588 sullden,
2649 523 2689 583 im
2739 518 2963 578 gegentheil
2995 518 3055 578 ihre
3095 521 3197 581 etwas

2045 660 2083 720 zu
2123 642 2188 702 Ihr
2214 627 2292 687 und
2330 615 2382 675 des
2408 604 2564 664 Kindts
2589 593 2862 653 erhaltung,
2875 589 2967 649 falls
2980 589 3031 649 sie
3043 587 3096 647 sich
3121 586 3212 646 wohl

2048 717 2289 777 auffuerte,
2314 685 2555 745 anerbotten,
2580 673 2631 733 sie
2656 664 2872 724 ohngeacht
2897 657 3011 717 seßen
3036 653 3125 713 aber
3150 652 3212 712 sich

2048 797 2184 857 sambt
2211 782 2273 842 dem
2335 768 2423 828 kind
2460 750 2723 810 geäußeret,
2748 736 2872 796 welch
2910 730 2948 790 der
2972 726 3098 786 Ehrb.
3110 720 3222 780 ant¬

2054 885 2080 945 Me
2093 878 2132 938 in
2158 865 2237 925 näige
2263 851 2369 911 erren
2395 840 2449 900 er
2475 827 2606 887 weyer
2632 818 2673 878 so
2699 812 2792 872 bald
2818 806 2870 866 sie
2897 799 3120 859 erscheinen
3135 795 3239 855 wirde

2052 961 2121 1021 vor
2135 947 2220 1007 Vnd
2233 936 2289 996 sie
2316 925 2387 985 zue
2428 909 2582 969 gebühr
2623 894 2736 954 gegen
2763 888 2834 948 Sie
2862 881 3001 941 halten
3015 875 3169 935 berden.

2038 1037 2159 1097 Fahls
2187 1016 2267 1076 aber
2308 999 2402 1059 und
2429 988 2470 1048 so
2497 981 2551 1041 sie
2591 972 2659 1032 sich
2699 966 2766 1026 bey
2806 959 2929 1019 Ihnen
2955 953 3144 1013 einfinden
3170 949 3265 1009 sollte

2044 1105 2233 1165 Werdend
2263 1087 2321 1147 sie
2349 1076 2409 1136 sie
2452 1058 2685 1118 benöthigte
2728 1033 3064 1093 Handgiethung
3092 1025 3152 1085 bey

2044 1187 2169 1247 Ihren
2202 1170 2296 1230 herre
2327 1148 2581 1208 ingtoman
2628 1129 2661 1189 zu
2693 1119 2835 1179 sucher
2867 1109 2962 1169 slos
2978 1104 3136 1164 wüsten

2066 1269 2107 1329 so
2149 1250 2339 1310 übrigens
2394 1230 2448 1290 der
2490 1217 2586 1277 Anna
2627 1205 2736 1265 Möhr
2763 1193 2928 1253 aufelte
2955 1185 3009 1245 in
3024 1181 3133 1241 gnädigen
3147 1178 3243 1238 Herr

2067 1332 2302 1392 vonberkaent
2317 1310 2475 1370 seyge.

2072 1450 2351 1510 Chahlheimb
2375 1433 2497 1493 Cons.
2521 1418 2703 1478 Weillen
2727 1402 2861 1462 lauth
2886 1392 2982 1452 ihre
3008 1387 3068 1447 min
3080 1384 3178 1444 gnädigen
3190 1382 3276 1442 Herr

2086 1538 2372 1598 abgelaßenen
2397 1517 2486 1577 Sus
2547 1499 2721 1559 Gabricl
2760 1481 2910 1541 Wenli
2934 1472 3009 1532 und
3034 1463 3196 1523 Elsbeth

2078 1624 2300 1684 enselbeß
2355 1602 2453 1662 Ihre
2481 1582 2744 1642 Angehörige
2787 1566 2828 1626 in
2856 1553 3148 1613 beständigem
3189 1544 3288 1604 Ehe¬

2059 1714 2230 1774 streith
2246 1700 2297 1760 so
2314 1683 2535 1743 ärgerlich
2551 1667 2638 1727 mit
2654 1659 2705 1719 E.
2739 1652 2774 1712 A.
2808 1643 2909 1703 Eeben
2928 1630 3132 1690 thrgeind,
3149 1621 3216 1681 daß

2079 1797 2159 1857 auch
2186 1788 2254 1848 die
2281 1774 2443 1834 bißhar
2470 1751 2658 1811 frunden
2686 1737 2726 1797 an
2766 1729 2835 1789 sie
2861 1716 3077 1776 gebendte
3090 1709 3294 1769 vermah¬

2090 1876 2176 1936 und
2204 1855 2535 1915 züchtigungen
2563 1835 2591 1895 an
2635 1823 2763 1883 Ihnen
2793 1808 2936 1868 nichts
2964 1795 3223 1855 verfangen,

2061 1960 2123 2020 band
2148 1953 2211 2013 mine
2223 1946 2324 2006 gnädigen
2336 1936 2424 1996 Herrn
2437 1929 2486 1989 sie
2511 1917 2675 1977 ansinen
2700 1901 2876 1961 wollen,
2901 1886 3039 1946 beyde
3076 1873 3201 1933 wider

2075 2045 2146 2105 vor
2174 2036 2247 2096 sich
2275 2028 2318 2088 zu
2360 2010 2619 2070 bescheiden,
2633 1994 2718 2054 zue
2747 1975 3048 2035 verfuenung
3076 1954 3263 2014 krafftig

2088 2126 2132 2186 ab
2179 2120 2223 2180 zu
2245 2108 2471 2168 mahren,
2493 2091 2584 2151 vnd
2631 2073 2833 2133 biefafs
2858 2058 2924 2118 zu
2946 2044 3172 2104 betrndten
3197 2032 3286 2092 dß

2061 2219 2159 2279 des
2175 2202 2435 2262 fehlbahren
2467 2184 2565 2244 midt
2581 2169 2758 2229 schallen
2774 2154 2872 2214 beet
2888 2144 2986 2204 oder
3002 2131 3198 2191 anderes

2073 2298 2360 2358 leibsstraff
2390 2274 2571 2334 beleget
2601 2253 2738 2313 berden
2753 2237 2902 2297 berde,
2934 2223 3039 2283 geht
3054 2218 3099 2278 es
3113 2216 3160 2276 an
3204 2213 3280 2273 mit

2075 2390 2187 2450 heil
2267 2370 2490 2430 widrigen
2508 2349 2635 2409 fahls
2651 2335 2747 2395 aber
2762 2320 2938 2380 sollend
2972 2310 3034 2370 sie
3052 2306 3291 2366 farzeyen

2101 2472 2194 2532 mit
2210 2461 2429 2521 nöthigem
2476 2433 2648 2493 bericht
2663 2414 2788 2474 allhor
2819 2403 3008 2463 hallten.
