4032 3024
453 365 494 425 go

432 467 529 527 serde
559 440 640 500 lte

439 556 616 616 Gribpond
633 530 681 590 to

459 984 595 1044 Canborti
606 962 721 1022 Juditu

445 1072 588 1132 Dotaborne
600 1051 731 1111 Chaiber

457 1393 608 1453 Herband
630 1373 737 1433 Rosina

475 1486 580 1546 Cheister
604 1467 720 1527 Redolch

471 2164 587 2224 sbmit
608 2168 693 2228 Hanß

465 2245 637 2305 Christener
647 2243 764 2303 Barbark

706 334 961 394 Berigsheg
1005 301 1088 361 ber
1132 281 1239 341 keit
1259 271 1324 331 dab
1366 266 1472 326 sege
1516 276 1579 336 lg
1599 297 1709 357 fue¬

726 424 809 484 und
839 408 908 468 kno
937 377 1203 437 Bruellhard
1232 351 1359 411 allhier
1386 348 1471 408 auf
1485 353 1555 413 dein
1583 377 1739 437 Eedeicht

735 504 828 564 hauß
854 476 1065 536 erschinen,
1091 446 1211 506 wann
1237 431 1330 491 aber
1356 424 1436 484 ihre
1462 424 1595 484 streth
1608 436 1660 496 sal

708 596 803 656 sbo
819 581 853 641 de
885 569 901 629 1
982 549 1029 609 diß
1061 523 1271 583 erorteret
1303 508 1384 568 und
1416 511 1642 571 beygeleght
1657 539 1755 599 oden

752 671 842 731 auch
856 655 917 715 das
931 635 1080 695 bericht
1094 613 1169 673 S.
1184 591 1395 651 dißfahls
1424 583 1468 643 am
1514 586 1574 646 sie
1589 601 1754 661 abgangen

729 752 894 812 Wollend
927 720 1062 780 Metht
1078 700 1160 760 auch
1178 686 1278 746 alleß
1311 675 1376 735 bey
1411 670 1527 730 deßer
1544 676 1693 736 inhalt

741 827 935 887 habender
965 802 1084 862 Kasten

754 955 856 1015 Vornd
876 944 919 1004 e
961 930 1043 990 Hl.
1063 913 1207 973 Radt.
1227 891 1414 951 Labacti
1454 881 1578 941 wider
1598 885 1703 945 ven

755 1024 919 1084 Ahemn
937 1011 972 1071 Jr
1010 997 1138 1057 Saler
1156 975 1337 1035 Dotatin,
1375 961 1411 1021 so
1428 957 1484 1017 vor
1502 955 1538 1015 6
1556 955 1704 1015 Jahren

763 1113 820 1173 uß
839 1094 1014 1154 getets
1035 1077 1073 1137 in
1112 1061 1248 1121 Rifel
1267 1046 1422 1106 ertelt
1463 1037 1501 1097 zu
1520 1032 1717 1092 Vorehe¬

743 1182 887 1242 verlehen

770 1286 889 1346 tringt
914 1272 1033 1332 Mutter
1068 1252 1272 1312 Margreth
1295 1239 1344 1299 die
1379 1229 1678 1289 Wehemutter
1690 1231 1725 1291 an

765 1372 895 1432 Nohina
927 1352 1132 1412 Kehrband
1164 1336 1229 1396 von
1251 1328 1391 1388 Arberg
1424 1319 1521 1379 seye
1553 1316 1693 1376 letzter

761 1455 938 1515 strichenen
960 1436 1148 1496 Freytag
1181 1418 1304 1478 nachts
1337 1409 1370 1469 in
1392 1405 1448 1465 ihr
1481 1400 1559 1460 und
1581 1399 1637 1459 des
1659 1399 1737 1459 fel¬

761 1539 870 1599 hentz
906 1520 1139 1580 gegenbahrt
1163 1503 1310 1563 vnndts
1335 1488 1518 1548 genesen
1542 1480 1616 1540 und
1640 1474 1751 1534 ber¬

770 1620 904 1680 ständig
940 1609 1015 1669 auf
1039 1603 1113 1663 mr
1137 1592 1297 1652 Rudoloh
1334 1578 1506 1638 Christen
1530 1569 1592 1629 von
1616 1562 1765 1622 Gello¬

753 1714 838 1774 sein
865 1701 1046 1761 gebeßnen
1089 1686 1202 1746 Wirth
1229 1677 1300 1737 auf
1327 1670 1398 1730 dem
1467 1650 1705 1710 Grangfeld

758 1784 993 1844 verrharret.
1005 1772 1117 1832 Ergn:
1139 1764 1240 1824 Zedel
1285 1758 1319 1818 an
1364 1752 1431 1812 H.
1454 1742 1621 1802 Spitzahl
1645 1726 1711 1786 Mr.

759 1873 813 1933 sie
847 1863 922 1923 auf
956 1851 1175 1911 vindtbetten
1196 1843 1229 1903 zu
1273 1835 1426 1895 laßen,
1447 1825 1524 1885 und
1556 1814 1633 1874 nach
1644 1798 1766 1858 beheb¬

754 1948 777 2008 n
799 1937 893 1997 gnädigen
916 1927 985 1987 Herr
1009 1924 1032 1984 u
1056 1922 1148 1982 Holltz

765 2101 839 2161 Hanß
891 2093 1030 2153 Schmidt
1051 2090 1125 2150 Von
1168 2086 1359 2146 Wichtrach
1390 2077 1475 2137 undt
1497 2062 1667 2122 Barbara

788 2182 934 2242 heistener
959 2182 1045 2242 von
1107 2179 1462 2239 Großhöchsten,
1474 2166 1512 2226 so
1524 2152 1671 2212 allhier

788 2267 836 2327 bey
860 2263 922 2323 dem
970 2261 1079 2321 Bären
1140 2263 1383 2323 verdächtig
1407 2257 1444 2317 in
1468 2246 1578 2306 Einen
1602 2217 1747 2277 kauret

795 2344 955 2404 besegen
992 2347 1082 2407 undt
1099 2348 1314 2408 Eigeseht,
1331 2344 1403 2404 und
1421 2314 1795 2374 deßetwegensitete

769 2440 910 2500 gesett
926 2436 1100 2496 worden,
1133 2440 1275 2500 welche
1306 2440 1401 2500 aber
1418 2433 1513 2493 alle
1529 2406 1703 2466 thätlich
1719 2365 1750 2425 e

1854 859 1971 919 2.

1830 1278 1994 1338 Aesieus

1834 1346 2044 1406 Mequitis

1841 2089 1955 2149 Vethir
1968 2099 2057 2159 Ana

1858 2171 1944 2231 Vater
1955 2180 2075 2240 Daninet

1862 2452 2018 2512 hanß.

3097 212 3163 272 209

2028 287 2230 347 vermeinet
2272 272 2433 332 haben:
2464 269 2571 329 wart
2582 272 2710 332 erkeit
2763 277 2805 337 Er
2838 281 2922 341 solle
2955 287 3094 347 annoch
3115 293 3179 353 biß

2021 370 2180 430 Moetag
2209 354 2295 414 litber
2323 347 2382 407 ach
2411 346 2440 406 t
2454 346 2513 406 tag
2542 348 2715 408 hinundes
2729 356 2874 416 gesetzet
2903 363 3019 423 werden
3062 367 3134 427 Sie

2038 469 2113 529 dan
2138 454 2177 514 in
2214 433 2530 493 Schvingstühl
2569 428 2671 488 undt
2696 430 2771 490 Ihre
2848 432 2910 492 die
2937 435 3064 495 Statt
3089 436 3164 496 für

2032 547 2123 607 heit
2153 535 2230 595 und
2276 520 2382 580 alle
2414 510 2535 570 mahl
2564 503 2793 563 verbotten
2808 505 2916 565 seine

2037 684 2199 744 Bedul
2231 669 2263 729 an
2313 652 2538 712 MnH.
2570 638 2636 698 Det
2668 627 2943 687 ahlbrobalte
2975 622 3137 682 Wager

2032 778 2132 838 Vher
2170 758 2370 818 gsuchen,
2389 741 2489 801 daß
2547 729 2608 789 die
2646 716 2846 776 Pläösenre
2865 709 2945 769 für
2965 703 3203 763 enpfehug

2033 876 2081 936 16
2130 848 2294 908 streichen
2312 832 2344 892 un
2377 822 2442 882 den
2460 815 2541 875 sich
2557 804 2755 864 viterstehl
2804 792 2968 852 gesetzet
3000 784 3116 844 werden

2050 950 2121 1010 die
2138 925 2335 985 anstalt
2371 906 2425 966 zut
2442 892 2764 952 verfungen.

2046 1093 2303 1153 Poterthen
2334 1071 2495 1131 praf.
2527 1060 2624 1120 Auß
2656 1050 2769 1110 fürd
2801 1036 3026 1096 Proredud
3060 1024 3139 1084 von

2045 1195 2125 1255 Cn
2153 1177 2233 1237 sran
2275 1159 2396 1219 Hae
2436 1148 2491 1208 in
2504 1141 2612 1201 gnädigen
2625 1134 2747 1194 Herren
2760 1126 2935 1186 Vursehe
2976 1114 3124 1174 gehabt

2046 1256 2323 1316 hadmaßen
2409 1223 2751 1283 Marquenthe
2783 1213 2794 1273 L
2836 1207 3008 1267 Assieur
3060 1195 3167 1255 ton

2056 1346 2207 1406 Bulet
2242 1331 2313 1391 Ein
2347 1314 2593 1374 ohnEhrlich
2652 1296 2768 1356 kindt
2804 1283 3049 1343 erzeuget,
3072 1273 3142 1333 alß
3189 1268 3247 1328 Sie

2063 1435 2247 1495 darüber
2264 1417 2366 1477 vor
2399 1399 2602 1459 Ehegacht
2618 1390 2685 1450 ist
2718 1380 2853 1440 Cesirt
2886 1369 3037 1429 worden,
3070 1359 3138 1419 den

2050 1525 2192 1585 seiten
2234 1503 2421 1563 genommen
2449 1489 2563 1549 sole
2592 1482 2650 1542 in
2664 1474 2778 1534 gnädigen
2792 1466 2906 1526 Hrrn
2921 1461 2963 1521 den
2991 1454 3063 1514 H.
3091 1445 3234 1505 praf:

2058 1609 2350 1669 freundtlich
2370 1586 2539 1646 ersicht
2560 1571 2686 1631 habe,
2706 1559 2832 1619 auff
2852 1547 2916 1607 die
2937 1528 3144 1588 achtene

2050 1700 2360 1760 bebettenden
2407 1672 2527 1732 fehe
2553 1651 2817 1711 entehen,
2840 1630 2960 1690 nadz
2984 1609 3174 1669 drabe

2047 1787 2438 1847 vrdtsfasten
2464 1747 2808 1807 zulißen.

2054 1940 2470 2000 Fremgacten:
2519 1916 2603 1976 Sie
2638 1902 2887 1962 ansinnen
2987 1880 3054 1940 de
3087 1865 3203 1925 öhler

2083 2050 2151 2110 bey
2190 2042 2258 2102 der
2297 2032 2446 2092 beugg
2459 2023 2581 2083 undt
2621 2012 2741 2072 Anna
2796 1994 3012 2054 Rutschier
3038 1976 3132 2036 auff

2112 2149 2270 2209 Nontag
2298 2127 2529 2187 ferhalten
2587 2110 2629 2170 zu
2659 2096 2846 2156 laßen.

2071 2308 2217 2368 Ward
2251 2296 2478 2356 verachtug
2510 2276 2738 2336 beschehen,
2754 2262 2788 2322 in
2820 2253 2901 2313 H.
2917 2243 2999 2303 Vndt
3031 2220 3309 2280 Langhaußen

2091 2384 2172 2444 deß
2228 2380 2434 2440 zuberbee
2463 2368 2571 2428 hauß
2627 2355 2724 2415 seye
2765 2336 2986 2396 verlichen
2999 2318 3150 2378 wohen

2068 2467 2237 2527 abendts
2262 2460 2546 2520 widerrahlen
2599 2444 2638 2504 Er
2676 2432 2845 2492 großer
2870 2412 3077 2472 Fumult
3103 2396 3312 2456 beschehen.

2067 2573 2197 2633 Cogl.
2211 2558 2298 2618 soll
2327 2547 2414 2607 auff
2457 2535 2631 2595 Montag
2660 2521 2806 2581 Eikert
2820 2500 2995 2560 werden.
