4032 3024
464 336 556 396 104

715 386 898 446 Cagpren
952 366 1043 426 Auf
1079 353 1135 413 er
1189 341 1389 401 menHrre
1407 347 1608 407 eigesende
1644 383 1774 443 Seden

726 480 932 540 beteffendt
959 461 1069 521 Anna
1110 442 1317 502 Ruprecht
1344 434 1439 494 von
1509 448 1687 508 Brütthe

415 540 678 600 Gbrehtbeng

757 564 887 624 somit
903 543 1133 603 klagenden
1183 521 1429 581 beyschaffe
1445 523 1511 583 der
1543 532 1609 592 Ehre
1625 547 1723 607 halbe

454 612 702 672 Büntlisferer

733 645 928 705 anspricht
942 631 1048 691 Jacob
1077 612 1409 672 Güntlisfrger
1453 607 1529 667 the
1573 625 1755 685 angeho¬

524 671 657 731 Jacob.

453 763 578 823 Rahl.
606 750 717 810 Wader
745 734 870 794 segen,
898 722 952 782 der
982 713 1064 773 aber
1078 703 1217 763 beyder
1246 694 1467 754 vermeinet,
1496 696 1592 756 wohl
1606 703 1704 763 aber

748 814 924 874 bekennet
957 798 1024 858 bey
1056 789 1111 849 Ira
1156 782 1188 842 im
1233 776 1321 836 bett
1364 773 1507 833 gelegen
1552 778 1673 838 husein

725 901 790 961 ol
881 886 958 946 eie
984 878 1063 938 er
1101 870 1154 930 huig
1180 865 1206 925 in
1232 859 1413 919 antvott
1439 858 1648 918 verdeütet

743 975 840 1035 haben
912 959 985 1019 daß
1034 949 1118 1009 Wid
1143 941 1203 1001 dem
1252 932 1458 992 absprruch
1482 928 1578 988 deßß
1626 929 1737 989 ge¬

727 1055 908 1115 schaffts
935 1030 1145 1090 verschoben,
1159 1019 1229 1079 biß
1270 1012 1353 1072 man
1381 1005 1548 1065 müßen
1563 1003 1674 1063 werde

472 1182 702 1242 Verthsen
743 1151 781 1211 b
800 1140 859 1200 se
897 1115 1167 1175 höangeseyen
1205 1095 1340 1155 fahls
1359 1090 1399 1150 Si
1437 1086 1515 1146 obe
1534 1081 1745 1141 schrengen

455 1133 578 1193 fahteh
619 1127 660 1187 eh

744 1207 843 1267 wäde
877 1203 932 1263 biß
953 1198 1020 1258 noch
1053 1193 1120 1253 dles
1142 1185 1318 1245 gemißt,
1340 1177 1396 1237 alß
1440 1169 1572 1229 weliches
1594 1165 1650 1225 Sie
1661 1161 1750 1221 Ihnen

467 1258 549 1318 Fan
607 1232 747 1292 ertheilt.

753 1277 916 1337 anzeigen
974 1271 1056 1331 und
1079 1267 1137 1327 Min
1149 1263 1242 1323 gnädigen
1253 1257 1347 1317 Herren
1359 1247 1522 1307 alleßen
1556 1230 1721 1290 berichten

752 1351 874 1411 wedend
910 1351 995 1411 mitt
1021 1350 1057 1410 hin
1094 1348 1204 1408 Mit
1228 1346 1277 1406 der
1301 1340 1484 1400 Madle
1534 1321 1693 1381 Jahrl.

760 1431 922 1491 hendrich
952 1431 1262 1491 Inzuhalten,
1291 1425 1335 1485 da
1380 1416 1586 1476 Jodeßen
1630 1401 1762 1461 diesehe

750 1517 820 1577 Ihm
863 1516 935 1576 alle
964 1511 1107 1571 Prueder
1135 1504 1366 1564 umbgandg
1394 1488 1608 1548 verbotten
1638 1471 1782 1531 worden,

743 1687 939 1747 Laupen
973 1682 1080 1742 Rah
1117 1672 1293 1732 MeH.
1330 1658 1419 1718 en
1453 1639 1701 1699 Lindtobracht

761 1755 916 1815 worden,
938 1759 970 1819 ob
992 1760 1103 1820 sollte
1125 1757 1158 1817 in
1203 1748 1455 1808 ablesenheit
1490 1733 1544 1793 deß
1588 1721 1644 1781 H.
1655 1710 1766 1770 Praf.

756 1828 831 1888 von
863 1832 1034 1892 deßelben
1056 1830 1324 1890 Schloßknecht
1357 1816 1464 1876 undt
1495 1802 1614 1862 neben
1625 1780 1776 1840 dienst¬

758 1902 928 1962 vnagede
945 1903 1030 1963 mit
1046 1902 1200 1962 kengen
1233 1896 1353 1956 Wein
1370 1887 1455 1947 auß
1488 1871 1625 1931 schecbe
1642 1850 1743 1910 undt

764 1978 900 2038 fangem
944 1979 1065 2039 Kalten
1094 1981 1244 2041 vinise
1275 1975 1515 2035 ohngebühr
1559 1947 1741 2007 begehen

506 2019 647 2079 obf.

754 2062 817 2122 kelhe
850 2062 871 2122 e
914 2063 978 2123 nie
989 2065 1085 2125 Herren
1106 2066 1181 2126 dann
1214 2065 1277 2125 auch
1310 2060 1384 2120 auß
1428 2053 1480 2113 der
1524 2030 1727 2090 rinkommn

759 2147 939 2207 Sredud
971 2147 1019 2207 von
1053 2149 1117 2209 dem
1151 2150 1264 2210 Jacob
1296 2145 1508 2205 Güntlß
1540 2125 1654 2185 Perger
1670 2103 1752 2163 und

780 2227 891 2287 Anna
932 2228 1126 2288 Ruprcht
1155 2234 1307 2294 uersehe
1334 2232 1500 2292 gehabt.
1530 2221 1625 2281 Wir
1639 2201 1750 2261 nund

753 2305 918 2365 Mee
943 2308 983 2368 it
1033 2313 1185 2373 orflen
1263 2317 1340 2377 daß
1377 2310 1530 2370 solches
1555 2289 1657 2349 ohne

760 2382 969 2442 verkusten
985 2392 1082 2452 undt
1114 2401 1307 2461 hinderub
1372 2401 1436 2461 daß
1484 2394 1549 2454 H.
1565 2381 1662 2441 Landt
1678 2361 1742 2421 Soß

761 2458 1094 2518 londesfahrens,
1108 2474 1180 2534 alß
1225 2485 1384 2545 habindt
1413 2483 1616 2543 dieselben
1630 2462 1717 2522 Ihre

3090 212 3109 272 W

2019 303 2155 363 deßen
2187 285 2431 345 benachricht,
2445 283 2552 343 mitt
2566 285 2613 345 hie
2628 291 2872 351 freundtlich
2887 299 3037 359 ersuchen
3069 304 3205 364 wollen

2031 390 2091 450 daß
2127 377 2177 437 1e
2189 370 2262 430 thr
2286 366 2348 426 die
2360 366 2567 426 gebührende
2617 378 2836 438 Remedus
2861 392 3130 452 vorzubehren

2039 480 2138 540 undt
2171 464 2223 524 die
2256 456 2358 516 fahl
2391 452 2440 512 bey
2474 452 2507 512 in
2542 453 2608 513 die
2625 458 2793 518 behörge
2809 467 2960 527 strof
2977 478 3230 538 zuziehen.

2023 632 2209 692 Wardt
2222 621 2290 681 dem
2329 613 2555 673 Abersamb
2596 611 2769 671 König,
2795 612 2861 672 daß
2902 613 2942 673 Er
2968 613 3194 673 niemahls

2056 741 2081 801 b
2107 726 2234 786 sollte
2260 715 2299 775 Er
2324 711 2387 771 mit
2427 705 2490 765 der
2515 702 2707 762 Susanna
2783 699 3026 759 Buchberger
3065 693 3128 753 deß

1823 758 2042 818 sohtohelt

1806 856 1912 916 Wrge
1936 833 2032 893 busein
2055 813 2222 873 bnthon,
2234 797 2424 857 leemand
2447 785 2745 845 ehevrolobten
2804 780 2947 840 zuthun
2982 775 3125 835 gehabt

2052 929 2118 989 hab
2147 907 2242 967 voMmin
2268 891 2363 951 nigen
2376 880 2471 940 Herr
2500 874 2648 934 belaget
2676 868 2839 928 worden,
2866 863 2974 923 Ein

1840 931 1987 991 r

2025 1006 2275 1066 Affectatum
2343 977 2523 1037 ertheilt
2551 967 2592 1027 ad
2619 959 2772 1019 form:
2799 952 2869 1012 und
2896 947 3022 1007 selben
3076 939 3173 999 anby

2038 1075 2110 1135 das
2140 1053 2372 1113 Agentisiers
2393 1040 2423 1100 an
2453 1031 2647 1091 alhiesigem
2687 1021 2889 1081 Tribunal
2909 1011 3093 1071 verbotten

2043 1161 2128 1221 Das
2148 1151 2223 1211 von
2254 1144 2308 1204 der
2339 1131 2552 1191 Ehrbarkeit
2572 1120 2657 1180 von
2689 1110 2869 1170 Mydauw
2912 1096 3177 1156 eingelangte

2049 1239 2186 1299 schreiben
2264 1214 2529 1274 betreffende
2548 1198 2676 1258 satton
2725 1188 2863 1248 könner
2892 1181 3029 1241 welche
3068 1178 3116 1238 Ihr
3137 1176 3244 1236 kindt

2056 1328 2120 1388 dem
2160 1310 2367 1370 Johanneß
2432 1287 2601 1347 haßte
2627 1276 2717 1336 Von
2745 1267 2874 1327 brauw
2939 1256 3224 1316 zugelignet

1819 1365 1872 1425 ver
1889 1353 1995 1413 satten

2114 1407 2297 1467 Weshob,
2311 1395 2383 1455 biß
2425 1383 2524 1443 auff
2552 1364 2792 1424 künfftigen
2820 1354 3077 1414 Montag.

1827 1453 1895 1513 sete
1910 1438 2022 1498 hebhauß

2039 1586 2141 1646 daß
2212 1569 2400 1629 baobara
2457 1548 2746 1608 Ambsinges
2775 1533 2846 1593 von
2876 1515 3178 1575 liechtstall

2069 1656 2128 1716 sich
2164 1652 2248 1712 heüt
2283 1646 2390 1706 dato
2427 1633 2701 1693 widermahlen
2749 1619 2784 1679 vo
2808 1613 2868 1673 Mine
2880 1606 2975 1666 gnädige
3000 1595 3095 1655 Herren
3107 1587 3178 1647 deß

2073 1739 2197 1799 obern
2208 1734 2289 1794 schor
2323 1726 2471 1786 Grichts
2505 1716 2574 1776 der
2597 1708 2734 1768 statt
2768 1700 2882 1760 bänd
2928 1691 3110 1751 gestellt

1839 1715 1926 1775 aehiger
1936 1721 2052 1781 Barbohr

2051 1835 2115 1895 Ihr
2141 1828 2193 1888 zur
2219 1821 2322 1881 welt
2348 1809 2568 1869 gebohrnes
2606 1796 2723 1856 Kindt
2748 1785 2943 1845 Rudolff
2968 1773 3110 1833 Stebler
3149 1763 3227 1823 von

1835 1804 1891 1864 Ver
1914 1808 2059 1868 Rudolff.

2068 1913 2237 1973 Carberg
2279 1895 2521 1955 zugerignet
2553 1882 2658 1942 undt
2690 1869 2964 1929 verlangt,
2995 1854 3070 1914 daß
3122 1844 3186 1904 Ihm

2069 1999 2203 2059 solches
2238 1981 2497 2041 zubekennet
2530 1966 2655 2026 werden
2677 1955 2880 2015 möchte,
2913 1934 3229 1994 Wohlgedacht

2044 2078 2297 2138 Mnigere
2310 2061 2411 2121 aber
2436 2054 2474 2114 in
2511 2041 2828 2101 betrechtung,
2841 2029 2930 2089 daß
2980 2018 3069 2078 Von
3106 2001 3285 2061 Lobl.

2059 2161 2406 2221 sandtebosel
2458 2139 2587 2199 keine
2612 2123 2845 2183 ohneheliche
2896 2107 3038 2167 kinder
3076 2096 3116 2156 so
3141 2088 3244 2148 von

2059 2253 2210 2313 deßen
2260 2239 2538 2299 Underthanen
2600 2221 2689 2281 mit
2727 2206 2928 2266 beoneischen
2954 2194 3093 2254 Weibe
3105 2189 3295 2249 Ppersohnen

2078 2331 2312 2391 erzeuget,
2336 2325 2441 2385 undt
2464 2317 2605 2377 deßen
2653 2307 2735 2367 vor
2781 2295 2874 2355 Sod
2910 2288 2968 2348 dem
3039 2276 3191 2336 Richter

2071 2423 2274 2483 geständig
2315 2417 2451 2477 worden
2477 2407 2721 2467 esgeb
2763 2385 3046 2445 agnosciret,
3060 2363 3223 2423 sondern

2079 2517 2254 2577 lediger
2278 2508 2427 2568 dingen
2466 2498 2665 2558 abgewesen
2677 2485 2877 2545 werden,
2915 2474 3001 2534 alß
3064 2462 3176 2522 von
