4032 3024
472 347 489 407 1

721 382 880 442 Mact,
899 359 1019 419 dase
1058 344 1139 404 duch
1158 336 1236 396 ein
1278 332 1437 392 hepial
1476 341 1615 401 befels
1654 367 1796 427 heden

724 479 791 539 dr
826 444 1130 504 Renrehaciles
1146 419 1419 479 versahren,
1452 418 1554 478 undt
1570 429 1739 489 olegen

731 539 1044 599 adsnutationem
1118 513 1181 573 wie
1222 503 1379 563 billich,
1400 499 1473 559 ab,
1494 499 1600 559 undt
1631 499 1662 559 in
1682 502 1745 562 Ihre

730 630 902 690 heimath
916 607 1101 667 gelisen.

728 734 823 794 N.
841 715 976 775 obiges
1013 695 1126 755 folas
1147 681 1221 741 ist
1242 672 1356 732 unde
1393 663 1488 723 men
1509 661 1583 721 daß
1622 661 1776 721 Bartin

727 800 851 860 gehen
869 785 1045 845 verseaget
1081 764 1242 824 worde.

842 947 1071 1007 Vebege
1099 931 1150 991 de
1250 923 1277 983 .
1380 916 1431 976 b.
1534 912 1558 972 e

1088 1028 1252 1088 Ftraces

923 1145 979 1205 Me
996 1133 1090 1193 Hr
1143 1121 1163 1181 e
1199 1114 1272 1174 ehe
1328 1102 1477 1162 ern

1025 1217 1329 1277 Afsesstre.

757 1327 919 1387 MeHide
967 1313 1080 1373 enrnr

782 1458 919 1518 langte
949 1453 964 1513 e
1009 1446 1116 1506 cSr.
1146 1441 1208 1501 von
1238 1431 1450 1491 Lentzburg
1497 1424 1602 1484 dieses
1632 1424 1754 1484 inhat

780 1537 867 1597 ein,
891 1533 942 1593 daß
979 1527 1029 1587 in
1041 1522 1142 1582 gnädigen
1155 1515 1254 1575 Herren
1266 1508 1392 1568 befelch
1430 1502 1517 1562 nach
1542 1496 1779 1556 verflosener

486 1531 593 1591 Miler
608 1519 729 1579 Capfar

773 1616 918 1676 heiligen
941 1608 1042 1668 zeith
1075 1602 1109 1662 zu
1154 1593 1400 1653 vollzedichen
1435 1578 1637 1638 befohlen,
1659 1567 1782 1627 findind

776 1702 850 1762 aber
861 1698 925 1758 noh
957 1694 999 1754 in
1010 1692 1096 1752 gnädigen
1107 1687 1203 1747 Herren
1214 1683 1235 1743 zu
1277 1673 1534 1733 bedeüten,
1556 1660 1630 1720 daß
1662 1649 1801 1709 derCaster

771 1780 900 1840 Müller
935 1775 1041 1835 fahls
1065 1770 1113 1830 Er
1148 1764 1254 1824 nicht
1277 1757 1348 1817 vor
1371 1750 1431 1810 der
1466 1735 1701 1795 Copulation
1726 1720 1749 1780 an
1773 1714 1821 1774 der

472 1839 541 1899 Pof.
553 1831 723 1891 Madelaine

785 1855 874 1915 einen
896 1850 1143 1910 Authentischen
1167 1839 1300 1899 schein,
1324 1832 1390 1892 daß
1447 1824 1571 1884 seine
1604 1816 1772 1876 verlobte

778 1935 840 1995 200
873 1932 947 1992 gl.
968 1928 1096 1988 besitzen
1138 1922 1212 1982 oder
1265 1914 1403 1974 gebuß
1445 1904 1519 1964 noch
1551 1897 1594 1957 zu
1635 1887 1796 1947 gelagrten

781 2007 887 2067 habe,
910 2004 982 2064 auf
1005 2002 1123 2062 beihen
1147 1999 1289 2059 kone,
1313 1993 1442 2053 seines
1477 1972 1796 2032 burgerrichtens

772 2087 995 2147 verlürßtig
1026 2083 1209 2143 wurde,
1229 2081 1259 2141 so
1290 2079 1331 2139 er
1361 2077 1443 2137 aber
1473 2069 1605 2129 solches
1625 2055 1757 2115 leisten

769 2178 902 2238 Thäte
932 2175 1109 2235 müester
1138 2173 1182 2233 Er
1228 2167 1479 2227 gleichfahls
1510 2156 1583 2216 vor
1613 2147 1673 2207 der
1702 2133 1807 2193 Her¬

763 2261 955 2321 segnung
984 2261 1058 2321 20.
1073 2263 1131 2323 gl.
1161 2263 1205 2323 in
1219 2262 1397 2322 Spithahl
1426 2248 1646 2308 behachten.

818 2372 906 2432 ver
937 2375 1129 2435 gethanes
1173 2380 1352 2440 anbringn
1439 2379 1485 2439 n
1514 2371 1604 2431 eer
1633 2344 1795 2404 raidat

495 2383 563 2443 wor
573 2387 686 2447 Rethisch.
696 2390 809 2450 Johannes

805 2452 849 2512 Men
909 2453 938 2513 n
968 2456 1074 2516 ger
1103 2460 1236 2520 en
1282 2461 1340 2521 in
1357 2459 1430 2519 daß
1461 2453 1504 2513 her
1565 2433 1729 2493 Johanns
1744 2406 1787 2466 vo

515 2468 631 2528 Futhel
656 2468 760 2528 Athr.

806 2534 925 2594 Rüthi
951 2538 1017 2598 von
1044 2544 1189 2604 allhiert
1216 2553 1321 2613 ihnen
1362 2554 1559 2614 bekennet,
1585 2529 1731 2589 Vatter

3095 205 3168 265 213
3187 208 3196 268 f

2041 307 2116 367 deß
2163 289 2237 349 von
2267 273 2435 333 Cathri
2465 261 2631 321 Füchser
2663 257 2737 317 von
2782 256 2888 316 Thun
2920 256 3039 316 under
3071 257 3178 317 daen

2042 384 2171 444 Hertzen
2193 356 2418 416 tragenden
2439 340 2526 400 und
2547 333 2655 393 ihme
2687 326 3010 386 zugeeigneten
3042 322 3182 382 vindts

2050 464 2083 524 zu
2116 446 2248 506 sein,
2270 426 2392 486 ward
2403 414 2512 474 ihme
2545 404 2667 464 solches
2699 397 2766 457 als
2788 393 2843 453 ein
2865 391 2997 451 Ehelich
3019 391 3241 451 zugesprochen

2053 544 2068 604 s
2127 525 2218 585 soll
2262 500 2515 560 abbüeßen,
2530 485 2576 545 es
2606 480 2695 540 aber
2726 474 2815 534 billd
2844 471 2905 531 das
2935 470 3053 530 gelt
3070 470 3218 530 erlegen

2053 612 2104 672 zuo
2129 592 2297 652 handen
2335 573 2400 633 der
2426 560 2593 620 armen
2618 551 2669 611 E.
2696 547 2747 607 E.
2760 544 2838 604 G.
2851 541 2902 601 zu
2927 538 3132 598 Pfiseren

2060 735 2195 795 Bull
2240 717 2286 777 an
2316 706 2392 766 H.
2421 695 2557 755 Frid.
2572 682 2798 742 Petreg.
2829 673 3146 733 Mestrechonores
3161 673 3252 733 beig¬

2065 804 2178 864 neurs
2224 789 2254 849 du
2291 773 2480 833 Supreme
2517 755 2754 815 Consistrire
2792 746 2933 806 ayant
2953 745 3009 805 ete
3047 743 3226 803 insormes

1800 831 1910 891 srdt
1947 804 2040 864 larg

2066 878 2123 938 par
2162 863 2229 923 une
2277 842 2488 902 Procedure
2526 829 2563 889 de
2593 824 2659 884 St.
2678 817 2947 877 Saphorin,
2966 811 3062 871 comme
3100 811 3214 871 Henri

2067 943 2249 1003 humont
2290 913 2482 973 francois
2524 892 2717 952 Reffagie
2757 879 3001 939 demeurant
3022 873 3052 933 en
3093 871 3184 931 cette

1818 965 1835 1025 s

2050 1037 2139 1097 Ville
2185 1021 2219 1081 et
2254 1007 2367 1067 Jeane
2412 984 2638 1044 francoise
2673 968 2797 1028 Frand
2808 960 2944 1020 champ
2990 951 3261 1011 Ressortissante

1805 1023 2044 1083 posaepite

2062 1116 2094 1176 de
2137 1104 2210 1164 S.
2232 1084 2433 1144 Saphoria
2496 1060 2676 1120 petoient
2709 1044 2867 1104 promig
2877 1040 2910 1100 la
2952 1035 3016 1095 foq
3047 1031 3079 1091 de
3101 1028 3271 1088 Mariage

2076 1190 2144 1250 que
2171 1179 2239 1239 non
2279 1161 2524 1221 Seulement
2538 1148 2578 1208 le
2619 1140 2714 1200 bêce
2754 1132 2781 1192 de
2809 1127 2849 1187 la
2876 1120 2971 1180 fille
3013 1105 3229 1165 ropporoit

2084 1274 2141 1334 da
2198 1250 2432 1310 Maiagio
2489 1225 2606 1285 nais
2625 1215 2701 1275 quo
2720 1207 2761 1267 le
2799 1199 2894 1259 uedt
2913 1191 3011 1251 von.
3030 1179 3261 1239 Paritriad

2066 1354 2196 1414 pooit
2212 1335 2314 1395 recen
2357 1315 2503 1375 advis
2532 1303 2576 1363 de
2619 1294 2707 1354 Mr
2721 1287 2765 1347 le
2794 1276 2983 1336 Miniche
3028 1264 3101 1324 que
3129 1258 3203 1318 adt

2068 1429 2254 1489 sanont
2271 1405 2390 1465 ertoit
2423 1382 2644 1442 promisur
2678 1366 2761 1426 ave
2797 1358 2864 1418 uno
2897 1350 2999 1410 autra
3033 1342 3152 1402 silae

2077 1518 2177 1578 dans
2191 1507 2232 1567 le
2262 1493 2389 1553 pays
2419 1480 2461 1540 de
2489 1459 2802 1519 Wirtenberg;
2830 1442 2874 1502 Et
2901 1436 3016 1496 comme
3030 1430 3072 1490 il
3086 1425 3257 1485 conviert

2086 1607 2099 1667 a
2138 1590 2321 1650 Mestres
2334 1571 2504 1631 honores
2530 1548 2738 1608 Seigneurs
2779 1532 2883 1592 detre
2922 1518 3092 1578 informd
3118 1508 3184 1568 au¬

2068 1686 2177 1746 juste
2210 1676 2244 1736 si
2265 1669 2319 1729 les
2342 1661 2407 1721 dit
2441 1644 2627 1704 Caumont
2659 1630 2725 1690 est
2736 1617 2944 1677 reellement
2966 1607 3120 1667 promis
3152 1602 3240 1662 avec

2068 1767 2386 1827 Ehrangen,
2400 1745 2471 1805 ils
2487 1735 2558 1795 ont
2586 1726 2645 1786 era
2688 1713 2833 1773 devoir
2862 1700 3078 1760 tadresser
3107 1696 3121 1756 à
3165 1694 3251 1754 Vous

2080 1863 2186 1923 pour
2200 1853 2240 1913 en
2281 1838 2443 1898 retirer
2483 1805 2872 1865 leclainuissement
2899 1780 3087 1840 necessaria
3129 1771 3289 1831 jusquat

2075 1949 2200 2009 Landi
2241 1928 2464 1988 prochain
2548 1903 2645 1963 dans
2673 1889 2784 1949 quel
2799 1878 2910 1938 sems
2937 1869 3007 1929 ils
3035 1860 3215 1920 rendront

2088 2039 2263 2099 satonus
2282 2025 2360 2085 sei
2397 2016 2435 2076 le
2456 2002 2610 2062 monto
2650 1986 2688 2046 da
2707 1974 2822 2034 sait

2074 2166 2170 2226 der
2203 2151 2398 2211 Aaumont
2432 2136 2464 2196 do
2496 2127 2561 2187 bey
2611 2113 2708 2173 Mr.
2724 2099 2871 2159 Gacton
2919 2086 2985 2146 dem
3034 2073 3277 2133 serengshe

1884 2145 1948 2205 Is

2086 2244 2218 2304 bäter
2270 2236 2348 2296 bey
2401 2225 2466 2285 dem
2559 2206 2716 2266 Oberen
2755 2189 2835 2249 thor
2874 2180 2913 2240 in
2952 2170 3109 2230 arbeith
3135 2161 3267 2221 stechen

2075 2334 2225 2394 soll,
2276 2319 2377 2379 soll
2410 2307 2510 2367 auf
2545 2288 2746 2348 Montag
2795 2265 3048 2325 erscheinen

2098 2442 2236 2502 Johan
2266 2431 2435 2491 Caspar
2480 2415 2634 2475 Srehmn
2679 2400 2742 2460 von
2772 2383 3001 2443 Eißleben
3034 2367 3109 2427 mit
3125 2358 3293 2418 barbara

1867 2439 1909 2499 In
1921 2451 2029 2511 Johann

2080 2529 2252 2589 fentzer
2278 2522 2356 2582 von
2396 2507 2594 2567 Attigen,
2622 2484 2766 2544 beillen
2779 2470 2846 2530 sie
2872 2458 2992 2518 beide
3018 2446 3136 2506 Lauth
3164 2437 3321 2497 Atectan

1849 2521 1863 2581 V

1857 2606 1901 2666 Sr
1912 2609 2158 2669 Parbakation
2191 2597 2483 2657 verkündet,
2517 2575 2683 2635 Kirchen
2696 2560 2807 2620 recht
2840 2549 2874 2609 zu
2908 2539 3020 2599 halten
3042 2522 3310 2582 bebilliget.
