4032 3024
717 332 817 392 Jedeh
842 323 882 383 an
944 299 1121 359 Mehgff
1161 279 1211 339 die
1248 268 1477 328 Comercien
1502 280 1629 340 Rtätle

443 348 587 408 a4f.

718 416 848 476 Send
880 392 1028 452 Meshs
1092 363 1174 423 ahr
1208 349 1272 409 uab
1288 342 1370 402 e23.
1386 340 1484 400 abeir
1502 359 1698 419 letsche¬

443 454 503 514 aot
546 426 669 486 sdtes

723 506 773 566 den
798 488 912 548 Peter
951 460 1053 520 farl
1103 437 1216 497 einen
1243 421 1394 481 allhier
1432 422 1659 482 bohnenden

701 570 913 630 Verech
934 535 1063 595 stekt
1104 513 1170 573 on
1191 495 1361 555 budgen
1382 489 1701 549 gewertischer

721 647 866 707 Mertth
884 624 957 684 zur
995 594 1195 654 Aepulion
1231 565 1431 625 Verleden
1451 560 1504 620 baß
1542 563 1578 623 d.
1595 571 1687 631 Wan

731 718 898 778 helbiger
915 698 983 758 sic
1016 680 1101 740 aber
1134 663 1235 723 heut
1251 650 1352 710 dato
1388 643 1454 703 der
1470 646 1689 706 widerihre

749 796 954 856 gefterten
972 762 1146 822 Kägdten
1161 745 1241 805 halb
1272 731 1494 791 zinmliches
1527 735 1686 795 maßen

726 879 988 939 versisiciet,
1022 847 1092 907 und
1129 821 1425 881 forgetharen,
1444 808 1515 868 daß
1549 808 1583 868 er
1602 810 1673 870 sich

741 950 1043 1010 Zeuithbahrenden
1070 914 1206 974 sendes
1233 892 1467 952 allhiesigen
1494 889 1631 949 lange

741 1034 1022 1094 aufenthalte
1052 1002 1161 1062 nicht
1176 982 1394 1042 anstäßig
1424 970 1720 1030 aufgefüret;

728 1131 791 1191 So
824 1109 952 1169 habend
967 1088 1095 1148 Meht
1128 1071 1207 1131 auch
1224 1060 1321 1120 suey
1352 1054 1415 1114 deß
1464 1049 1591 1109 vorliß
1623 1051 1737 1111 gere¬

746 1191 946 1251 führendes
972 1160 1212 1220 nachberben
1238 1139 1293 1199 Ihm
1345 1118 1626 1178 Erkandtnuß
1665 1116 1692 1176 so

738 1277 815 1337 fal
845 1268 875 1328 an
907 1256 1014 1316 Ihren
1029 1242 1105 1302 bohl
1120 1221 1336 1281 aberonderen
1366 1203 1442 1263 und
1472 1196 1641 1256 zugehen
1656 1199 1748 1259 möge

729 1365 814 1425 daß
850 1351 901 1411 we
918 1343 952 1403 mn
969 1335 1022 1395 so
1039 1325 1124 1385 fern
1143 1316 1177 1376 er
1194 1309 1262 1369 sich
1281 1297 1417 1357 ehrlich
1436 1287 1521 1347 auf
1538 1278 1693 1338 fuehren

739 1441 904 1501 wirde,
940 1411 1216 1471 unalhesige
1253 1382 1436 1442 Stattbof
1493 1360 1676 1420 gedelet

754 1520 886 1580 werden
908 1497 1053 1557 könne.

739 1659 884 1719 Redogf
910 1647 1133 1707 beybarberg.
1160 1640 1224 1700 Auß
1265 1634 1356 1694 Ihren
1409 1614 1686 1674 eingesendten

477 1789 549 1849 Serg
604 1767 749 1827 udaf
767 1754 876 1814 hiben
914 1742 1041 1802 habent
1077 1730 1224 1790 Mehe
1259 1715 1422 1775 ronann
1460 1700 1495 1760 ir
1513 1690 1587 1750 daß
1604 1681 1622 1741 s
1660 1667 1714 1727 aß

778 1822 942 1882 Rurdlff
958 1812 1057 1872 bürg,
1089 1806 1156 1866 von
1188 1795 1419 1855 lobsingen,
1451 1774 1534 1834 alßo
1550 1750 1714 1810 flsßbeth

468 1870 658 1930 Krathinger
671 1865 754 1925 Else

645 1930 664 1990 V
777 1898 985 1958 Bettings
1024 1888 1080 1948 von
1119 1882 1346 1942 Schafen,
1364 1868 1517 1928 welche
1554 1846 1612 1906 Sin
1630 1821 1725 1881 schre

756 1978 817 2038 zud
841 1976 928 2036 welt
953 1975 1139 2035 gebehrnes
1176 1972 1299 2032 Kindt
1312 1958 1559 2018 zugeegnet,
1583 1931 1658 1991 der

755 2056 846 2116 aber
876 2057 926 2117 die
967 2057 1058 2117 that
1087 2054 1249 2114 laugnet
1289 2047 1330 2107 im
1370 2031 1662 2091 purgations
1692 1998 1772 2058 Eydt

759 2139 1002 2199 guugsamb
1027 2143 1243 2203 Inestruirt
1270 2137 1383 2197 undt
1410 2126 1524 2186 beyde
1576 2100 1704 2160 guten

767 2224 1002 2284 leumbdens
1030 2227 1209 2287 beschaben
1238 2227 1349 2287 werden
1459 2213 1528 2273 Alß
1569 2182 1749 2242 wollendt

779 2302 982 2362 dieselben
1013 2306 1114 2366 Ihnen
1129 2309 1407 2369 auffgetragen
1421 2297 1566 2357 haben,
1596 2272 1669 2332 bey
1683 2251 1742 2311 mil
1771 2226 1799 2286 h

770 2385 923 2445 Zeithe,
950 2390 1048 2450 undt
1075 2394 1131 2454 da
1172 2397 1255 2457 deß
1311 2394 1478 2454 Kundts
1507 2376 1617 2436 halb
1644 2344 1770 2404 nichts

781 2467 827 2527 zu
844 2467 1002 2527 befehen
1080 2476 1174 2536 Min
1190 2481 1316 2541 gnädigen
1332 2481 1458 2541 Herren
1474 2467 1664 2527 zurschein
1695 2435 1758 2495 toh

775 2540 1012 2600 anzusehen.

3083 208 3216 268 25.

1997 314 2243 374 Santburg
2275 290 2389 350 Rag.
2423 282 2521 342 Über
2537 281 2603 341 hin
2651 286 2897 346 eingelangte
2929 295 3109 355 Noredus
3127 298 3209 358 von¬

2005 419 2231 479 Vitrauts
2264 387 2507 447 betreffenden
2523 379 2636 439 vell.
2652 379 2847 439 Hhoffbuge
2879 384 2976 444 undt
2992 387 3106 447 Anna

2054 524 2146 584 haug
2199 490 2369 550 wolndt
2408 477 2474 537 Me
2487 474 2578 534 Hren
2593 473 2644 533 der
2657 473 2723 533 H.
2750 473 2868 533 Pres.
2881 472 3104 532 freundtlich

1800 530 2042 590 sle

1829 662 1848 722 e
1907 623 2005 683 en
2024 589 2199 649 gesicht
2220 568 2356 628 haben
2395 560 2609 620 efershen
2650 560 2707 620 be
2748 559 2884 619 Gsten
2922 552 3140 612 ehoelihr

2044 679 2133 739 dar
2158 655 2299 715 Kindt
2323 641 2412 701 vor
2439 635 2616 695 dieselben
2679 635 2807 695 halten
2832 634 3112 694 zulaßen.

2049 776 2092 836 Vß
2121 759 2240 819 allen
2254 743 2462 803 dißorthr
2491 736 2638 796 nötig
2653 736 2845 796 schafften
2860 739 2949 799 soll
2978 739 3186 799 nachge¬

2011 852 2220 912 shlage
2242 824 2360 884 beden

2042 1060 2198 1120 Redhat
2232 1041 2266 1101 a
2317 1029 2422 1089 Men
2439 1021 2561 1081 Hr
2717 1012 2854 1072 oetot.
2890 1010 2976 1070 bor
2993 1009 3063 1069 den
3080 1006 3217 1066 britt

2011 1148 2096 1208 sin
2150 1118 2513 1178 Hprtsungschun
2548 1098 2635 1158 von
2704 1090 2809 1150 Eur
2826 1084 3053 1144 Ehrbarbeit
3087 1082 3121 1142 zu

2043 1215 2247 1275 Bollingen
2343 1181 2630 1241 Eingelangten
2667 1170 2810 1230 beicht
2847 1166 2919 1226 was
2954 1160 3134 1220 gestalten

2043 1307 2129 1367 Von
2144 1290 2273 1350 sichen
2289 1276 2375 1336 Herr
2404 1262 2620 1322 Fhaidenach
2634 1252 2807 1312 Stegers
2823 1247 2894 1307 von
2938 1236 3271 1296 Ostermündigen

1816 1304 1947 1364 Storll

2054 1398 2102 1458 beß
2162 1379 2454 1439 verlichenen
2504 1356 2710 1416 Battagin
2746 1344 2820 1404 die
2844 1335 2990 1395 Kachen
3075 1320 3197 1380 allda

1829 1363 1918 1423 erich

2062 1467 2161 1527 eine
2202 1447 2765 1507 Ergnußentstanden
2864 1418 3006 1478 undt
3033 1402 3146 1462 auff
3159 1388 3258 1448 seine

1816 1447 1953 1507 selinge

2054 1554 2235 1614 daherge
2267 1534 2499 1594 erscheinung
2532 1523 2564 1583 ha
2599 1515 2780 1575 eben
2796 1504 2928 1564 gnädige
2960 1492 3093 1552 eren
3109 1483 3176 1543 deaß

1830 1532 1953 1592 Mag.

2047 1641 2178 1701 Oobey
2223 1629 2310 1689 Chor
2343 1615 2540 1675 Grichts
2563 1594 2936 1654 nacherdauterung
2968 1579 3045 1639 deß
3122 1574 3231 1634 ge¬

2032 1720 2363 1780 schäfftserbeit
2415 1702 2503 1762 daß
2568 1689 2784 1749 gedachter
2823 1679 2899 1739 H.
2936 1670 3064 1730 Siger
3103 1660 3154 1720 zu

2063 1806 2210 1866 handen
2276 1800 2344 1860 der
2384 1791 2532 1851 dienen
2598 1781 2679 1841 der
2706 1766 2947 1826 Gemeindt
2974 1744 3202 1804 bollingen

2045 1889 2102 1949 30
2135 1882 2227 1942 bäm
2319 1871 2456 1931 frrnen
2501 1859 2753 1919 erloggen,
2775 1847 2901 1907 undt
2923 1835 3083 1895 damit
3117 1821 3197 1881 der

2054 1972 2298 2032 gefrgeten
2352 1955 2597 2015 Gemeindt
2638 1943 2747 2003 auch
2788 1924 3155 1984 Rechenschafft

2062 2065 2302 2125 getragen
2314 2049 2493 2109 werde,
2517 2044 2566 2104 so
2589 2041 2650 2101 sich
2685 2037 2722 2097 an
2769 2030 2901 2090 hinen
2962 2007 3214 2067 Sontag¬

2033 2163 2218 2223 solhee
2254 2143 2532 2203 notificirt
2550 2125 2700 2185 werden
2736 2112 2867 2172 Liedt
2885 2103 2921 2163 in
2942 2095 3014 2155 der
3053 2077 3256 2137 morgen

2053 2250 2241 2310 pfedig
2277 2238 2316 2298 zu
2371 2223 2578 2283 gedeiten
2616 2204 2841 2264 bollingn
2859 2183 3123 2243 einfinden

2036 2349 2132 2409 Mu
2146 2346 2313 2406 LErge
2340 2335 2410 2395 H.
2424 2318 2673 2378 Pfredicant
2714 2289 2952 2349 daselbst
2979 2276 3075 2336 seine
3103 2276 3256 2336 action

2047 2440 2157 2500 ohne
2198 2436 2241 2496 zu
2281 2417 2696 2477 particularisiren
2725 2386 2917 2446 darnach
2974 2368 3181 2428 einaichten
