4032 3024
454 356 531 416 26
548 338 595 398 f.

718 382 796 442 hine
823 363 1045 423 Ehrebarkeit
1058 337 1347 397 derzumahlen
1412 332 1542 392 under
1555 339 1622 399 dem

690 488 773 548 Bad
900 454 1081 514 neHre
1110 430 1277 490 Seners
1320 418 1613 478 versambten

701 561 827 621 Etrige
853 541 978 601 Jehdoh
1029 524 1105 584 bey
1144 503 1421 563 beschloßener
1460 494 1560 554 thud
1585 496 1648 556 sich
1675 501 1724 561 vor

693 649 768 709 Ire
798 630 998 690 stellen,
1028 608 1135 668 Ihme
1165 596 1241 656 Nan
1273 585 1408 645 seithen
1471 577 1698 637 deßelben

710 731 794 791 sein
823 719 1021 779 gröbliches
1049 700 1163 760 fähle
1207 677 1505 737 vorgehalten,
1533 668 1575 728 Er
1605 670 1719 730 solchen

728 809 799 869 mit
837 801 980 861 bereiten
1004 784 1185 844 erkennen
1256 755 1485 815 nachtertt
1522 740 1605 800 mit
1618 736 1701 796 Euer

714 883 884 943 brefftigen
905 864 1149 924 Vermahnung
1201 836 1435 896 dimittirt
1489 823 1647 883 hiemit
1668 821 1721 881 diß

732 965 803 1025 Eür
833 946 1135 1006 außgemachte
1163 926 1250 986 sach
1278 916 1351 976 sein
1365 906 1567 966 sollen,
1596 902 1638 962 Er
1654 903 1725 963 hat

731 1061 837 1121 Wed
851 1037 1156 1097 mehrertehnter
1183 1016 1262 1076 H.
1277 1007 1410 1067 Stiger
1423 998 1488 1058 sich
1529 991 1728 1051 wohler¬

709 1146 735 1206 nu
816 1139 842 1199 n
870 1132 951 1192 mne
977 1122 1071 1182 Heren
1084 1115 1126 1175 diß
1139 1105 1300 1165 törtiges
1327 1087 1516 1147 Vrtheil
1543 1076 1730 1136 beschlert

740 1219 820 1279 undt
845 1216 925 1276 solh
950 1208 1066 1268 vomMin
1078 1200 1170 1260 gnädigen
1183 1191 1275 1251 Herren
1286 1183 1345 1243 die
1368 1163 1718 1223 Räthrecumiret

737 1302 851 1362 statt
876 1296 952 1356 aber
977 1282 1283 1342 dißgeschäfft
1308 1253 1588 1313 abzutreiben
1664 1236 1702 1296 so

748 1381 866 1441 ließe
880 1378 925 1438 Er
939 1374 1042 1434 durch
1071 1368 1131 1428 ein
1159 1357 1322 1417 albe
1367 1341 1424 1401 in
1439 1329 1527 1389 nige
1558 1312 1646 1372 Herre
1689 1297 1704 1357 e

748 1462 926 1522 kentnuß
962 1455 1009 1515 im
1045 1447 1200 1507 krefft
1212 1432 1450 1492 erwachsen,
1486 1407 1641 1467 dahero
1664 1386 1773 1446 hoh¬

724 1537 889 1597 gemelt
918 1533 1097 1593 Wehen
1111 1528 1181 1588 saib
1208 1521 1305 1581 870.
1334 1509 1499 1569 possati
1542 1495 1555 1555 p
1610 1481 1721 1541 helil

754 1613 781 1673 Mn
808 1618 988 1678 MeHre
1043 1614 1264 1674 ertheilet,
1291 1602 1360 1662 daß
1415 1585 1595 1645 geeuter
1622 1564 1789 1624 Erbat¬

755 1703 840 1763 nuß
863 1702 936 1762 her
948 1700 1081 1760 Steiger
1117 1695 1178 1755 ein
1213 1684 1406 1744 genüegen
1431 1668 1563 1728 leisten
1636 1643 1732 1703 undt

770 1795 825 1855 sich
853 1798 1064 1858 deßtwegen
1078 1794 1190 1854 wider
1217 1785 1371 1845 allharo
1400 1763 1637 1823 verfurgen
1651 1735 1749 1795 sole

751 1881 853 1941 Wie
879 1876 904 1936 Er
929 1874 993 1934 sich
1018 1870 1107 1930 nun
1159 1864 1336 1924 dernah
1362 1846 1615 1906 anheimbsch
1642 1813 1781 1873 befindet

742 1963 784 2023 so
800 1959 886 2019 habe
929 1957 957 2017 e
987 1956 1029 2016 nen
1044 1955 1146 2015 erre
1188 1954 1202 2014 e
1216 1950 1347 2010 hr.
1375 1937 1578 1997 hierdurch
1607 1897 1794 1957 freundtlich

758 2044 901 2104 esich
921 2048 1083 2108 wolten,
1103 2048 1185 2108 sich
1225 2045 1265 2105 zu
1305 2039 1368 2099 den
1408 2022 1590 2082 Entshn
1610 1986 1732 2046 auff

764 2133 866 2193 Eünren
911 2137 1013 2197 ihme
1042 2140 1189 2200 beliclg
1218 2131 1395 2191 Sonntag
1424 2115 1469 2175 so
1498 2096 1614 2156 baldt
1630 2064 1733 2124 much

757 2219 899 2279 tlichst
914 2221 1040 2281 nacher
1073 2227 1279 2287 bollingen
1295 2212 1627 2272 suverfurgen,
1642 2163 1706 2223 der

765 2295 933 2355 Aldsig

929 2315 1040 2375 HH.
1067 2318 1273 2378 Pfachl.
1289 2311 1481 2371 Borhero
1509 2288 1633 2348 deßen
1647 2262 1730 2322 adi

739 2394 833 2454 Herr
846 2388 953 2448 Stiaer
981 2389 1049 2449 zud
1076 2391 1157 2451 mit
1170 2396 1439 2456 Erscheinung
1467 2380 1629 2440 wüße,
1655 2345 1736 2405 undt

759 2471 921 2531 MegHe
1025 2474 1055 2534 h
1100 2478 1115 2538 a
1366 2477 1605 2537 egangener
1634 2439 1768 2499 urthel

772 2549 839 2609 das
861 2551 975 2611 läben
1030 2558 1119 2618 geben
1143 2560 1187 2620 zu
1200 2564 1412 2624 laßen.

3074 212 3164 272 22

2022 312 2298 372 Signerolle.
2313 291 2359 351 In
2404 284 2605 344 antwort
2620 285 2728 345 Ihres
2758 292 3050 352 berichtscheibens
3065 298 3251 358 betefteden

2026 403 2132 463 sirnis
2158 383 2278 443 sares
2306 371 2384 431 Ihre
2412 364 2678 424 angehorgen,
2691 364 2732 424 so
2758 365 2812 425 die
2838 368 3012 428 danonie
3038 370 3157 430 Ihren

2033 509 2093 569 H.
2119 480 2327 540 Pfarrh.
2352 463 2426 523 mit
2463 456 2660 516 Susarne
2710 456 2882 516 Mario
2930 457 3079 517 Faire
3115 453 3165 513 de

2095 575 2206 635 sonti
2240 558 2296 618 de
2318 542 2576 602 Neiuschatel
2621 533 2811 593 angeben
2846 530 3058 590 laßen,
3069 526 3194 586 nach¬

1805 580 1839 640 so
1889 545 1940 605 u

1808 625 2021 685 pasesonit

2042 665 2146 725 rtt
2168 645 2271 705 aber
2294 635 2328 695 so
2352 627 2455 687 wohl
2489 618 2581 678 seine
2603 614 2786 674 Mutter
2832 611 2924 671 undt
2947 610 3209 670 Verwandten

1817 707 1884 767 o

2039 745 2138 805 dieser
2168 723 2357 783 heuttrath
2388 708 2447 768 sich
2477 697 2696 757 widersetzet,
2706 689 2835 749 undt
2866 685 2925 745 die
2955 680 3104 740 Facre
3125 676 3184 736 sich

2059 820 2291 880 abwesendt
2358 790 2563 850 befinden
2617 776 2739 836 soll,
2768 770 2862 830 wol
2891 767 2958 827 mine
2971 766 3080 826 gnädigen
3094 766 3216 826 Herrn

2024 919 2156 979 Ihnen
2185 883 2523 943 auffgetragen
2568 863 2700 923 haben
2787 855 2875 915 mit
2890 853 2949 913 den
2964 851 3213 911 Verkindung

2047 988 2253 1048 einmahl
2306 964 2615 1024 Inzuhalten
2701 942 2804 1002 biß
2838 929 3046 989 gebandt
3063 920 3200 980 solche

2033 1090 2210 1150 begehen
2223 1075 2372 1135 werde,
2400 1062 2564 1122 fahls
2590 1053 2712 1113 dann
2767 1042 2997 1102 Jehmandt
3026 1032 3079 1092 sich
3106 1027 3174 1087 der

2043 1175 2278 1235 opponiren
2291 1156 2489 1216 thäten,
2515 1145 2698 1205 werdindt
2737 1138 2817 1198 Sie
2843 1132 2948 1192 Eine
2987 1121 3196 1181 Procedur

2026 1264 2241 1324 Rutecirn
2276 1248 2360 1308 und
2384 1238 2516 1298 solhein
2528 1229 2623 1289 gnädigen
2635 1224 2731 1284 Herre
2754 1219 2778 1279 zu
2815 1214 2910 1274 dero
2922 1205 3137 1265 ffrrnerer

2048 1347 2274 1407 Erkentnuß
2315 1325 2648 1385 übersanden:

2053 1508 2222 1568 Wart
2267 1491 2459 1551 Susanna
2539 1477 2630 1537 Joho
2674 1470 2753 1530 Von
2788 1461 3080 1521 vielmacheren
3149 1455 3216 1515 lih

2072 1591 2114 1651 sie
2157 1587 2221 1647 die
2253 1581 2392 1641 Statt
2424 1573 2541 1633 wider
2573 1566 2648 1626 das
2680 1558 2861 1618 Verbott
2905 1547 3107 1607 betretten
3151 1538 3269 1598 einge¬

1827 1597 1872 1657 Ioh
1896 1591 2034 1651 Susanna

2045 1676 2142 1736 sett
2161 1667 2259 1727 undt
2288 1658 2396 1718 wider
2425 1652 2493 1712 auß
2543 1646 2610 1706 der
2640 1640 2757 1700 Statt
2786 1630 2962 1690 verleisen
2991 1617 3118 1677 worden

2055 1758 2121 1818 biß
2165 1746 2222 1806 Sie
2244 1739 2345 1799 gute
2378 1730 2635 1790 Attestata
2690 1725 2802 1785 Ihres
2835 1715 3057 1775 Läblesens
3092 1693 3191 1753 oder

2048 1837 2179 1897 eines
2212 1823 2398 1883 ehrlichen
2409 1816 2595 1876 diensts
2649 1811 2879 1871 auffweisen
2911 1798 3098 1858 komen,
3119 1782 3175 1842 da

2040 1943 2166 2003 sonst
2206 1923 2500 1983 betrettenden
2525 1911 2653 1971 fahls
2678 1904 2793 1964 selbe
2819 1895 2907 1955 soll
2946 1888 2984 1948 in
3010 1873 3228 1933 schwing¬

2044 2034 2195 2094 stuehl
2239 2018 2420 2078 gesetzet
2437 2015 2601 2075 werden.

2089 2206 2288 2266 Estbeth
2318 2191 2380 2251 He
2457 2177 2549 2237 Von
2596 2160 2872 2220 Langenthal
2919 2145 3149 2205 beklagte

1855 2264 1871 2324 g
1900 2252 2032 2312 Ehstbeg

2093 2295 2376 2355 Wilodernus
2414 2278 2611 2338 Reßner
2647 2263 2784 2323 einen
2820 2251 3005 2311 Staümp
3067 2241 3240 2301 Wäber

1855 2342 1960 2402 Iner
1977 2350 2083 2410 Nico¬

2071 2394 2144 2454 der
2180 2383 2526 2443 schwängerung
2586 2364 2661 2424 do
2698 2357 2771 2417 Sie
2795 2351 2845 2411 14
2869 2346 2930 2406 tag
2981 2340 3078 2400 Vor
3102 2338 3225 2398 Jacob

1878 2402 1991 2462 demus

2065 2481 2340 2541 beschloffen,
2370 2470 2510 2530 Cogl.
2525 2461 2617 2521 soll
2647 2452 2755 2512 auff
2785 2441 2955 2501 Montag
2985 2434 3093 2494 Eitirt
3123 2434 3245 2494 weden
