4032 3024
443 349 512 409 218
541 338 554 398 f

719 386 848 446 Wart
872 371 942 431 auß
978 358 1083 418 guten
1130 341 1319 401 gründen
1377 334 1448 394 der
1482 336 1576 396 Hanß
1624 351 1752 411 Schmde

712 478 792 538 Von
819 458 1036 518 Wichtrach
1062 442 1157 502 heut
1197 434 1251 494 der
1279 422 1669 482 gefangenschafft

447 510 589 570 Scheid
606 492 684 552 haß

728 558 932 618 erlaßen,
946 537 1048 597 undt
1062 525 1136 585 mit
1164 515 1266 575 Einer
1295 505 1456 565 bemons
1470 502 1558 562 tran
1586 503 1745 563 demnittet

704 729 840 789 Anna
869 712 1078 772 Autschie,
1095 698 1139 758 so
1153 690 1243 750 zum
1289 676 1454 736 Neheber
1469 668 1544 728 Ihre
1559 664 1741 724 sohnhetg

737 812 794 872 zur
817 810 921 870 selt
944 799 1129 859 gebohrnen
1188 775 1349 835 Kindts
1383 751 1637 811 rnambset

454 812 599 872 Räithche
631 791 729 851 Anna¬

765 900 904 960 daviel
954 881 1194 941 Auchbacher
1219 864 1271 924 den
1321 849 1434 909 ohles
1459 839 1523 899 bey
1561 832 1623 892 der

442 915 614 975 Gestbaler
644 901 738 961 dabie

728 981 1070 1041 Neüwenbzngg,
1095 962 1158 1022 der
1184 951 1259 1011 aber
1297 939 1374 999 die
1399 927 1513 987 that
1552 919 1729 979 laugnet

727 1082 820 1142 Eoche
837 1072 930 1132 solle
962 1060 1070 1120 über
1087 1049 1180 1109 acht
1197 1040 1275 1100 tag
1290 1024 1558 1084 erscheinen.

760 1243 939 1303 Weilen
981 1232 1090 1292 Laut
1119 1220 1326 1280 Einkonen
1380 1202 1601 1262 Attestati
1630 1191 1697 1251 von

745 1325 899 1385 Furnes
931 1321 1002 1381 der
1024 1317 1105 1377 Jean
1157 1309 1230 1369 Son
1281 1298 1364 1358 auß
1394 1288 1457 1348 der
1487 1268 1653 1328 Provinz

758 1399 1003 1459 Sampagne,
1027 1392 1186 1452 welchem
1235 1377 1432 1437 Elßbeth
1456 1354 1653 1414 Gfeller

471 1431 529 1491 Con
579 1421 646 1481 Jean

476 1515 606 1575 Belle
619 1506 659 1566 Es
672 1498 830 1558 tosvon
869 1488 962 1548 Wyl
988 1482 1066 1542 mit
1092 1473 1277 1533 Klagender
1316 1456 1578 1516 Ehrensfrach
1619 1439 1632 1499 s
1658 1431 1736 1491 lohl

751 1571 845 1631 Van
878 1573 956 1633 alß
987 1573 1019 1633 in
1050 1569 1128 1629 der
1144 1562 1301 1622 geißtt
1333 1549 1397 1609 Ihr
1412 1540 1506 1600 zue
1521 1519 1759 1579 keltge¬

749 1657 895 1717 bohnes
915 1655 1040 1715 Kinde
1071 1646 1289 1706 zugeignet
1331 1628 1487 1688 beybs
1528 1606 1716 1666 laugnet

746 1741 827 1801 Alß
853 1748 975 1808 habend
1002 1749 1083 1809 ädien
1096 1745 1205 1805 Hren
1232 1737 1273 1797 ra
1312 1729 1380 1789 das
1422 1715 1557 1775 Kindt
1570 1702 1610 1762 so
1625 1690 1732 1750 lang

750 1835 1034 1895 überlaßen,
1054 1830 1125 1890 biß
1176 1825 1225 1885 Sie
1256 1819 1317 1879 den
1367 1810 1428 1870 Son
1479 1797 1580 1857 Vor
1621 1784 1682 1844 dem

751 1918 904 1978 Richter
929 1916 1043 1976 stellen
1068 1913 1196 1973 wirdt.

758 2096 818 2156 An
849 2098 926 2158 E.
956 2099 1110 2159 Oberst
1140 2098 1202 2158 von
1262 2092 1538 2152 Goumoens.
1568 2069 1692 2129 Ihme

762 2182 909 2242 übersen
922 2182 1082 2242 schreben
1109 2183 1256 2243 verdete
1297 2180 1323 2240 d
1337 2176 1404 2236 ein
1418 2168 1523 2228 gnädigen
1538 2154 1631 2214 Heren
1657 2133 1751 2193 egen

503 2234 643 2294 Rideft
670 2239 756 2299 ohein

768 2255 832 2315 deß
885 2257 1069 2317 Johannes
1100 2256 1272 2316 Rudolff
1304 2246 1584 2306 verlangende
1638 2214 1777 2274 Ehe¬

497 2307 698 2367 Hauboßtfühter
710 2322 789 2382 Jna¬

781 2333 991 2393 schidigung
1031 2330 1111 2390 von
1136 2332 1242 2392 seiner
1268 2330 1386 2390 frauw
1438 2321 1556 2381 Anna
1584 2299 1728 2359 Catrine

582 2377 710 2437 Catrina

792 2411 1056 2471 hausßfühler
1099 2413 1291 2473 zumahlen
1305 2409 1423 2469 beyde
1466 2382 1773 2442 heimmathloß,

775 2492 824 2552 diß
860 2492 970 2552 Boths
982 2494 1104 2554 nichte
1127 2497 1334 2557 eintretten
1359 2493 1432 2553 noch
1456 2481 1638 2541 decidirn

3073 218 3161 278 29
3176 223 3235 283 .

2163 304 2429 364 Montags
2476 294 2537 354 den
2561 292 2695 352 29ten
2719 290 2852 350 Xbris
2888 284 3022 344 1732.

2459 389 2699 449 Prasides

2225 486 2483 546 MengHr
2514 463 2644 523 euer
2676 452 2751 512 von
2795 445 3009 505 Mühlinen

2218 570 2444 630 Mehgohs
2481 542 2671 602 Rathohl
2729 524 2880 584 Jimer

2436 623 2744 683 Assessores

2040 779 2210 839 Mchts

2055 967 2090 1027 her
2148 940 2368 1000 Commission
2413 913 2588 973 Secret.
2623 897 2820 957 Sammel
2877 887 3028 947 Jeuer
3051 883 3133 943 von

2060 1042 2195 1102 allhier
2235 1022 2317 1082 mit
2359 1003 2494 1063 Ifrl.
2521 983 2740 1043 Elisabeth
2793 965 3025 1025 Thormann
3052 964 3216 1024 Kirchen

1815 1010 2011 1070 norchbanur

2039 1127 2151 1187 Racht
2175 1110 2218 1170 zu
2263 1090 2420 1150 halte
2466 1066 2714 1126 bebelliget

1811 1105 1913 1165 srnan
1942 1083 2001 1143 fel

1835 1173 1941 1233 ch

2020 1258 2153 1318 Lanate
2188 1238 2373 1298 folgender
2406 1224 2523 1284 sechul
2558 1215 2641 1275 far.
2674 1207 2776 1267 Auß
2826 1194 2977 1254 Eüweren
3010 1174 3212 1234 Meher

2026 1353 2115 1413 ver
2200 1338 2260 1398 e
2377 1327 2405 1387 h
2522 1311 2817 1371 besanben
2877 1287 2962 1347 ed
2994 1272 3051 1332 s
3079 1249 3200 1309 hen

2043 1448 2247 1508 Verlgß.
2265 1422 2526 1482 vermeintet,
2562 1407 2619 1467 daß
2673 1395 2785 1455 bobl.
2823 1382 2952 1442 Statt
2971 1371 3027 1431 bie
3064 1355 3193 1415 sollte

2042 1534 2320 1594 zugeschiben
2354 1505 2562 1565 worden,
2596 1489 2719 1549 undt
2736 1476 2944 1536 zugleich
2961 1456 3151 1516 ersucht

2050 1641 2134 1701 var
2162 1627 2248 1687 Son
2290 1614 2376 1674 der
2405 1602 2547 1662 Nasula
2605 1586 2732 1646 Udteri
2775 1574 2860 1634 Bon
2890 1556 3116 1616 Kengnaut

1819 1662 1983 1722 Milosulan

1837 1738 2055 1798 Wehebuns
2070 1719 2148 1779 dem
2211 1700 2429 1760 Johannes
2459 1683 2647 1743 Schidler
2677 1671 2755 1731 von
2803 1658 3036 1718 Brageaeus
3067 1642 3145 1702 Bel

2060 1801 2302 1861 zufignende
2359 1774 2501 1834 Kindt
2530 1755 2799 1815 anzunemmen
2813 1742 2871 1802 etc.
2885 1730 3070 1790 Nachdem
3128 1706 3212 1766 aber

2022 1908 2184 1968 wgl.
2204 1887 2283 1947 dero
2326 1865 2527 1925 gedanche,
2547 1849 2708 1909 darube
2748 1837 2870 1897 ele
2890 1825 3031 1885 lasten

2064 1984 2243 2044 habend
2265 1961 2463 2021 selbige
2504 1945 2643 2005 dazu
2663 1935 2744 1995 sch
2763 1930 2824 1990 it
2844 1912 3083 1972 verstehen

2067 2070 2235 2130 können
2301 2056 2453 2116 sonder
2486 2033 2738 2093 befunden,
2771 2011 2838 2071 daß
2889 1996 2971 2056 noch
2990 1974 3224 2034 verhanden

2065 2143 2310 2203 ordnungen
2369 2130 2500 2190 dieser
2543 2114 2702 2174 Tiönen
2759 2092 2904 2152 sambt
2933 2075 3020 2135 ihren
3049 2061 3165 2121 kndt

2070 2235 2166 2295 auß
2207 2228 2276 2288 dem
2303 2220 2427 2280 landt
2440 2211 2523 2271 und
2564 2201 2647 2261 ihren
2687 2186 2825 2246 härig
2867 2159 3128 2219 zugeschickt

2044 2330 2178 2390 werden
2191 2318 2312 2378 solle.
2338 2305 2446 2365 Acto
2459 2296 2539 2356 24.
2554 2289 2660 2349 X6.

2041 2459 2306 2519 voeuignaum.
2322 2449 2405 2509 Sie
2438 2442 2505 2502 deß
2538 2433 2670 2493 obigs
2689 2426 2770 2486 per
2786 2416 2921 2476 Coriem
2970 2396 3237 2456 verständig.

1870 2468 1953 2528 166.
