4032 3024
703 375 938 435 Pogleib.
971 342 1095 402 Anna
1128 325 1252 385 Juker
1285 318 1348 378 hat
1379 317 1409 377 o
1426 320 1520 380 wohl
1535 328 1599 388 ver
1614 341 1692 401 alß

469 362 534 422 220
561 349 601 409 f.

708 458 846 518 ende
858 439 996 499 geüßt
1033 421 1108 481 zum
1147 407 1309 467 Vatter
1360 400 1435 460 Ihrr
1459 404 1672 464 tragenden

1505 443 1634 503 angeben

714 537 956 597 leibesfrucht,
978 514 1012 574 so
1034 499 1232 559 nunmehr
1277 484 1486 544 gestorbent
1552 486 1673 546 Sentz

732 633 826 693 heh
893 616 956 676 n
988 588 1279 648 henet
1476 563 1768 623 esfen

440 657 533 717 Zuber
553 639 647 699 Anna

720 710 814 770 ihnen
840 703 893 763 sich
921 686 1121 746 aufhalten
1149 664 1269 724 soll,
1295 641 1591 701 wrolegenäden
1604 635 1672 695 hge
1685 639 1753 699 hn

440 724 568 784 Huchter
580 709 671 769 katz.

724 793 953 853 aufftagen
980 768 1114 828 wollent,
1141 745 1343 805 denselben
1397 726 1491 786 Vor
1531 716 1681 776 Euch¬

741 872 1001 932 zubescheiden
1051 840 1232 900 gestehet,
1248 827 1280 887 so
1312 822 1362 882 die
1378 815 1492 875 that,
1508 809 1606 869 Ihue
1624 804 1704 864 zur

728 969 856 1029 ablen
875 950 985 1010 dung,
1024 925 1245 985 Vereünch
1264 909 1392 969 fohls
1411 898 1521 958 aber
1539 889 1632 949 Ihme

741 1047 869 1107 alher
905 1021 1085 1081 Pehalten

739 1218 903 1278 Maria
949 1199 1101 1259 Fruchter
1124 1187 1207 1247 von
1253 1175 1359 1235 Thun
1417 1167 1440 1227 so
1475 1162 1557 1222 Ihrer
1569 1157 1767 1217 Schwanger

755 1299 895 1359 schafft
912 1288 1022 1348 kundt
1052 1272 1210 1332 gestellt
1225 1256 1304 1316 undt
1334 1246 1398 1306 des
1413 1227 1758 1287 ethalbengesezten

465 1274 592 1334 Fuhe
607 1259 719 1319 Marn

762 1379 874 1439 sordes
906 1371 977 1431 gibt
1007 1358 1183 1418 deormahle
1224 1342 1295 1402 zum
1347 1329 1501 1389 Nöheber
1532 1320 1573 1380 an
1615 1315 1666 1375 Ein

763 1461 921 1521 Mönster
957 1445 1078 1505 Pfeter
1102 1433 1175 1493 Von
1200 1420 1358 1480 Saawen
1419 1402 1661 1462 Schumacher
1673 1397 1783 1457 hand¬

479 1445 599 1505 Pfeter
624 1435 733 1495 Romon

779 1546 884 1606 weobs
917 1539 980 1599 der
1001 1534 1034 1594 zu
1066 1519 1311 1579 Gotschwaben
1364 1503 1395 1563 in
1428 1493 1567 1553 arbeit
1598 1482 1747 1542 gewesen

467 1549 543 1609 tos
572 1539 618 1599 de
648 1525 756 1585 tsig.

756 1622 819 1682 und
845 1622 895 1682 Sie
922 1620 1023 1680 Acht
1036 1614 1100 1674 tag
1137 1607 1214 1667 vor
1239 1596 1367 1656 Jacobi
1392 1583 1481 1643 undt
1506 1565 1711 1625 nachvorts

754 1702 818 1762 noch
831 1699 989 1759 Einmahl
1014 1689 1236 1749 beschlaffen
1287 1672 1392 1732 undt
1417 1654 1639 1714 dißmahl
1652 1632 1797 1692 able¬

747 1782 874 1842 gsaindt
897 1779 955 1839 ist
967 1774 1071 1834 dahin
1094 1764 1256 1824 gewisen
1326 1750 1430 1810 Ihne
1453 1734 1627 1794 trachten
1662 1719 1709 1779 zu

761 1862 938 1922 Entheken
978 1852 1061 1912 undt
1074 1849 1130 1909 sich
1143 1846 1184 1906 in
1211 1842 1266 1902 der
1293 1833 1470 1893 Grinßet
1497 1809 1716 1869 Eraminirn

764 1939 888 1999 laßen
938 1934 1038 1994 untt
1062 1933 1198 1993 innert
1212 1930 1261 1990 41
1298 1924 1435 1984 wocher
1472 1901 1709 1961 anzustigen

792 2017 829 2077 wo
846 2015 900 2075 Sie
919 2009 1144 2069 bindtbetten
1181 2003 1317 2063 wolle.

802 2155 959 2215 Weilen
987 2157 1187 2217 dißmeben
1215 2157 1273 2217 die
1301 2151 1543 2211 Altematio
1557 2136 1600 2196 zu
1628 2116 1771 2176 Marte

483 2252 592 2312 Stuffe
606 2246 679 2306 Ege
691 2243 766 2303 Ider
778 2243 889 2303 lobl.
913 2244 1048 2304 Standt
1073 2246 1245 2306 Fhreyburg
1271 2241 1491 2301 zustehet,
1517 2225 1590 2285 alß
1626 2209 1677 2269 ist
1701 2193 1750 2253 die

486 2334 670 2394 aeliile
700 2330 814 2390 Franso
828 2330 955 2390 Janna
999 2335 1268 2395 Stuffenfrge,
1282 2329 1440 2389 Welche
1468 2314 1553 2374 ider
1581 2294 1667 2354 Ihre
1695 2260 1809 2320 Epern

770 2402 956 2462 Johanneß
992 2407 1031 2467 de
1055 2414 1253 2474 Lilouilles
1278 2417 1353 2477 Eine
1378 2408 1602 2468 Ausfburff
1638 2361 1787 2421 begehrt

643 2488 745 2548 nich
785 2486 845 2546 hr
867 2489 1029 2549 byhens
1068 2494 1111 2554 ab
1150 2499 1232 2559 und
1272 2498 1555 2558 dahungelihen
1598 2470 1677 2530 ichl
1700 2441 1802 2501 hen

782 2567 874 2627 bbl.
887 2569 1005 2629 Standt
1031 2572 1189 2632 Cryburg
1215 2576 1491 2636 anzumellen.

3063 218 3121 278 22
3179 226 3229 286 f.

2023 339 2174 399 kongte
2201 309 2366 369 folgende
2394 296 2491 356 hedel
2518 291 2572 351 ein
2615 289 2794 349 Meßen
2834 290 2889 350 der
2918 292 3151 352 Ehemalige

2027 423 2245 483 Ihrdiant
2276 395 2435 455 salame
2465 382 2683 442 solagschafft
2697 379 2799 439 undt
2813 377 2931 437 daher
2974 374 3090 434 Eine

2053 499 2295 559 abhederung
2325 480 2505 540 begehrt
2535 476 2655 536 vende
2685 475 2746 535 hr
2776 475 2852 535 Me
2882 475 2988 535 Hen
3003 473 3062 533 auß
3109 469 3230 529 Ein¬

2068 590 2257 650 Sigender
2269 577 2396 637 seines
2421 571 2574 631 Suppl.
2599 568 2877 628 deßmehren
2902 568 3105 628 zuersehen

1810 575 2059 635 Porosein

2065 688 2198 748 haben,
2213 674 2274 734 So
2303 664 2407 724 hryl.
2437 658 2512 718 fünh
2556 655 2750 715 Mihleht
2779 649 3002 709 zuenden,
3032 636 3151 696 undt

2039 769 2235 829 demnnach
2256 749 2452 809 ansinen
2485 742 2648 802 wollen,
2670 738 2833 798 ütten
2878 732 2997 792 beicht
3029 718 3182 778 darüber

2005 860 2307 920 MgideHeit
2342 832 2598 892 beförderung
2632 821 2760 881 wnder
2795 810 3120 870 vorzutrage

2033 963 2227 1023 worüber
2240 940 2463 1000 folgender
2490 924 2684 984 Vortag
2700 912 2824 972 erbet
2851 897 3047 957 worden:

2034 1099 2115 1159 Nit

2050 1173 2125 1233 Alß
2187 1134 2582 1194 bekandermaßen
2642 1101 2719 1161 das
2748 1086 3112 1146 Matsimonils
3144 1084 3251 1144 ge¬

2059 1239 2217 1299 schöfft
2230 1218 2387 1278 wüschen
2426 1205 2491 1265 dem
2544 1194 2766 1254 damaligen
2779 1178 3068 1238 Pfedicanten

2048 1341 2116 1401 von
2162 1319 2356 1379 Pasarras
2380 1301 2505 1361 Jonas
2528 1288 2745 1348 Frantors
2779 1278 2939 1338 salame
2985 1271 3088 1331 undt
3100 1267 3156 1327 der

1822 1339 1924 1399 Hlans
1937 1327 2012 1387 knas

1844 1390 1963 1450 Francoe

2054 1428 2224 1488 Eltester
2262 1419 2372 1479 Gasts
2408 1409 2554 1469 salome
2604 1399 2688 1459 vom
2750 1388 2908 1448 Gungius
2946 1382 3030 1442 von
3080 1381 3250 1441 Revillis

1938 1484 1995 1544 fr.

2027 1535 2131 1595 Wor
2169 1515 2325 1575 Mehls
2363 1493 2584 1553 genget,
2597 1480 2675 1540 ist
2688 1467 2998 1527 undesanderen
3064 1459 3206 1519 Lauche

1824 1510 1948 1570 lise

2040 1605 2319 1665 Eingulenen
2349 1577 2540 1637 Pfaprie
2569 1561 2790 1621 engefaster
2804 1555 2952 1615 hadten,
2966 1555 3142 1615 darunder

2072 1706 2140 1766 die
2167 1700 2264 1760 Hase
2291 1693 2375 1753 Von
2429 1681 2596 1741 Chevitu
2636 1667 2912 1727 underheihet
2953 1663 3007 1723 die
3036 1663 3104 1723 und
3131 1667 3282 1727 eihals

2052 1795 2433 1855 darauffgesetzte
2449 1781 2521 1841 Ehe
2535 1773 2829 1833 vespflechung
2858 1766 2946 1826 aber
2991 1766 3064 1826 von
3109 1768 3166 1828 der

2053 1904 2236 1964 schrifft
2262 1899 2328 1959 deß
2379 1891 2536 1951 Cacame
2575 1881 2679 1941 ware
2732 1873 2771 1933 in
2796 1864 2979 1924 Vorschein
3007 1854 3162 1914 kommen

2059 1993 2178 2053 kandt
2204 1990 2275 2050 nun
2311 1983 2443 2043 frgl.
2455 1974 2624 2034 Vermög
2660 1965 2731 2025 dero
2768 1955 2924 2015 beselchs
2960 1947 3033 2007 vom
3069 1942 3116 2002 27
3140 1938 3213 1998 diß

2057 2080 2124 2140 den
2170 2079 2339 2139 beocht
2361 2065 2701 2125 verlangen,
2735 2048 2814 2108 wid
2848 2040 2927 2100 für
2950 2033 3028 2093 Eine
3063 2026 3266 2086 gestalte

2053 2168 2195 2228 samme
2239 2167 2281 2227 Es
2309 2165 2395 2225 mit
2423 2157 2551 2217 diesem
2581 2147 2695 2207 sedel
2751 2133 2881 2193 habe,
2895 2122 3051 2182 habende
3080 2114 3266 2174 dieselben

2060 2260 2125 2320 die
2148 2257 2202 2317 Ehr
2246 2254 2311 2314 dem
2399 2244 2575 2304 Verlauff
2607 2236 2639 2296 Er
2662 2231 2716 2291 gsh
2727 2227 2772 2287 in
2804 2215 3045 2275 gebührenden
3089 2196 3242 2256 Ressuit

2037 2352 2385 2412 vorzutragen:
2411 2339 2451 2399 So
2479 2331 2612 2391 baldt
2625 2324 2705 2384 nun
2746 2313 2947 2373 bemelter
2986 2300 3228 2360 degradister

2043 2464 2293 2524 Predicant
2339 2456 2382 2516 die
2413 2450 2649 2510 Chorstuben
2724 2440 2768 2500 zu
2798 2429 3138 2489 reciporirtlicher

2061 2566 2179 2626 Verhör
2217 2555 2467 2615 befretden,
2493 2548 2557 2608 hat
2584 2542 2753 2602 derselbe
2781 2532 2990 2592 verdeutet
3028 2525 3080 2585 Er
3107 2518 3276 2578 muesten
