4032 3024
472 339 534 399 22
579 324 595 384 f

726 353 825 413 midt,
844 332 960 392 sonder
978 315 1078 375 sinet
1094 298 1330 358 bestuitung
1346 306 1532 366 kenemne,
1549 335 1615 395 daß
1650 369 1716 429 sin

734 427 1149 487 gebühreschollen,
1180 391 1244 451 wie
1276 385 1356 445 man
1387 388 1483 448 Ihne
1514 416 1722 476 fürfuden

730 546 914 606 soschlin
951 513 1102 573 Mann
1120 491 1341 551 außhbege
1362 490 1471 550 thie
1510 519 1713 579 derlenen

736 659 782 719 Er
797 649 860 709 sich
875 623 1184 683 gemüeßiget
1217 600 1417 660 gesehen,
1432 603 1541 663 diese
1556 622 1713 682 Jedl¬

729 759 1013 819 vorzuweisen
1044 734 1119 794 mit
1134 716 1388 776 verdeuken,
1403 709 1478 769 daß
1524 713 1597 773 wen
1628 722 1672 782 hr
1688 736 1764 796 fin¬

750 867 883 927 solcher
899 853 1032 913 wöäre,
1051 839 1083 899 Er
1116 830 1167 890 sic
1200 814 1316 874 daßen
1368 802 1417 862 zun
1433 800 1549 860 seinen
1566 813 1750 873 Krueisen

719 961 881 1021 Rechten
930 943 1010 1003 zum
1060 926 1237 986 behulff
1271 907 1545 967 vorzuzeigen
1561 906 1691 966 hatten

734 1062 838 1122 mais
863 1054 931 1114 fui
955 1047 1059 1107 vent
1082 1042 1199 1102 faire
1246 1040 1397 1100 aucun
1454 1045 1618 1105 usage
1664 1051 1711 1111 et

744 1153 862 1213 laisse
901 1146 942 1206 au
994 1138 1114 1198 Leigr
1140 1130 1246 1190 Juge
1299 1125 1338 1185 de
1377 1123 1457 1183 fain
1511 1123 1550 1183 de
1590 1126 1629 1186 le
1642 1129 1748 1189 billt

733 1238 773 1298 ce
804 1238 865 1298 qui
886 1233 1111 1293 troudera
1151 1222 1172 1282 a
1223 1212 1387 1272 propos
1428 1204 1530 1264 undt
1561 1204 1633 1264 hat
1653 1207 1765 1267 darmit

728 1328 892 1388 bezeigen
906 1324 1070 1384 wollen,
1099 1314 1175 1374 daß
1219 1308 1250 1368 Er
1279 1301 1384 1361 nicht
1414 1294 1487 1354 der
1518 1291 1726 1351 Jenigen

747 1420 868 1480 seyhe,
900 1419 1037 1479 firden
1069 1414 1161 1474 man
1223 1408 1330 1468 Ihne
1360 1402 1606 1462 außfgeben
1636 1401 1807 1461 zumehr¬

738 1518 866 1578 Ersich
892 1513 1021 1573 deßen
1059 1508 1176 1568 nicht
1214 1504 1303 1564 habe
1355 1498 1522 1558 bekttnen
1536 1490 1678 1550 wollen

744 1608 968 1668 segetreht,
982 1606 1055 1666 daß
1087 1603 1206 1663 dieses
1220 1600 1279 1660 fir
1308 1597 1427 1657 liecht
1444 1592 1546 1652 einige
1577 1584 1665 1644 that
1682 1576 1755 1636 sehe

760 1710 848 1770 habe
876 1714 1009 1774 solches
1023 1712 1111 1772 auch
1125 1707 1316 1767 ediglich
1345 1699 1418 1759 auß
1477 1687 1579 1747 Einer
1608 1673 1783 1733 gelesten

760 1817 946 1877 Ihnschuldt
974 1817 1054 1877 auff
1080 1818 1134 1878 den
1147 1820 1228 1880 Tisch
1254 1821 1414 1881 gelret,
1442 1815 1629 1875 Weilen
1643 1800 1723 1860 nun

763 1930 815 1990 die
843 1930 949 1990 Grfes.
962 1930 1003 1990 v.
1016 1930 1190 1990 Ravotlus
1203 1927 1324 1987 nichts
1350 1918 1536 1978 darauff
1564 1899 1777 1959 reflectirt

738 2025 977 2085 nöchtertic,
989 2023 1053 2083 alß
1090 2023 1165 2083 habe
1191 2020 1254 2080 mine
1266 2018 1367 2078 gnädigen
1380 2011 1480 2071 Herre
1506 1999 1655 2059 inhälig
1669 1978 1794 2038 erbet

759 2128 842 2188 daß
874 2126 973 2186 diese
1006 2126 1137 2186 Jedel
1188 2128 1220 2188 in
1237 2129 1386 2189 beyfen
1403 2128 1467 2188 der
1486 2118 1749 2178 Pforthehen

753 2245 871 2305 solle
888 2256 1091 2316 verise,
1107 2271 1259 2331 hirmit
1292 2276 1495 2336 ancalliet
1511 2264 1613 2324 sein,
1646 2238 1748 2298 undt

766 2346 841 2406 dem
886 2363 1222 2423 Loberhhorgrch
1237 2375 1282 2435 l.
1312 2377 1464 2437 Vortraf
1494 2371 1509 2431 (
1556 2348 1814 2408 wiebeschehens

766 2447 1156 2507 nichtgedeberenden.
1190 2469 1433 2529 Sefindent
1629 2444 1727 2504 mehl

3073 210 3155 270 223
3176 223 3228 283 l.

2022 351 2158 411 wiebey
2188 338 2294 398 dieser
2309 329 2522 389 varchaffte
2537 326 2702 386 sehlung
2734 326 2779 386 Er
2809 328 2945 388 Calane
2976 329 3036 389 als
3066 330 3142 390 Eein

2010 461 2203 521 halbein
2238 443 2396 503 solschen
2414 440 2589 500 Calitet
2607 445 2923 505 vorkananhaft
2941 451 3099 511 fensie

2026 575 2173 635 sondern
2189 558 2352 618 wollens
2386 556 2549 616 dieselben
2581 562 2616 622 sa
2632 568 2730 628 Itele
2746 576 2795 636 an
2811 584 2926 644 Ihmwe
2942 593 3024 653 ist,
3040 599 3155 659 dißer

2025 687 2184 747 sarten
2227 674 2457 734 Expession
2473 679 2631 739 libenit
2645 685 2835 745 haben.

2006 852 2111 912 Aber
2133 841 2190 901 den
2213 825 2503 885 empfangenen
2594 812 2733 872 befelch
2769 807 2837 867 Bom
2884 803 2930 863 22
2964 799 3011 859 diß
3068 790 3243 850 betraffends

2025 929 2180 989 Henni
2214 916 2413 976 saumont
2446 909 2524 969 lgt
2579 905 2624 965 der
2646 902 2723 962 H.
2745 898 2967 958 Pfrdicant
3001 891 3144 951 detrey

2031 1026 2228 1086 folgender
2258 1012 2381 1072 brff
2413 1007 2503 1067 Vdoen
2518 1006 2580 1066 dem
2611 1006 2688 1066 H.
2703 1004 2946 1064 Hofordicantzn
2963 1000 3008 1060 s.
3038 994 3221 1054 Jurmenz

2050 1118 2143 1178 Ein.

2281 1196 2565 1256 Monsieus
2593 1178 2674 1238 mon
2700 1177 2796 1237 Tres
2822 1177 2970 1237 Honore
2997 1177 3147 1237 frere.

2030 1344 2211 1404 Lbhime
2249 1334 2288 1394 de
2326 1326 2430 1386 Vötre
2468 1314 2623 1374 merite
2661 1305 2687 1365 in
2713 1300 2855 1360 ertant
2880 1296 2971 1356 sonn
3010 1296 3074 1356 par
3086 1299 3241 1359 peromie

2040 1426 2126 1486 Cest
2135 1415 2330 1475 pourquoy
2377 1402 2435 1462 que
2464 1397 2503 1457 de
2522 1394 2570 1454 me
2599 1389 2686 1449 donc
2734 1383 2773 1443 la
2822 1377 2967 1437 libeté
3015 1372 3043 1432 de
3072 1368 3169 1428 Vous

2043 1502 2164 1562 Evvire
2199 1494 2233 1554 la
2286 1484 2485 1544 presente
2520 1476 2563 1536 au
2625 1468 2737 1528 Sujet
2781 1462 2868 1522 d'un
2911 1452 3033 1512 Jeure
3058 1443 3189 1503 Homme

2069 1584 2100 1644 de
2120 1579 2172 1639 ma
2214 1568 2360 1628 folonie
2391 1556 2516 1616 nomme
2546 1549 2682 1609 Henny
2702 1542 2899 1602 Caumont
2942 1535 3159 1595 Afaiseur

1829 1587 1917 1647 Camont
1937 1583 2015 1643 Henen

2060 1672 2100 1732 de
2131 1661 2213 1721 Bas
2233 1653 2275 1713 de
2305 1649 2335 1709 sa
2377 1637 2642 1697 profession,
2662 1629 2704 1689 ce
2714 1626 2806 1686 quel
2836 1619 2918 1679 doit
2949 1611 3041 1671 estre
3071 1601 3123 1661 et

2060 1744 2290 1804 tragailler
2322 1731 2416 1791 sans
2447 1724 2552 1784 vôtre
2584 1713 2782 1773 Capitale
2845 1697 2950 1757 selon
2981 1687 3024 1747 la
3055 1673 3191 1733 datte

2056 1832 2099 1892 de
2120 1827 2152 1887 sa
2196 1817 2347 1877 Lette,
2369 1810 2445 1870 qui
2467 1806 2531 1866 est
2586 1802 2628 1862 du
2673 1797 2705 1857 25
2737 1793 2813 1853 obr.
2834 1786 2985 1846 pasie,
2996 1769 3266 1829 Vousaprendre

1836 1843 1885 1903 Gad
1904 1843 1973 1903 Mamm
1982 1844 1993 1904 p

1838 1920 1886 1980 von
1905 1911 2127 1971 framanque
2156 1903 2234 1963 ledt
2262 1897 2349 1957 denn
2388 1891 2503 1951 Homme
2542 1881 2793 1941 Sesteniore
2832 1869 2986 1929 Engage
3015 1862 3054 1922 ex
3092 1853 3247 1913 demier

2062 1992 2159 2052 avec
2189 1981 2317 2041 deanne
2366 1970 2592 2030 Francoire
2640 1961 2758 2021 Grand
2779 1958 2886 2018 samp
2945 1952 3063 2012 fille
3102 1947 3112 2007 a
3141 1943 3220 2003 Jean

1944 2005 2023 2065 lien

2056 2075 2178 2135 Grand
2201 2068 2312 2128 stamp
2357 2062 2401 2122 de
2446 2057 2513 2117 St.
2536 2050 2736 2110 Saphorin
2804 2035 3004 2095 Balliage
3039 2027 3072 2087 de
3094 2021 3228 2081 Chillon

2055 2166 2125 2226 non
2167 2161 2401 2221 obstant,
2411 2151 2502 2211 quit
2523 2147 2554 2207 le
2574 2142 2666 2202 soye
2706 2133 2798 2193 avec
2818 2127 2900 2187 une
2920 2118 3104 2178 personne

2067 2255 2112 2315 Je
2149 2249 2203 2309 ma
2250 2240 2415 2300 folonie
2460 2227 2625 2287 deplus
2643 2220 2671 2280 la
2725 2214 2845 2274 Mere
2890 2203 3046 2263 Parents
3073 2192 3220 2252 Tuteur

2067 2345 2179 2405 Dn.
2209 2331 2332 2391 Deune
2363 2320 2485 2380 Homme
2546 2310 2628 2370 n'en
2670 2302 2832 2362 favent
2863 2294 2996 2354 rien,
3016 2290 3057 2350 et
3078 2288 3119 2348 ce
3139 2285 3251 2345 n'est

2063 2424 2133 2484 que
2195 2414 2274 2474 par
2301 2409 2336 2469 la
2398 2401 2522 2461 Lettre
2565 2392 2680 2452 quit
2706 2386 2768 2446 ma
2812 2380 2972 2440 escrite,
2989 2374 3112 2434 quilo
3147 2370 3244 2430 cont

2064 2504 2211 2564 aptis,
2233 2500 2244 2560 a
2267 2498 2358 2558 inoy
2380 2494 2414 2554 ne
2447 2485 2674 2545 Conoissant
2719 2472 2810 2532 pas
2832 2469 2866 2529 la
2910 2461 3104 2521 pesonne
3160 2455 3204 2515 ny
