4032 3024
452 350 522 410 224
552 337 603 397 f.

717 410 749 470 la
781 385 977 445 berille,
993 368 1041 428 et
1059 354 1254 414 Billeurs
1286 348 1466 408 derant
1482 358 1612 418 anhog
1628 377 1761 437 seren¬

735 470 1059 530 sandenticement
1115 437 1216 497 avec
1249 430 1339 490 une
1372 430 1496 490 autre
1530 445 1709 505 anterien

722 568 881 628 prement
925 550 937 610 a
971 539 1073 599 Celle
1095 528 1153 588 la,
1175 520 1266 580 Elle
1299 513 1493 573 Poppore
1515 517 1617 577 auss
1628 526 1719 586 pour

731 649 873 709 quittes
903 631 943 691 de
973 622 1035 682 son
1075 602 1278 662 Mariage
1349 587 1390 647 Je
1420 586 1522 646 Vous
1532 588 1612 648 pre
1654 594 1714 654 don

733 743 745 803 d
780 724 970 784 Impectur
993 695 1218 755 quavccire
1254 673 1419 733 annonie
1456 667 1503 727 ne
1526 666 1633 726 soyet
1658 671 1753 731 pro¬

726 810 928 870 gelance,
941 793 981 853 et
994 788 1036 848 d'
1049 775 1210 835 Exporer
1238 765 1251 825 a
1291 760 1359 820 cet
1385 755 1521 815 Eosprit
1561 758 1695 818 Volage

725 904 760 964 sa
797 886 977 946 legente
1013 867 1085 927 par
1108 856 1169 916 des
1192 848 1300 908 Vives
1324 841 1517 901 sensures
1552 842 1587 902 an
1624 855 1781 915 fas¬

731 989 820 1049 quil
854 966 1009 1026 Veuille
1042 945 1220 1005 perister
1264 933 1442 993 Sansces
1464 932 1688 992 desseins.

731 1067 949 1127 Toulesis
986 1047 1022 1107 si
1033 1037 1179 1097 palgre
1215 1021 1385 1081 touttes
1409 1015 1470 1075 les
1494 1012 1774 1072 reprerenta¬

723 1152 832 1212 stions
860 1144 869 1204 &
915 1134 1043 1194 Deculte
1071 1123 1098 1183 la
1134 1110 1317 1170 derniere
1382 1095 1501 1155 quit
1538 1092 1565 1152 re
1601 1091 1757 1151 produm

739 1224 947 1284 devantum
988 1211 1081 1271 Jage
1102 1198 1341 1258 Competant
1381 1184 1506 1244 pour
1548 1177 1662 1237 Eite

745 1318 883 1378 Segagé
906 1306 940 1366 de
963 1301 998 1361 la
1033 1288 1263 1348 paimiere,
1286 1278 1331 1338 Je
1354 1273 1469 1333 vous
1492 1265 1596 1325 prie
1619 1255 1745 1315 deme

757 1402 853 1462 donnes
882 1389 1037 1449 repponse
1085 1371 1308 1431 apresque
1356 1348 1617 1408 Vousaurez
1636 1331 1743 1391 parlé

741 1471 1008 1531 auxpetsonais
1027 1459 1246 1519 Interessio,
1265 1452 1304 1512 et
1332 1446 1447 1506 Leur
1485 1434 1637 1494 ayant

751 1557 890 1617 declare
933 1552 997 1612 que
1041 1545 1137 1605 Leur
1169 1535 1394 1595 promesses
1438 1523 1480 1583 et
1513 1510 1770 1570 Engagement

734 1639 912 1699 Sontnuls
934 1636 967 1696 et
989 1634 1046 1694 non
1101 1626 1312 1686 Valables
1347 1612 1457 1672 quils
1479 1606 1514 1666 ne
1547 1592 1758 1652 pretendent

754 1719 857 1779 point
888 1715 970 1775 qu'en
1001 1711 1094 1771 Viole
1126 1708 1176 1768 les
1208 1704 1291 1764 Loix
1342 1698 1384 1758 Je
1425 1694 1455 1754 la
1507 1682 1714 1742 disppline

747 1807 846 1867 pour
876 1794 1095 1854 satiofaire
1115 1790 1145 1850 la
1174 1789 1284 1849 foitle
1314 1784 1443 1844 porlée
1483 1776 1533 1836 de
1572 1764 1662 1824 Leur

762 1879 930 1939 Genie.

951 2000 1032 2060 S.

743 2107 970 2167 Durmenq.
984 2107 1026 2167 a.
1054 2111 1096 2171 4.
1112 2117 1168 2177 9b.
1182 2126 1310 2186 1732.

1186 2326 1201 2386 H

1274 2437 1578 2497 Montoux.
1601 2425 1771 2485 Jach.

1144 2524 1190 2584 de
1222 2525 1420 2585 l'Eglise
1452 2523 1652 2583 Vandoit
1713 2485 1759 2545 Je

1064 2605 1282 2665 Durmens
1318 2609 1418 2669 dans
1445 2609 1483 2669 le
1510 2601 1655 2661 Dache

1107 2687 1447 2747 Wüstenberg.

3090 221 3168 281 225

2194 327 2466 387 Montags
2499 313 2551 373 den
2586 311 2636 371 5.
2652 313 2857 373 Januari
2892 320 3012 380 1733

2408 459 2570 519 Prueses

2060 598 2320 658 Menge
2341 565 2489 625 e
2528 550 2622 610 von
2658 539 2921 599 Müchlern

2384 677 2663 737 Assessores

2093 863 2116 923 N
2211 839 2332 899 h.
2358 800 2527 860 Go.

2035 1064 2339 1124 Profense:
2367 1030 2570 1090 Christina
2628 1012 2831 1072 Wänger
2873 1005 2932 1065 Ihr
2960 1000 3177 1060 angehörge

2025 1169 2090 1229 babe
2103 1162 2128 1222 e
2141 1154 2220 1214 Mine
2233 1142 2336 1202 gnädigen
2349 1130 2453 1190 Herren
2466 1122 2517 1182 der
2543 1106 2842 1166 schwängerung
2868 1090 2972 1150 halb
3011 1081 3205 1141 beklagt

2033 1241 2158 1301 Einen
2193 1226 2410 1286 fraubde
2463 1197 2840 1257 Schloßeogrselben
2877 1175 3020 1235 deßen
3055 1164 3217 1224 nahmen

1823 1251 1855 1311 ve
1922 1239 1987 1299 hof

2048 1320 2151 1380 undt
2176 1310 2342 1370 heimah
2369 1293 2625 1353 ohnbekant
2651 1279 2754 1339 undt
2766 1273 2882 1333 forth
2907 1263 3024 1323 seye.
3062 1254 3228 1314 hieüber

2045 1408 2117 1468 nun
2142 1400 2262 1460 wolin
2286 1392 2347 1452 min
2359 1386 2456 1446 gnädigen
2468 1378 2578 1438 Herrn
2589 1371 2710 1431 ihnen
2795 1353 3086 1413 auffgetragen
3110 1335 3256 1395 haben,

2046 1498 2111 1558 die
2138 1481 2324 1541 Wänger
2351 1469 2390 1529 in
2431 1460 2536 1520 Ihrer
2562 1449 2709 1509 genstt
2749 1434 3027 1494 Examiniren
3053 1422 3173 1482 undt

2021 1590 2211 1650 MHl.
2250 1561 2439 1621 brachten
2497 1530 2842 1590 zulaßenn.

2044 1777 2247 1837 Kringt
2286 1759 2379 1819 shel
2434 1738 2564 1798 Hantz
2600 1720 2657 1780 die
2694 1694 2972 1754 Kohemutter
2993 1677 3047 1737 an
3084 1672 3177 1732 die

2101 1869 2297 1929 Wittiche
2332 1847 2475 1907 Reube
2493 1831 2582 1891 seyn
2617 1804 2939 1864 Vrachttagen
2974 1777 3207 1837 Kindts¬

1839 1875 1926 1935 Vuber
1938 1868 2058 1928 Olimnpe

1837 1967 1928 2027 Henne
1960 1956 2268 2016 Abetgenesen
2329 1937 2437 1997 undt
2452 1927 2560 1987 auff
2590 1916 2668 1976 dem
2730 1900 2899 1960 Albert
2931 1883 3069 1943 Lansum

2068 2036 2281 2096 verhaaret:
2294 2027 2401 2087 Cogl.
2414 2019 2506 2079 solle
2533 2007 2666 2067 Ihmen
2732 1991 2812 2051 tiel
2852 1982 2865 2042 e
2906 1975 2958 2035 M
2984 1970 3012 2030 n
3038 1961 3132 2021 nädign
3145 1952 3239 2012 Hrr

2077 2132 2312 2192 bekennet,
2341 2118 2429 2178 das
2474 2106 2606 2166 Kandt
2635 2096 2709 2156 alß
2752 2080 2943 2140 ohnehelich
2972 2061 3266 2121 zugesprochen

2075 2221 2171 2281 sein,
2198 2212 2309 2272 undt
2336 2206 2419 2266 Sie
2446 2200 2529 2260 zur
2556 2187 2833 2247 abbießung
2873 2167 3080 2227 gehalten
3109 2147 3303 2207 werden.
