4032 3024
473 334 540 394 16

442 617 534 677 srida
560 597 665 657 Manon

444 691 544 751 bug
558 676 685 736 Chisten

475 1604 565 1664 Licht
581 1601 702 1661 sohlang

472 1692 593 1752 Conadt
607 1682 713 1742 Peter

512 2337 632 2397 Kränge
661 2342 752 2402 bentz

517 2410 614 2470 Linder
639 2416 753 2476 Maria

713 360 888 420 Wärten
933 339 1050 399 Cons.
1065 319 1284 379 Wroffgl.
1299 310 1387 370 seye
1401 313 1607 373 erschinen,
1621 341 1738 401 Wagen

728 449 817 509 Geiva
860 432 977 492 Wonn
1006 415 1109 475 Alten
1137 400 1255 460 Wil
1314 390 1402 450 unnd
1431 390 1520 450 habe
1563 399 1621 459 der
1637 414 1740 474 Ehr¬

728 516 792 576 und
814 499 1124 559 schwangerschafft
1147 480 1233 540 halb
1275 471 1480 531 beklaget
1512 475 1684 535 shrissen

717 611 822 671 Furi
846 597 928 657 von
974 572 1232 632 Kappersteil
1303 552 1385 612 mit
1408 545 1655 605 Verdäuter,
1667 549 1713 609 Er

728 695 824 755 habe
851 680 907 740 sie
934 661 1085 721 Etwan
1126 645 1141 705 5
1168 635 1291 695 wocher
1319 626 1402 686 Wos
1429 625 1525 685 Jacob
1565 628 1663 688 1732
1690 638 1730 698 zu

713 770 971 830 Selheindich
1003 741 1084 801 Mey
1116 725 1245 785 abendt
1260 714 1358 774 nach
1389 708 1437 768 Ein
1455 706 1584 766 ander
1615 708 1663 768 um

810 848 992 908 Sandtlvogt
1019 823 1172 883 Worlert
1201 807 1256 867 von
1284 795 1425 855 Milden
1438 788 1521 848 hauß
1564 788 1760 848 beschloffen

740 939 867 999 selher
880 926 957 986 abso
982 911 1110 971 fürt-
1122 897 1212 957 undt
1237 881 1377 941 anders
1403 868 1595 928 laugnet,
1607 870 1747 930 Weiber

723 1033 834 1093 Vogl
868 1015 947 1075 Ihne
963 1004 1029 1064 dem
1076 976 1366 1036 Ambtmann
1416 955 1608 1015 befehlen
1624 956 1771 1016 wollen,

742 1118 799 1178 die
813 1103 973 1163 bestalt
988 1078 1236 1138 verfürger
1264 1053 1484 1113 zulaßen,
1512 1038 1586 1098 daß
1629 1030 1701 1090 die

740 1198 840 1258 hieor
857 1191 908 1251 in
924 1183 990 1243 der
1008 1172 1108 1232 geist
1124 1160 1208 1220 nach
1241 1147 1308 1207 der
1325 1129 1541 1189 Ordnung
1558 1117 1593 1177 de
1625 1111 1674 1171 No.
1693 1107 1777 1167 172.

739 1271 942 1331 hramicit
957 1264 1036 1324 undt
1067 1251 1176 1311 chgl.
1209 1232 1349 1292 deßen
1379 1216 1427 1276 so
1473 1205 1552 1265 dero
1585 1193 1773 1253 frren

746 1354 999 1414 Erbentist
1021 1335 1227 1395 brcht
1250 1301 1459 1361 bodand.

733 1538 944 1598 Johanna
993 1522 1122 1582 Recht
1156 1511 1237 1571 von
1301 1493 1513 1553 Signaut
1577 1468 1708 1528 klagt

772 1619 825 1679 der
840 1608 1148 1668 schwängerung
1174 1594 1281 1654 halb
1310 1586 1362 1646 an
1430 1569 1577 1629 Pfeter
1605 1548 1738 1608 Cowadt

769 1702 970 1762 Canndiener
1012 1694 1084 1754 bey
1128 1688 1200 1748 H.
1228 1674 1501 1734 Haubtmann
1545 1641 1717 1701 Stücker

757 1787 827 1847 mit
857 1784 1048 1844 Verdeütet
1088 1777 1127 1837 Er
1167 1772 1278 1832 haben
1298 1764 1349 1824 sie
1378 1755 1448 1815 4:
1468 1745 1539 1805 oder
1568 1737 1578 1797 5
1608 1727 1679 1787 lohe

762 1857 852 1917 noch
889 1861 996 1921 acben
1034 1860 1086 1920 ist
1106 1858 1213 1918 dahin
1251 1846 1395 1906 elisen
1430 1828 1520 1888 Ihuie
1575 1800 1702 1860 sowat

773 1937 830 1997 Ihr
858 1944 1197 2004 schwangrschafft
1211 1927 1409 1987 weßendt
1451 1893 1747 1953 zumahen,

761 2027 932 2087 Iwdeßen
960 2025 1061 2085 aber
1089 2022 1246 2082 Jnnert
1274 2015 1317 2075 14
1345 2009 1416 2069 tag
1460 1987 1645 2047 lüßendt
1658 1962 1702 2022 zu

762 2110 912 2170 mahe,
926 2110 981 2170 wo
1021 2110 1089 2170 Sie
1117 2105 1267 2165 Kindts
1295 2096 1390 2156 ligen
1418 2078 1568 2138 wolle.

761 2264 1010 2324 Riegisferg
1038 2266 1111 2326 und
1156 2267 1374 2327 Thurnen
1419 2254 1549 2314 Lepp.
1580 2234 1639 2294 Et
1667 2208 1755 2268 abe

782 2346 904 2406 Jbar
931 2347 1107 2407 Köäniger
1134 2353 1229 2413 beut
1284 2356 1337 2416 der
1366 2348 1569 2408 Kelchhou
1609 2309 1757 2369 thurig

795 2427 845 2487 der
872 2429 1050 2489 Ehehalb
1075 2443 1354 2503 angesprohe
1379 2439 1544 2499 Maria
1571 2409 1697 2469 Linder

808 2503 858 2563 des
891 2512 1028 2572 Miller
1045 2521 1128 2581 Son
1196 2530 1315 2590 Nider
1331 2523 1535 2583 beittschl
1568 2490 1686 2550 fohe

808 2575 816 2635 4
843 2572 898 2632 Vom
925 2575 997 2635 Rüthe
1006 2584 1043 2644 tc.

1867 2555 1935 2615 1l

3070 230 3200 290 227x

2021 338 2087 398 die
2114 325 2195 385 aber
2221 314 2316 374 solche
2342 304 2518 364 laugnet
2544 300 2612 360 und
2638 299 2665 359 Er
2691 300 2731 360 sie
2746 302 2960 362 solchemmach
2988 306 3054 366 mit
3067 307 3081 367 q
3109 311 3230 371 et¬

2007 417 2160 477 gunsig
2175 399 2391 459 bescheinige
2439 389 2670 449 könnenn,
2700 389 2901 449 deolerge
2916 391 2963 451 so
2978 392 3116 452 habendt

2003 513 2148 573 Mths
2164 494 2293 554 elbige
2327 481 2570 541 aufgehoben
2617 475 2715 535 undt
2730 475 2862 535 bräde
2877 475 2925 535 in
2941 476 3088 536 Vorige

2051 596 2240 656 eghet
2256 570 2430 630 gesetzt
2445 562 2525 622 Ihme
2541 556 2795 616 annohumb
2826 557 2890 617 die
2922 559 3033 619 Coster
3049 560 3158 620 auff

2013 685 2303 745 Satderation
2338 656 2411 716 hun
2428 646 2718 706 verfellender

2004 855 2334 915 Pattranto
2368 824 2472 884 Aach
2628 810 2732 870 nien
2749 808 2853 868 Hren
2870 806 2924 866 den
2941 802 3183 862 Contitorial

2023 956 2172 1016 handel
2203 933 2382 993 Wüschen
2426 919 2545 979 Kll.
2560 911 2785 971 Hofflinger
2814 906 2904 966 undt
2933 902 3023 962 Anna

1842 1080 2083 1140 vereiehe
2175 1043 2295 1103 best
2387 1015 2782 1075 enegeleh
2844 999 3027 1059 hefe
3056 989 3177 1049 bel

2025 1149 2076 1209 zuo
2101 1144 2192 1204 welt
2218 1131 2411 1191 gebohrne
2450 1115 2578 1175 Kindt
2604 1107 2655 1167 dem
2682 1094 2925 1154 häfftinges
2964 1084 3182 1144 zugerignet

1832 1174 1889 1234 vai
1918 1154 2004 1214 banna

2021 1249 2097 1309 zur
2110 1232 2304 1292 gräuege
2329 1215 2587 1275 erdauwrt,
2600 1205 2678 1265 auch
2703 1201 2754 1261 Ihr
2792 1193 2974 1253 diesorcht
2999 1180 3191 1240 eingesande

2015 1327 2213 1387 Phoredus
2234 1310 2453 1370 Examinirt
2486 1297 2683 1357 Pfartheyn
2716 1289 2793 1349 auch
2814 1285 2847 1345 in
2881 1276 3165 1336 Contradictorio

2050 1405 2254 1465 angehört,
2277 1392 2374 1452 habend
2386 1387 2445 1447 Mein
2458 1382 2553 1442 gnädigen
2565 1377 2662 1437 Herren
2674 1372 2758 1432 Iwe
2794 1367 2865 1427 das
2902 1360 3009 1420 kandt
3021 1353 3094 1413 alß

2034 1491 2247 1551 ohnehelich
2286 1470 2528 1530 zubekennt.
2541 1459 2660 1519 Vndt
2673 1454 2767 1514 wieln
2794 1449 2861 1509 der
2888 1441 3114 1501 hofflinger

2035 1591 2092 1651 Ein
2115 1574 2300 1634 Ehemann
2368 1559 2426 1619 sich
2449 1555 2519 1615 schon
2553 1550 2634 1610 fra
2680 1545 2691 1605 3
2737 1539 2852 1599 mahl
2899 1528 2978 1588 mit
3014 1517 3082 1577 der

2063 1678 2179 1738 Zang
2222 1659 2483 1719 Votabehin
2512 1637 2685 1697 Ehebruch
2714 1619 2946 1679 Vertrabet
2975 1599 3179 1659 alß¬

2039 1776 2187 1836 badmin
2201 1766 2309 1826 gnädigen
2338 1755 2446 1815 Herren
2460 1747 2500 1807 den
2513 1739 2621 1799 herren
2637 1719 2907 1779 landtvogten
2920 1705 3029 1765 auff
3057 1696 3232 1756 letzburg

2045 1870 2203 1930 ersucher
2242 1857 2296 1917 zu
2322 1842 2520 1902 laßen,
2546 1824 2757 1884 nunmehro
2770 1813 2849 1873 mit
2875 1805 2994 1865 obigen
3007 1797 3192 1857 Pfartheye

2054 1963 2150 2023 nach
2163 1955 2232 2015 der
2272 1937 2516 1997 Oordnung
2558 1920 2611 1980 de
2653 1912 2720 1972 Ao
2762 1903 2857 1963 1712
2897 1895 2939 1955 zu
2966 1883 3223 1943 verfahren

2059 2046 2156 2106 undt
2180 2037 2328 2097 damit
2365 2024 2499 2084 dieser
2523 2012 2609 2072 sach
2635 2005 2708 2065 mit
2720 1997 2854 2057 etwan
2928 1987 2965 2047 in
2989 1984 3149 2044 Vordeß

2049 2142 2218 2202 gestet
2251 2129 2377 2189 bedes
2444 2112 2615 2172 habind
2659 2098 2739 2158 dar
2761 2090 2841 2150 gut
2863 2080 3090 2140 befunden

2048 2239 2142 2299 daß
2198 2229 2265 2289 der
2292 2216 2537 2276 Asflinger
2564 2202 2674 2262 undt
2714 2194 2796 2254 die
2823 2184 3000 2244 Hauseri
3040 2170 3219 2230 Vor¬

2057 2340 2130 2400 der
2178 2318 2521 2378 Bannisation
2619 2296 2680 2356 Ihr
2730 2284 2889 2344 abbitt
2925 2270 3022 2330 vor
3060 2259 3133 2319 der

2057 2425 2355 2485 gefogertem
2428 2397 2671 2457 Gemeindt
2689 2381 2819 2441 thun
2837 2364 3063 2424 sollindt.

2048 2571 2321 2631 Lentzburg
2353 2553 2513 2613 pres.
2529 2540 2626 2600 Ihme
2642 2524 2899 2584 deßobigen
2931 2503 3270 2563 berichten.

2347 2641 2394 2701 Er
2426 2629 2505 2689 hat
2522 2610 2759 2670 angelobt.
