4032 3024
457 329 569 389 128f

441 586 610 646 Weiruch
623 565 741 625 Susau¬

429 682 540 742 habe
555 661 617 721 bet
634 641 746 701 beden

450 801 525 861 en
537 780 637 840 allhes

473 1437 615 1497 geshlechet

468 1502 635 1562 Fallenbach
654 1495 745 1555 danil

466 1576 603 1636 Rutshis
614 1569 706 1629 Anne

481 2236 718 2296 NomanpPfetr

482 2316 608 2376 Fichser
619 2314 723 2374 Mana

712 396 882 456 Escheimt
910 368 1109 428 Susanna
1167 343 1380 403 Ueaauh
1408 346 1579 406 Wirung
1607 371 1766 431 außer¬

741 494 806 554 Er.
819 477 925 537 Immer
951 461 1031 521 thal
1070 447 1177 507 undt
1203 437 1363 497 klagt
1402 433 1467 493 der
1508 434 1587 494 Ehe,
1601 438 1693 498 undt

758 558 1091 618 Songerschaft
1124 533 1219 593 halb
1250 526 1283 586 am
1362 517 1473 577 Brak
1521 514 1680 574 ludwig

747 670 869 730 hobe,
886 654 973 714 mit
990 630 1251 690 verdeüten
1285 612 1338 672 sie
1372 603 1563 663 befinde
1597 601 1667 661 sich

728 763 809 823 she
827 741 1023 801 schwange
1058 720 1122 780 ith
1139 712 1189 772 den
1205 699 1353 759 Collaio
1385 685 1535 745 besthen
1568 676 1683 736 undt

729 845 924 905 prenecs
943 826 981 886 .
1040 814 1078 874 S.
1116 806 1138 866 E
1157 799 1214 859 6.
1235 789 1370 849 beshi
1408 774 1487 834 bey
1506 765 1644 825 Ihroen

735 937 893 997 gelise
912 919 993 979 undt
1034 905 1073 965 ie
1092 883 1353 943 beschlaffen
1472 853 1530 913 Er
1552 843 1710 903 bebente

715 1025 806 1085 benc
919 1002 985 1062 tag
1010 980 1236 1040 beschaefte
1280 959 1327 1019 zn
1349 948 1484 1008 abe,
1506 941 1575 1001 die
1597 940 1735 1000 Ehre¬

734 1094 1014 1154 wansferhaber
1051 1059 1294 1119 Vernenet,
1312 1038 1482 1098 berift
1501 1028 1574 1088 sich
1592 1020 1705 1080 auff

751 1191 815 1251 die
836 1175 963 1235 geist
1007 1161 1092 1221 Col.
1133 1149 1369 1209 veschoben
1410 1136 1475 1196 biß
1537 1117 1731 1177 dahin¬

1580 1263 1729 1323 aschbahr

739 1388 961 1448 Geschinnen
1032 1361 1302 1421 widermahlen
1338 1344 1478 1404 daviel
1514 1334 1737 1394 Gällenboch

772 1470 837 1530 der
858 1464 955 1524 öhteo
989 1454 1128 1514 beyder
1151 1436 1442 1496 Neütenbrügk
1475 1421 1572 1481 undt
1604 1413 1724 1473 Anna

753 1550 909 1610 Rachthie
939 1540 1065 1600 soelche
1080 1532 1173 1592 Ihne,
1189 1517 1453 1577 Ihrohnhätig
1468 1497 1546 1557 zue
1563 1477 1687 1537 welte

900 1581 1003 1641 fodens

776 1637 957 1697 gebehnre
975 1626 1074 1686 läebe
1106 1618 1207 1678 nicht
1240 1598 1506 1658 zugeignet,
1522 1572 1588 1632 der
1605 1553 1703 1613 aber

758 1714 856 1774 solche
885 1706 955 1766 zum
999 1698 1155 1758 3mahl
1197 1689 1410 1749 laugnet,
1424 1677 1494 1737 alß
1524 1665 1566 1725 iß
1608 1642 1736 1702 deselbe

760 1791 866 1851 diese
892 1783 1093 1843 anbelegt
1106 1775 1186 1835 halb
1213 1769 1293 1829 nach
1319 1763 1373 1823 der
1399 1747 1585 1807 Gonnung
1613 1714 1746 1774 libert

771 1868 843 1928 undt
857 1867 942 1927 liege
972 1863 1071 1923 einer
1085 1858 1257 1918 schlinmen
1271 1844 1472 1904 labwoesen
1528 1816 1599 1876 biß
1643 1790 1728 1850 auff

759 1953 975 2013 krniftig,
994 1945 1192 2005 dausage
1211 1931 1430 1991 hieundes
1449 1894 1665 1954 gesetzet

766 2043 906 2103 worden.

783 2172 917 2232 Want
934 2170 978 2230 de
992 2170 1114 2230 Pheter
1143 2171 1323 2231 Nomang,
1338 2168 1369 2228 so
1384 2155 1608 2215 eingesetzt
1624 2113 1758 2173 worden

762 2261 907 2321 welchen
933 2258 984 2318 die
1010 2257 1128 2317 Maria
1167 2256 1311 2316 Cuhse
1339 2251 1391 2311 der
1404 2229 1705 2289 schwängerung

788 2350 895 2410 halb
913 2348 1095 2408 beklagt
1147 2347 1202 2407 zu
1237 2345 1329 2405 edt
1346 2334 1543 2394 gestellt
1563 2309 1633 2369 mit
1653 2277 1778 2337 krede

772 2428 957 2488 Sibfinde
985 2431 1036 2491 sich
1064 2434 1143 2494 acht
1156 2435 1210 2495 tag
1248 2434 1342 2494 Vor
1368 2426 1514 2486 Jacobi
1541 2407 1621 2467 von
1634 2385 1726 2445 Ihre

788 2516 977 2576 schwaige,
994 2516 1044 2576 und
1063 2516 1114 2576 da
1130 2518 1200 2578 sye
1235 2513 1475 2573 iderfahren
1492 2496 1527 2556 in
1561 2478 1630 2538 des
1647 2450 1733 2510 set

790 2590 1102 2650 Schlazenmatten
1128 2594 1166 2654 in
1193 2596 1231 2656 der
1258 2595 1465 2655 hebammen
1518 2576 1609 2636 hauß

1833 1639 1994 1699 Ehrbandt

1848 1717 1927 1777 Rfical

1846 1798 1939 1858 Webeht
1966 1797 2020 1857 hi

3061 225 3220 285 229.

2028 325 2104 385 sey
2134 308 2210 368 noch
2239 296 2300 356 hin
2315 288 2452 348 andere
2467 283 2680 343 Schubnecht
2695 285 2770 345 undt
2785 288 2830 348 zi
2846 294 2981 354 anders
3013 309 3180 369 Magdt¬

2037 402 2211 462 lehund
2262 376 2713 436 baehalbegen
2738 391 2963 451 hebeseg
3012 410 3165 470 hesen

2021 501 2106 561 auf
2120 485 2191 545 S.
2204 471 2358 531 Johann
2387 464 2598 524 alldorten
2626 468 2740 528 gesin,
2754 474 2795 534 Er
2823 479 2893 539 sehe
2923 485 3021 545 ructz
3035 492 3175 552 gelesen

2035 586 2073 646 den
2099 563 2355 623 Morgenfande
2382 553 2433 613 Er
2459 553 2510 613 die
2535 554 2767 614 Fussedneben
2780 560 2870 620 Ihme
2882 564 2972 624 auf
2999 566 3075 626 dem

2031 678 2159 738 bettt
2187 656 2404 716 Verneinet
2418 649 2504 709 alle
2532 649 2805 709 thätlichkeit,
2819 652 2933 712 Cosl.
2947 651 3134 711 Verschoben

2032 752 2210 812 besnch
2229 733 2281 793 der
2317 724 2514 784 geißet.

2034 882 2097 942 deß
2133 857 2321 917 Ronangt
2345 844 2497 904 Conrad
2521 841 2634 901 heißt
2658 835 2846 895 Willhelm

2039 958 2099 1018 der
2111 949 2209 1009 ander
2233 937 2356 997 heißt
2380 929 2539 989 Rudolff
2551 925 2613 985 eEin
2637 919 2795 979 brauwe
2819 916 2856 976 in
2880 915 3014 975 diesten
3026 911 3076 971 bey
3100 907 3197 967 Mste

2060 1035 2221 1095 Ganzing
2272 1023 2343 1083 und
2373 1016 2455 1076 das
2484 1006 2646 1066 Midtl.
2667 998 2737 1058 das
2767 991 2930 1051 barbl.

2052 1126 2129 1186 NB.
2150 1117 2228 1177 alle
2278 1104 2405 1164 obige
2434 1093 2542 1153 sollen
2562 1081 2710 1141 sambt
2739 1073 2798 1133 den
2838 1059 3112 1119 haußleüthen

2247 1145 2252 1205 v

2039 1204 2134 1264 auff
2160 1190 2460 1250 Mateglikist
2473 1171 2650 1231 worden:
2678 1161 2731 1221 da
2773 1151 2936 1211 Indeße
2962 1144 3017 1204 Sie
3044 1142 3112 1202 zur

2050 1282 2290 1342 abbüestung
2315 1268 2530 1328 gehalten,
2554 1256 2655 1316 undt
2680 1250 2718 1310 Er
2731 1241 2958 1301 angelobt
2983 1234 3083 1294 nicht
3122 1234 3171 1294 zu

2036 1369 2195 1429 leichen

2045 1529 2236 1589 Erschiner
2285 1511 2427 1571 Nosina
2476 1495 2727 1555 Kehrbandt
2739 1480 3074 1540 undtnambsete
3109 1469 3182 1529 Ihr

2070 1622 2144 1682 zur
2168 1612 2267 1672 wolt
2305 1601 2477 1661 gebohres
2514 1589 2637 1649 Kindt
2662 1583 2699 1643 zu
2749 1576 2896 1636 Cchöisten
2921 1564 3169 1624 Rudolff¬

2079 1699 2147 1759 mit
2177 1689 2412 1749 verdeiten,
2431 1679 2479 1739 Er
2508 1674 2606 1734 habe
2626 1668 2675 1728 sie
2704 1661 2860 1721 mitten
2920 1646 3076 1706 Wertzen

2094 1769 2458 1829 geschwängentt
2491 1754 2525 1814 Er
2549 1750 2639 1810 sagt
2673 1743 2753 1803 aber
2776 1739 2810 1799 sie
2832 1735 2913 1795 seye
2935 1728 3015 1788 Ebst
3038 1720 3083 1780 d.
3094 1713 3175 1773 21.

2058 1881 2220 1941 cllartus
2246 1867 2273 1927 zu
2313 1859 2421 1919 Ihme
2476 1847 2691 1907 kömmen,
2718 1839 2773 1899 Er
2799 1830 2961 1890 bekent
2987 1818 3041 1878 sich
3056 1808 3136 1868 mit

2036 1981 2062 2041 D
2170 1953 2407 2013 dertabet
2488 1929 2621 1989 aben
2647 1919 2751 1979 ncht
2780 1910 2884 1970 abe
2910 1904 2965 1964 de
3017 1892 3176 1952 sapel

2049 2059 2205 2119 sonden
2219 2052 2333 2112 sagt,
2361 2043 2404 2103 Er
2446 2033 2546 2093 habe
2588 2022 2660 2082 Sie
2688 2013 2731 2073 im
2773 2001 2915 2061 Aug.
2945 1983 3200 2043 beschlaffen

2050 2149 2168 2209 sols.
2180 2142 2285 2202 weiln
2311 2134 2362 2194 Er
2402 2126 2453 2186 die
2479 2118 2558 2178 Pat
2598 2097 2805 2157 bekennet,
2832 2082 2884 2142 sich
2910 2073 3001 2133 mit
3014 2068 3106 2128 Ihra

2082 2237 2322 2297 vertrabet
2355 2221 2387 2281 zu
2418 2212 2531 2272 habe,
2546 2201 2643 2261 alß
2676 2187 2788 2247 solle
2820 2174 2932 2234 Ihme
2981 2161 3062 2221 dar
3093 2149 3221 2209 Kindt

2067 2344 2121 2404 ad
2139 2335 2231 2395 kam
2287 2321 2359 2381 alß
2397 2311 2469 2371 ohn
2487 2298 2635 2358 ehrlich
2653 2285 2799 2345 solang
2837 2265 3093 2325 zubekenet,
3111 2250 3185 2310 bis
3203 2243 3256 2303 hr

2069 2432 2196 2492 Eanen
2214 2416 2485 2476 geständigen
2501 2396 2662 2456 Vatter
2709 2375 2935 2435 deßelben
2951 2361 3046 2421 vor
3080 2351 3175 2411 dem

2051 2524 2215 2584 Richter
2254 2510 2381 2570 stellen
2406 2497 2533 2557 werden,
2558 2488 2597 2548 Er
2635 2479 2724 2539 hatt
2737 2465 2978 2525 angelobet,
3003 2455 3092 2515 undt
3105 2451 3207 2511 sollen

2065 2604 2131 2664 zur
2160 2591 2402 2651 abbiestung
2429 2578 2605 2638 gehalten
2618 2566 2766 2626 werden.
