4032 3024
455 346 519 406 23
549 332 613 392 .

435 488 525 548 Rs
555 464 645 524 ach.

435 573 576 633 Möller
591 551 690 611 Strde

448 1018 591 1078 Beutler
605 1010 736 1070 Cchäster

449 1094 614 1154 Summenuth
635 1083 729 1143 Mago¬

475 1166 604 1226 Weniger
629 1158 732 1218 Peter

488 1788 590 1848 Herrn
616 1774 746 1834 Batli.

476 1857 621 1917 Klotter
651 1850 756 1910 Mad.

467 2163 595 2223 Stroh.
610 2158 753 2218 Madlen

468 2247 621 2307 branme
650 2245 774 2305 chiste

730 390 847 450 Word
888 370 987 430 Rich.
1006 354 1124 414 Nops
1145 342 1225 402 von
1263 335 1441 395 Sedogst
1460 349 1698 409 bebiliget

726 476 804 536 sein
845 459 910 519 mit
938 444 1084 504 Beoena
1123 427 1270 487 Müller
1283 424 1377 484 von
1403 430 1602 490 Seaklt
1628 445 1642 505 1
1682 457 1722 517 Er

739 547 846 607 bulun
883 525 1099 585 vorhabende
1134 510 1206 570 Ehr
1266 505 1373 565 ohne
1410 505 1445 565 zu
1482 509 1673 569 Sordorff

727 626 835 686 allwo
862 617 888 677 so
915 605 1091 665 nirmahlen
1118 591 1308 651 Gewohnt
1349 588 1606 648 verbündet
1632 597 1687 657 zu

731 710 862 770 worden
890 690 1080 750 beseuchen
1109 674 1373 734 zukönnen.

707 871 995 931 Röthenbach.
1030 856 1097 916 Iht
1114 850 1250 910 chribten
1285 845 1387 905 habe
1421 842 1709 902 Michröstert

743 954 966 1014 wasmaßen
1004 946 1163 1006 Chöisten
1202 938 1372 998 beütter
1411 928 1491 988 auß
1543 922 1609 982 den

735 1038 1061 1098 Bucholterberg,
1072 1026 1320 1086 verlange,
1344 1016 1411 1076 die
1433 1004 1659 1064 Margrethe

766 1124 965 1184 summermuth
986 1117 1039 1177 deß
1081 1112 1207 1172 Pfeter
1250 1099 1450 1159 Wengers
1482 1083 1725 1143 Ehefrauw¬

752 1210 871 1270 selcher
881 1206 936 1266 sich
947 1202 1012 1262 mit
1033 1195 1141 1255 seiner
1175 1183 1403 1243 Stiefftachter
1435 1167 1663 1227 vertrabet

742 1299 778 1359 zu
803 1292 1000 1352 ehrlichen,
1026 1281 1161 1341 volen
1173 1273 1272 1333 gnädigen
1284 1265 1382 1325 Herrn
1407 1254 1493 1314 harn
1580 1237 1715 1297 hiemit

754 1376 958 1436 inantwort
1000 1364 1196 1424 verdeütet
1237 1347 1380 1407 haben,
1411 1333 1483 1393 daß
1524 1322 1596 1382 wan
1627 1312 1679 1372 den

743 1459 872 1519 Rathey
899 1448 1028 1508 etwas
1042 1442 1241 1502 obgelegen,
1255 1436 1312 1496 sich
1340 1422 1624 1482 selstallhier

758 1539 900 1599 selben
916 1529 1101 1589 sollindt:

740 1676 1009 1736 Müchlanberg
1055 1671 1234 1731 MeHrn
1266 1662 1400 1722 ollind
1445 1645 1566 1705 Ihrer
1596 1617 1745 1677 hiemit

777 1762 1024 1822 aufgetragen
1053 1758 1204 1818 haben,
1233 1753 1287 1813 den
1314 1742 1466 1802 Budtl.
1480 1723 1590 1783 Herren
1619 1701 1702 1761 Man

769 1850 1099 1910 Pupelwortat
1113 1848 1233 1908 Madte
1278 1833 1443 1893 Klatter
1472 1814 1548 1874 von
1577 1789 1742 1849 Serdorff

759 1923 853 1983 ohne
866 1927 1026 1987 Verzug
1067 1922 1227 1982 Copulida
1281 1901 1495 1961 zulaßen:
1509 1883 1522 1943 E
1548 1866 1682 1926 undehr
1695 1844 1749 1904 deß

778 1988 820 2048 Er
842 1990 886 2050 das
918 1989 1015 2049 Kidt
1036 1985 1155 2045 vorzu
1178 1978 1275 2038 lissen
1307 1968 1404 2028 habe,
1426 1956 1491 2016 noch
1512 1933 1750 1993 Verkündigung

754 2083 1022 2143 Oberburg.
1047 2083 1187 2143 Madt
1226 2078 1365 2138 Strohl.
1392 2069 1468 2129 Ihon
1518 2048 1735 2108 angehorge

784 2171 923 2231 kelagt
948 2173 1011 2233 der
1036 2173 1327 2233 schwängerung
1352 2165 1454 2225 halb
1491 2157 1530 2217 an
1631 2134 1758 2194 Chöste

799 2260 951 2320 brunen
991 2262 1073 2322 Von
1115 2263 1293 2323 Sedoff
1322 2258 1391 2318 mit
1418 2242 1665 2302 Verdeüte,
1678 2215 1747 2275 daß

772 2345 823 2405 Er
861 2346 939 2406 Sie
965 2351 1263 2411 außgehendts
1301 2349 1456 2409 heutet
1494 2325 1752 2385 beschloßen,

779 2443 869 2503 aber
887 2444 976 2504 aber
1013 2448 1066 2508 die
1086 2452 1175 2512 that
1210 2455 1407 2515 laugnet,
1427 2447 1516 2507 undt
1534 2432 1641 2492 sagt
1658 2409 1730 2469 Ein

3054 226 3135 286 233

2031 311 2219 371 gewaßer
2249 291 2389 351 diebold
2419 284 2513 344 seye
2528 283 2591 343 bey
2622 283 2685 343 Ihre
2731 286 2825 346 undt
2840 289 2918 349 mit
2934 292 2997 352 han
3027 295 3200 355 allda¬

2031 402 2222 462 gewesen,
2235 392 2259 452 so
2283 388 2343 448 Sie
2355 385 2451 445 nicht
2499 382 2715 442 veoneien
2739 383 2847 443 kan:
2870 382 3206 442 hieüberwollindt

2020 498 2198 558 dieselben
2233 478 2328 538 Ihnen
2351 468 2624 528 auffgetragen
2647 467 2777 527 haben,
2802 469 2908 529 Siein
2932 470 3003 530 chor
3026 467 3193 527 bevor¬

2041 588 2231 648 stehende
2273 558 2544 618 widerkufft
2558 553 2639 613 noch
2666 553 2721 613 der
2734 553 2911 613 Ordnung
2937 554 2979 614 de
3006 553 3059 613 Ao
3074 551 3156 611 1713

2077 662 2306 722 hamerin,
2323 648 2411 708 undt
2428 644 2516 704 Ihro
2535 641 2782 701 geistlich
2816 641 2957 701 ußag
2992 639 3150 699 beristen

2042 753 2245 813 zulaßen

2023 923 2193 983 Gattig.
2224 905 2302 965 Auß
2348 892 2442 952 Vhre
2472 878 2704 938 Eingesendter
2734 866 2891 926 Horeau
2937 859 3092 919 habindt

2045 1026 2132 1086 Mich
2166 1013 2200 1073 er
2219 1001 2373 1061 sehen,
2390 987 2443 1047 uan
2477 977 2547 1037 daß
2580 964 2720 1024 Aaquis
2754 950 2927 1010 defocls
2961 940 3048 1000 von

1823 1147 1928 1207 Vbes
1945 1129 2050 1189 daguer
2068 1102 2349 1162 Borigmantin
2403 1070 2577 1130 welchem
2648 1049 2841 1109 Lusane
2876 1036 3000 1096 Favre
3035 1027 3177 1087 Ston¬

1838 1219 2030 1279 pesanre
2065 1188 2311 1248 trateaundaen
2348 1169 2400 1229 Ihr
2434 1158 2540 1218 Kinde
2575 1149 2611 1209 zu
2646 1139 2786 1199 geiget,
2804 1125 2996 1185 obngecht
3015 1115 3084 1175 Er

2045 1274 2288 1334 zuerscheinen
2332 1247 2620 1307 versprochen,
2648 1221 2879 1281 dißmahlen
2907 1206 2964 1266 sich
2994 1191 3209 1251 absensirt

2054 1361 2220 1421 Worübr
2250 1348 2416 1408 MeHe
2475 1338 2521 1398 e
2550 1331 2595 1391 uf
2626 1319 2807 1379 getagen
2822 1302 2942 1362 haben
2957 1282 3138 1342 Collinde

2045 1450 2184 1510 hobent
2235 1438 2362 1498 wehrn
2387 1430 2437 1490 Er
2464 1422 2578 1482 seines
2603 1400 2983 1460 bekantnußhalb
3022 1364 3201 1424 durch¬

2047 1532 2302 1592 Bundtschafft
2332 1511 2574 1571 überlisen,
2604 1496 2674 1556 alß
2703 1486 2803 1546 solle
2831 1472 2931 1532 Ihme
2973 1453 3175 1513 nebst¬

2052 1627 2202 1687 abtreg
2229 1616 2283 1676 der
2296 1606 2419 1666 Costen
2486 1590 2582 1650 das
2609 1577 2731 1637 Kindt
2758 1563 2841 1623 alß
2854 1542 3127 1602 ohnehrlich¬

2056 1709 2342 1769 hageschochen
2360 1691 2457 1751 sein,
2495 1676 2648 1736 deßen
2686 1662 2764 1722 Sie
2801 1647 2955 1707 hiemt
2973 1625 3164 1685 brichtet

2074 1803 2272 1863 wodind
2321 1775 2653 1835 mitgesinmen,
2685 1752 2769 1812 Ihne
2802 1741 2885 1801 vor
2902 1732 2967 1792 Sie
3001 1715 3248 1775 zubescheiden

2066 1895 2177 1955 Ihme
2195 1878 2400 1938 Mehe
2457 1861 2529 1921 et
2550 1855 2604 1915 eus
2641 1842 2827 1902 erfen
2866 1824 2995 1884 beyde
3014 1809 3125 1869 zur

2061 1983 2344 2043 abbiesung
2379 1957 2613 2017 zuhalten,
2646 1940 2748 2000 undt
2764 1926 2915 1986 slacles
2932 1908 3115 1968 Ernichte

2054 2081 2290 2141 trscheinen
2305 2065 2463 2125 wollte
2512 2048 2668 2108 selben
2686 2024 3016 2084 glorsamblich
3049 1994 3174 2054 hahzu

2062 2183 2241 2243 halten

2049 2356 2336 2416 Esandn
2387 2332 2517 2392 Geges
2546 2313 2622 2373 sht
2651 2299 2702 2359 e
2727 2285 2807 2345 ber
2833 2268 2912 2328 ter
2963 2237 3250 2297 Bestalens

2640 2333 2781 2393 lgerite

1864 2430 1919 2490 vond
1933 2438 2058 2498 Aatian
2071 2441 2196 2501 sunod
2224 2433 2417 2493 bekantlich
2460 2412 2626 2472 worden,
2653 2394 2708 2454 die
2737 2372 2944 2432 Nicolies
2985 2336 3306 2396 geschwange¬

1866 2502 1956 2562 viler
1971 2514 2154 2574 Canqpuigiret
2186 2514 2383 2574 zuhaben,
2398 2500 2626 2560 derowegen
2671 2474 2793 2534 Ihme
2824 2452 2976 2512 solches
3006 2432 3128 2492 auch
