4032 3024
707 365 949 425 alßobifhtrlich
977 340 1120 400 ubeket
1151 325 1264 385 worden
1308 319 1437 379 deßen
1465 321 1536 381 des
1550 327 1609 387 D.
1623 339 1724 399 prat.

452 353 560 413 af

715 456 866 516 himit
881 434 1046 494 Krichtet
1061 416 1182 476 swrabe
1212 406 1286 466 mit
1318 403 1483 463 besolchen
1498 409 1604 469 beyde
1619 421 1693 481 nun

706 540 829 600 nacho
844 528 891 588 fir
906 505 1169 565 abbureßung
1200 487 1433 547 zuhalten.

1104 581 1117 641 E

718 719 843 779 langte
856 695 1008 755 folgende
1037 680 1105 740 videl
1132 672 1215 732 Eine
1256 666 1396 726 Wbat
1409 664 1477 724 für
1520 664 1561 724 Ein
1588 666 1755 726 Matr¬

733 800 884 860 ohevial
912 778 1008 838 habes
1022 766 1078 826 sich
1105 755 1228 815 daken
1283 744 1324 804 zu
1366 736 1695 796 Schwatzenburg

738 890 810 950 auß
838 873 953 933 Anlaß
1011 851 1138 911 Sinron
1196 829 1440 889 Mydlygers
1468 823 1683 883 ereigete

467 930 617 990 Nytlge
640 917 710 977 Reire

751 975 857 1035 werdt
894 961 945 1021 hr
982 945 1123 1005 Mohle
1142 933 1194 993 e
1231 922 1320 982 auff
1354 909 1622 969 beyligraden

449 1017 629 1077 hofstte
655 998 733 1058 aber

719 1061 886 1121 Schrbein
942 1045 997 1105 deß
1040 1032 1179 1092 mehren
1221 1016 1444 1076 uersehen
1487 1006 1612 1066 haben
1667 999 1781 1059 wolhen

736 1140 1028 1200 zuundersuchen
1067 1124 1213 1184 Ehabg.
1226 1116 1306 1176 vor
1345 1108 1452 1168 funch
1478 1099 1598 1159 leisen
1611 1091 1716 1151 wolle

749 1225 810 1285 mit
835 1220 1034 1280 gesungenn,
1060 1214 1097 1274 ob
1121 1210 1221 1270 dieses
1259 1199 1444 1259 Sandem
1519 1182 1719 1242 Nybgger

755 1317 962 1377 begehende
1012 1296 1219 1356 Heütrath
1256 1285 1353 1345 wider
1377 1277 1475 1337 Mog
1560 1260 1731 1320 ordnung

776 1405 877 1465 seite
903 1402 953 1462 der
967 1397 1092 1457 nicht:
1119 1386 1195 1446 Due
1219 1370 1486 1430 Eraoiairn,
1511 1353 1587 1413 Ihre
1612 1346 1766 1406 gedocben

764 1496 930 1556 darüber
944 1482 1250 1542 abzufaßen,
1278 1466 1375 1526 undt
1403 1456 1487 1516 Jhor
1557 1439 1696 1499 Norza

768 1595 878 1655 tagen
964 1594 1013 1654 Eir
1037 1591 1123 1651 über
1135 1587 1221 1647 nun
1271 1578 1381 1638 wart
1406 1564 1614 1624 folgender
1626 1547 1749 1607 Vorvog

761 1697 919 1757 Ehrbet.

797 1808 880 1868 1.

728 1943 818 2003 Auß
871 1937 961 1997 Erg.
974 1926 1339 1986 hiemittkommenden
1441 1902 1559 1962 befolh
1597 1883 1689 1943 undt

756 2025 992 2085 beygelegnem
1031 2017 1163 2077 schriben
1189 2011 1267 2071 Von
1320 1993 1661 2053 Schwartzenburg
1687 1956 1778 2016 habet

738 2112 904 2172 Meigige
943 2104 1133 2164 ersehen
1160 2104 1313 2164 gehabt,
1338 2102 1414 2162 wie
1453 2094 1530 2154 daß
1567 2082 1670 2142 Ergl

475 2163 632 2223 Nydegger

755 2200 980 2260 zuweßen
1047 2201 1285 2261 verlangen,
1298 2201 1338 2261 ob
1364 2198 1431 2258 deß
1484 2185 1656 2245 Sineon

509 2224 634 2284 Sinnen

670 2304 763 2364 krf
802 2294 815 2354 g
842 2287 1002 2347 defgges
1042 2288 1308 2348 Vorhabenden
1361 2287 1428 2347 Ehe
1467 2281 1548 2341 mit
1587 2258 1734 2318 barbam

479 2302 654 2362 hofteblo

755 2382 1012 2442 Hoffstetter
1041 2381 1117 2441 mit
1131 2381 1192 2441 dem
1238 2383 1268 2443 Er
1299 2381 1404 2441 swas
1434 2372 1509 2432 mit
1541 2353 1675 2413 keine

794 2464 1014 2524 verkandt
1030 2467 1114 2527 neh
1130 2471 1266 2531 bluts
1282 2471 1550 2531 faundtschaff
1569 2455 1669 2515 auff

1920 1099 2035 1159 ling,

1830 1762 2057 1822 sohenbsen

3052 232 3196 292 Gl

2042 312 2142 372 lich
2175 294 2226 354 vnd
2259 284 2359 344 nicht
2375 280 2659 340 verbundenen,
2675 287 2726 347 de
2759 295 2878 355 ehabe
2910 304 2959 364 it
2978 311 3094 371 Ihren

2042 414 2124 474 schm
2179 389 2245 449 vor
2273 373 2476 433 Ewrlchen
2505 373 2640 433 Jahrn
2694 384 2926 444 Verstorben
2966 393 3102 453 Mann

2031 506 2172 566 Pfeter
2200 485 2329 545 Jaheit
2371 472 2627 532 Vatteshalb
2655 472 2810 532 sieman
2839 478 2980 538 zurchen
3024 492 3179 552 pflegte

2027 598 2275 658 geschlatete
2305 574 2430 634 Knkt
2445 569 2601 629 gelesen
2678 572 2771 632 undt
2786 575 2864 635 also
2894 580 3002 640 dieser
3019 585 3175 645 Sinucdu¬

2054 689 2239 749 Mydeger
2269 669 2347 729 mit
2362 664 2440 724 den
2470 662 2750 722 Verstorbenen
2796 666 2966 726 Kfeter
2981 663 3136 723 ghohndt

2046 788 2125 848 keich
2153 768 2274 828 gleichen
2287 760 2353 820 groß
2395 755 2555 815 Statter
2582 757 2715 817 Pfeter
2744 761 2930 821 Nödeges
2958 756 3106 816 gehabt

2038 892 2103 952 da
2138 868 2271 928 dann
2287 855 2387 915 dise
2419 851 2538 911 Seme
2635 854 2854 914 Nisthegre
2902 852 3102 912 Wonden

2037 972 2267 1032 Mandchon
2321 955 2469 1015 PPeter
2498 951 2620 1011 Zahnt
2660 949 2755 1009 aber
2795 946 2876 1006 von
2903 945 2958 1005 der
2985 938 3173 998 leiblichen

2032 1067 2333 1127 entsfreffen
2382 1048 2542 1108 habend
2573 1038 2748 1098 bemelt
2764 1031 2908 1091 Mehr
2939 1021 3146 1081 befunden

2037 1176 2115 1236 daß
2168 1161 2274 1221 diese
2313 1145 2525 1205 Heybrath
2551 1132 2709 1192 strabt
2735 1125 2841 1185 lider
2869 1119 2921 1179 die
2947 1113 3092 1173 Chorpt.
3107 1104 3226 1164 God¬

2044 1261 2144 1321 Fol.
2168 1254 2205 1314 8.
2217 1249 2329 1309 satz.
2342 1241 2392 1301 15.
2417 1235 2554 1295 stutte
2629 1219 2953 1279 überlaßendt
2989 1206 3089 1266 aber
3101 1199 3240 1259 Ergl.

2035 1353 2138 1413 also
2167 1343 2256 1403 kein
2314 1323 2611 1383 hochenwichtes
2640 1303 2921 1363 hierinfahlt
2936 1291 3025 1351 nach
3069 1285 3172 1345 dero

2066 1436 2354 1496 disposition
2403 1421 2455 1481 zu
2504 1400 2805 1460 dispensiren.
2829 1379 3019 1439 Ehulbßtig
3043 1369 3105 1429 seyn
3118 1365 3270 1425 dericht.

2062 1593 2172 1653 Über
2186 1586 2253 1646 fin
2280 1571 2570 1631 Eingelangtes
2597 1550 2761 1610 schriben
2775 1539 2858 1599 vor
2885 1529 2966 1589 H.
2981 1511 3256 1571 Landtvogten

2117 1674 2402 1734 Wiblschaug
2437 1657 2544 1717 undt
2579 1637 2864 1697 beyhgelegner
2881 1608 3111 1668 Procedus

2036 1688 2043 1748 1

2059 1779 2155 1839 Von
2196 1766 2321 1826 farrig
2361 1749 2609 1809 betreffent
2636 1731 2772 1791 Lande
2801 1720 2937 1780 Bohson
2993 1704 3116 1764 undt
3143 1694 3225 1754 seine

2049 1874 2205 1934 tochter
2261 1858 2402 1918 wardt
2430 1843 2627 1903 folgende
2698 1813 3065 1873 Vortragerbeitt

2043 2012 2178 2072 14.

2075 2119 2169 2179 Auß
2205 2101 2466 2161 beligenden
2502 2082 2635 2142 schrich
2672 2072 2745 2132 von
2765 2065 2838 2125 H.
2857 2050 3120 2110 LandtStogt
3156 2035 3174 2095 S

2067 2205 2344 2265 Wittlsfug
2384 2188 2477 2248 undt
2516 2172 2794 2232 beygefürgter
2833 2150 3098 2210 Hhergochtsr

2048 2311 2263 2371 Ptrocedur
2303 2298 2397 2358 von
2452 2285 2599 2345 Faang
2639 2266 2895 2326 betreffendt
2922 2250 3056 2310 Lande
3084 2242 3244 2302 Boson

2050 2405 2271 2465 sonakendt
2300 2393 2355 2453 bey
2382 2385 2480 2445 sine
2508 2374 2646 2434 Tochter
2703 2362 2758 2422 in
2799 2355 2910 2415 bett
2938 2345 3174 2405 bezogenen

2062 2494 2149 2554 undt
2165 2494 2312 2554 andern
2341 2484 2472 2544 darim
2516 2462 2765 2522 Enthaltene
2825 2432 3074 2492 bedeltlichen
