4032 3024
699 1045 725 1105 1

467 338 589 398 .

723 365 948 425 umbsänden
999 341 1121 401 haben
1171 329 1344 389 Mehn
1363 329 1432 389 daß
1466 335 1535 395 obe
1569 360 1761 420 cherile

721 460 797 520 sch
813 448 952 508 auset
983 434 1046 494 der
1077 418 1341 478 beuegsamme
1387 417 1573 477 befundet,
1588 430 1636 490 du
1651 443 1743 503 sene

723 558 795 618 Joh
824 529 1113 589 zuburtheilen,
1141 505 1300 565 sondern
1343 500 1488 560 etige
1502 504 1662 564 rhtet

756 638 894 698 Röser
913 621 1068 681 sadern
1104 608 1155 668 Er
1172 601 1242 661 gl.
1279 594 1383 654 hochet
1400 592 1591 652 senidert
1625 596 1712 656 zum

747 716 953 776 übergeben

713 870 896 930 Westen
934 859 1043 919 anch.
1078 854 1281 914 Pfarhh.
1319 853 1410 913 Über
1428 853 1501 913 Eß
1519 853 1593 913 e.
1611 854 1778 914 Ehedantz

730 962 894 1022 scheibeng
920 950 1135 1010 betreffendt
1160 947 1224 1007 der
1249 945 1401 1005 Madle
1439 940 1503 1000 dit
1542 935 1631 995 Vor¬

1383 979 1557 1039 sheh

747 1048 928 1108 Etzelhoffe
964 1040 1074 1100 sindt
1098 1035 1133 1095 so
1158 1029 1326 1089 drunden
1363 1022 1424 1082 sich
1460 1016 1714 1076 verdinget

457 1045 523 1105 die
550 1040 685 1100 Radte¬

503 1105 692 1165 sechelbtch

728 1153 934 1213 besaet
967 1137 1120 1197 habend
1156 1121 1325 1181 MeHre
1411 1108 1464 1168 e
1566 1102 1702 1162 enen

732 1238 870 1298 raßen
940 1231 1010 1291 sich
1033 1226 1091 1286 diß
1138 1216 1242 1276 beht
1265 1206 1346 1266 mit
1382 1196 1451 1256 der
1497 1184 1706 1244 gemaindt

753 1331 988 1391 zubetragen,
1003 1323 1080 1383 alß
1111 1315 1236 1375 welches
1268 1300 1455 1360 dieselben
1486 1284 1580 1344 Ihra
1611 1266 1784 1326 abelesen

735 1427 774 1487 so
787 1422 852 1482 Ihmne
879 1414 997 1474 hiemit
1010 1409 1050 1469 in
1063 1402 1234 1462 antvorf
1273 1389 1457 1449 bedeütet
1485 1375 1576 1435 undt
1602 1357 1747 1417 Götthe

761 1497 867 1557 obsoch
878 1492 949 1552 wohl
961 1485 1127 1545 erlaßen
1163 1469 1304 1529 werde.
1317 1460 1352 1520 4.
1363 1455 1423 1515 und
1446 1447 1494 1507 die
1517 1433 1659 1493 gemeidt
1682 1415 1788 1475 Ermicht

755 1567 858 1627 tmehr
891 1557 994 1617 hinder
1018 1551 1110 1611 Ihnen
1132 1541 1293 1601 gedulden
1315 1529 1384 1589 will

740 1686 991 1746 Apoltaren,
1007 1681 1139 1741 damit
1156 1677 1363 1737 dermahlen
1421 1667 1497 1727 deß
1541 1650 1718 1710 Rublff

768 1774 908 1834 Martis
933 1769 1023 1829 Ihres
1036 1765 1266 1825 angehörgen
1279 1755 1548 1815 vorhabende
1574 1737 1637 1797 Ehe
1676 1722 1752 1782 mit

479 1761 587 1821 Marti
610 1753 730 1813 Rudolf

465 1838 548 1898 bloch
576 1832 706 1892 Barbara

772 1858 931 1918 Barbala
975 1855 1091 1915 blocht
1105 1853 1221 1913 seinen
1235 1848 1422 1908 fortgang
1467 1832 1639 1892 gekemme,
1654 1812 1769 1872 selben

749 1948 836 2008 ohne
865 1949 982 2009 senen
1011 1948 1362 2008 Verschubeinsegen
1407 1922 1640 1982 zulaßen.

738 2115 898 2175 Wie
1153 2116 1233 2176 nige
1266 2113 1378 2173 Herr
1411 2105 1571 2165 olindt
1586 2084 1730 2144 hiemit

758 2201 838 2261 Ihne
851 2205 917 2265 H.
930 2208 1048 2268 Pras.
1061 2216 1485 2276 freündtlichersuchet
1524 2195 1644 2255 haben

474 2239 623 2299 Frstanr
656 2249 823 2309 Abitis.

764 2305 820 2365 den
835 2303 962 2363 Htram
1005 2305 1173 2365 Grosard
1189 2309 1287 2369 Octan
1329 2307 1499 2367 Prences
1526 2296 1625 2356 Vtorn
1641 2274 1781 2334 küfftig

775 2395 953 2455 Montag
970 2396 1058 2456 über
1089 2398 1177 2458 Acht
1208 2401 1267 2461 tag
1311 2401 1386 2461 vor
1430 2395 1595 2455 dieselben
1609 2375 1728 2435 halte

762 2483 1052 2543 zulaßen.

3067 235 3113 295 23

2000 318 2271 378 Mlichsach.
2301 288 2415 348 Ihnen
2443 283 2559 343 werde
2601 284 2730 344 hiemit
2744 297 3002 357 auffetragen
3074 316 3144 376 die

2022 408 2197 468 Barbara
2228 381 2356 441 Srbs
2372 374 2435 434 Ihr
2450 371 2672 431 angehorge
2688 377 2737 437 so
2753 385 2928 445 Ehrnicht
2959 406 3215 466 deschlwänge¬

2007 500 2207 560 genshalb
2237 474 2408 534 vekliget
2425 466 2610 526 firammel
2640 470 2826 530 lehmen,
2843 478 2919 538 und
2951 488 3166 548 munschabe

2064 584 2283 644 stehlango
2314 567 2455 627 besindt
2471 562 2566 622 undt
2581 562 2723 622 selbige
2738 566 2988 626 eitentdebet
3006 576 3114 636 weden

1791 568 2006 628 seee

1805 674 1862 734 ger
1901 638 2015 698 fau

2027 691 2151 751 kern
2182 669 2386 729 furdelich
2401 654 2715 714 allhoffthalten

2024 889 2221 949 Holacl.
2251 850 2666 910 Welchesgestallten
2726 833 2894 893 Boobera
2909 832 3046 892 Pfalst
3063 833 3123 893 von

2063 972 2232 1032 Schag,
2248 945 2451 1005 ohngeohr
2484 928 2569 988 Ihre
2603 918 2840 978 zugemuchet
2857 916 2957 976 woeden
2991 917 3126 977 ieseir

2079 1057 2277 1117 schwange
2307 1033 2430 1093 solchs
2445 1022 2538 1082 aber
2568 1014 2784 1074 vermeinet,
2799 1010 2997 1070 nachkerte
3012 1010 3105 1070 aber

1828 1126 1884 1186 set
1921 1107 1956 1167 he
1974 1090 2049 1150 bae¬

2083 1148 2133 1208 dn
2147 1140 2209 1200 22.
2236 1131 2298 1191 Ae.
2311 1124 2375 1184 bst
2388 1118 2439 1178 hin
2464 1113 2541 1173 ohne
2566 1104 2821 1164 Jehmnandeser
2846 1096 2987 1156 beysein
3012 1091 3205 1151 Kandes¬

1824 1200 1921 1260 Weig
1938 1175 2067 1235 sebat¬

2048 1236 2218 1296 genest
2270 1219 2349 1279 undt
2376 1211 2455 1271 auff
2493 1200 2676 1260 frnstliches
2704 1189 2900 1249 befragten
2951 1183 3004 1243 hin
3030 1179 3200 1239 Endtliche

2040 1328 2098 1388 den
2123 1305 2538 1365 Johanneshushung
2575 1285 2753 1345 beklaget
2812 1276 2955 1336 selher
2979 1270 3074 1330 wor
3110 1265 3169 1325 die

2043 1412 2141 1472 that
2166 1393 2363 1453 verneuet
2389 1379 2512 1439 allein
2536 1373 2598 1433 bey
2623 1368 2697 1428 Ihra
2735 1363 2771 1423 im
2822 1360 2920 1420 bett
2944 1358 3105 1418 gelegen

2044 1496 2165 1556 zusein
2203 1479 2398 1539 bekennet,
2422 1470 2495 1530 das
2521 1464 2692 1524 haabendt
2789 1456 2863 1516 e
2888 1454 2936 1514 auß
2985 1449 3083 1509 Ihren

2055 1580 2333 1640 berichtschieben
2359 1563 2544 1623 zuersehen
2558 1556 2703 1616 gehabt
2769 1547 2954 1607 hieüber
2967 1538 3047 1598 nun
3074 1526 3219 1586 wollind

2050 1678 2242 1738 dieselben
2256 1665 2353 1725 Ihren
2436 1650 2644 1710 verdükt
2671 1638 2836 1698 haben,
2863 1628 2960 1688 Ihne
2989 1613 3195 1673 Kißtlich

1853 1705 1885 1765 den
1893 1704 2004 1764 daskindt

2063 1758 2144 1818 noch
2175 1749 2237 1809 der
2268 1740 2442 1800 Ordnung
2484 1732 2525 1792 zu
2576 1720 3101 1780 dreyundetschidenbichen

1884 1759 1922 1819 tod

2069 1832 2226 1892 mahlen
2285 1825 2382 1885 Vor
2453 1820 2514 1880 Sie
2562 1811 2839 1871 zubescheuten,
2850 1801 2946 1861 Ihne
2995 1794 3054 1854 zur
3078 1785 3272 1845 bekant¬

2056 1916 2157 1976 mucht
2179 1915 2234 1975 der
2279 1910 2436 1970 Warheit
2481 1900 2682 1960 konstlich
2727 1887 3063 1947 anzumehnen,
3085 1877 3219 1937 gestehet

2067 2005 2119 2065 Es
2146 2006 2198 2066 die
2236 2005 2315 2065 that
2355 2001 2447 2061 sur
2485 1990 2786 2050 abbueßung
2825 1975 3047 2035 zuhalten,
3074 1967 3258 2027 womit,

2061 2107 2097 2167 so
2109 2105 2206 2165 solle
2254 2098 2472 2158 seinethalb
2510 2087 2618 2147 alleß
2668 2079 2801 2139 Gott
2825 2073 2921 2133 undt
2959 2068 3019 2128 der
3043 2066 3129 2126 Zeit

2064 2205 2386 2265 heimbgestellt
2414 2193 2511 2253 undt
2525 2189 2623 2249 mit
2651 2184 2777 2244 Einer
2805 2180 2987 2240 scharpfe
3028 2177 3196 2237 Censur

2063 2311 2153 2371 wibe
2183 2306 2229 2366 Ee
2259 2297 2499 2357 bekantlich
2529 2288 2590 2348 sein
2620 2280 2831 2340 müeßen,
2861 2272 2905 2332 bey
2937 2267 3041 2327 Ihre
3088 2261 3237 2321 gelegen

2051 2399 2173 2459 Zinsen
2216 2390 2421 2450 dienittirt
2462 2383 2531 2443 sein
2572 2382 2599 2442 4
2667 2380 2763 2440 undt
2804 2376 2874 2436 das
2901 2371 3147 2431 Kindtnach

2062 2499 2266 2559 empfang
2281 2495 2340 2555 deß
2399 2492 2473 2552 H.
2502 2487 2634 2547 auffs
2649 2475 2870 2535 gestorben
