4032 3024
454 338 589 398 f.

711 373 1046 433 Doreinmosied.
1085 349 1253 409 Mhl.
1290 352 1439 412 abendi
1457 358 1496 418 e
1533 376 1719 436 bratril

716 474 831 534 handel
856 453 1010 513 züscher
1037 434 1216 494 Calhente
1254 426 1331 486 Ror
1371 425 1446 485 Von
1473 429 1640 489 Premur

737 569 841 629 selche
856 556 916 616 der
931 531 1246 591 schwängerung
1277 516 1381 576 halb
1427 517 1606 577 beklagt
1635 531 1727 591 dau¬

424 531 698 591 solbante

434 627 592 687 agit
609 600 688 660 Dan

713 657 907 717 Bourgeris
932 637 1010 697 Eine
1036 623 1217 683 Ehemann
1255 610 1462 670 Worchafft
1487 610 1527 670 zu
1578 613 1709 673 lidle,

708 753 836 813 welches
864 738 935 798 aber
949 724 1148 784 ohngracht
1178 705 1333 765 gethaner
1349 694 1534 754 Cittation
1561 689 1661 749 nicht

720 839 933 899 erschuing,
951 819 1148 879 bißnach
1182 801 1246 861 der
1280 783 1578 843 Naggeißt
1610 780 1660 840 in

708 927 836 987 solchen
870 917 917 977 Sie
940 908 1033 968 nach
1056 898 1114 958 der
1138 882 1359 942 Oordnung
1393 867 1532 927 werden
1555 865 1660 925 soll,
1673 867 1753 927 undt

743 1015 864 1075 Vehl.
878 1002 939 1062 daß
971 977 1319 1037 Ehrauskomendes
1350 953 1517 1013 brichtet
1546 947 1683 1007 werden

979 1038 1068 1098 hoe

440 1061 450 1121 4
482 1053 586 1113 wirauch
597 1047 628 1107 ob
649 1040 723 1100 Ihres

762 1098 898 1158 sollent
935 1086 996 1146 da
1046 1073 1244 1133 Iindeßen
1280 1062 1380 1122 Ihnen
1416 1054 1713 1114 auffgetragen

463 1116 615 1176 Batgerig
639 1101 676 1161 da

744 1186 858 1246 bende
887 1171 1072 1231 künfftig
1099 1162 1143 1222 hie
1171 1156 1357 1216 mutoder
1385 1148 1599 1208 Storesum

463 1180 536 1240 bett
563 1162 726 1222 Persohnlich

460 1239 631 1299 behöge.

734 1281 795 1341 biß
819 1271 892 1331 nach
915 1265 964 1325 der
988 1257 1134 1317 geniset
1159 1248 1256 1308 Inzu
1281 1239 1450 1299 halten,
1462 1233 1499 1293 so
1523 1225 1619 1285 Ihnen
1631 1218 1668 1278 in

743 1359 896 1419 antort
925 1348 1105 1408 verdeütet
1134 1341 1273 1401 lede,
1301 1329 1526 1389 zuschilung.

711 1525 1083 1585 Mindsingen:
1110 1508 1290 1568 Weilen
1317 1497 1497 1557 Barbara
1537 1484 1675 1544 Amman

466 1612 548 1672 Amman
568 1611 702 1671 Barbara
744 1606 815 1666 Von
846 1598 1124 1658 Hertzogenbuchse
1155 1585 1268 1645 welche
1299 1577 1351 1637 der
1372 1562 1660 1622 schwängerung
1690 1543 1762 1603 halb

754 1681 928 1741 beklaget
960 1674 1084 1734 daviel
1135 1664 1270 1724 Weibel
1321 1651 1414 1711 San
1455 1636 1631 1696 Muster
1662 1617 1775 1677 welches

474 1684 589 1744 Weibel
603 1679 702 1739 daviel

753 1752 821 1812 aber
850 1753 899 1813 die
928 1751 996 1811 that
1025 1746 1211 1806 laugnet,
1220 1739 1327 1799 undt
1355 1731 1414 1791 Sie
1443 1721 1551 1781 hinder
1589 1708 1706 1768 Ihnen

745 1839 873 1899 kandtes
898 1834 1063 1894 lignfill
1128 1827 1331 1887 alsololic
1369 1816 1446 1876 e
1496 1804 1536 1864 ie
1548 1792 1637 1852 Hre
1662 1768 1752 1828 Ihrem

746 1914 1016 1974 aufgezegen
1064 1914 1175 1974 haben
1270 1902 1398 1962 selbe
1413 1893 1444 1953 in
1477 1878 1588 1938 Ihres
1603 1846 1780 1906 belot¬

739 2005 937 2065 Sehender
954 2003 1203 2063 Nubekauft
1219 1998 1319 2058 noch
1336 1992 1385 2052 der
1419 1975 1617 2035 Ordnung
1634 1953 1666 2013 de
1701 1928 1783 1988 ort

764 2088 916 2148 Schaf
952 2081 1156 2141 lanrien,
1172 2081 1258 2141 undt
1293 2077 1481 2137 Meh.n
1497 2063 1566 2123 deß
1616 2022 1787 2082 hreußen

779 2166 964 2226 kommenden
1020 2168 1190 2228 berichten
1205 2172 1233 2232 zu
1248 2176 1388 2236 laßen

754 2308 1051 2368 Fegenstorff
1069 2319 1174 2379 undt
1208 2330 1471 2390 beuchthal
1525 2323 1593 2383 Her
1647 2299 1786 2359 Gunh

506 2382 577 2442 Non
593 2384 688 2444 Valet

770 2392 871 2452 laut
885 2394 971 2454 fure
1000 2405 1288 2465 bechtschriben
1316 2416 1403 2476 von
1431 2414 1663 2474 Jegistof
1692 2391 1778 2451 Mehl

768 2469 904 2529 seyndt
919 2487 1177 2547 verständiget
1208 2502 1359 2562 worden,
1389 2504 1451 2564 wie
1480 2498 1557 2558 daß
1616 2480 1678 2540 die

3067 237 3157 297 239
3168 234 3221 294 f.

2024 306 2173 366 Barbara
2205 289 2367 349 huebacher
2388 285 2462 345 Von
2484 286 2645 346 Urthenn
2676 290 2794 350 under
2815 296 3019 356 geugsame
3051 298 3234 358 Examina¬

2012 399 2102 459 ption
2155 381 2247 441 auff
2259 374 2311 434 dem
2349 373 2428 433 fast
2441 374 2649 434 beklagten
2728 383 2831 443 Hauß
2871 386 2961 446 busp
2988 385 3052 445 von
3078 378 3210 438 Atis¬

2038 474 2103 534 viel
2129 463 2210 523 alßo
2236 454 2370 514 Vatter
2383 452 2477 512 Ihres
2503 452 2569 512 zud
2583 457 2862 517 veltgebohren
2888 463 3008 523 Kindt
3036 460 3195 520 Berhacrt

1806 528 2055 588 socheten

2029 563 2110 623 seye
2149 547 2312 607 wollind
2351 541 2419 601 äde
2432 539 2526 599 hHen
2541 538 2581 598 bey
2594 538 2717 598 solches
2756 540 2999 600 bewandtnuß
3039 538 3243 598 aufge¬

1817 615 2008 675 gesase

2017 643 2153 703 tragen
2199 630 2368 690 haben,
2404 622 2595 682 zforkheyn
2619 620 2653 680 in
2675 619 2733 679 dem
2789 616 3039 676 Durgations
3062 613 3164 673 Eyde

2030 733 2131 793 vndt
2156 724 2219 784 der
2232 714 2458 774 bichtigkeit
2472 705 2661 765 deßelben
2711 700 2812 760 wohl,
2824 697 2912 757 undt
2926 693 3116 753 gundtlich

2023 805 2317 865 underichfen,
2331 794 2398 854 und
2438 791 2706 851 mitnötigen
2761 790 2895 850 bericht
2908 787 2934 847 so
2961 785 3055 845 wohl
3082 777 3163 837 Iher

2039 894 2275 954 empfangen
2335 884 2438 944 Eydt
2467 880 2733 940 Initreuction,
2748 875 2822 935 alß
2867 870 2984 930 haben
2998 863 3058 923 den

2011 993 2237 1053 fümbden
2295 973 2408 1033 auff
2438 967 2550 1027 Erwen
2594 963 2707 1023 Ihnen
2751 955 3005 1015 absetzenden
3035 940 3164 1000 fag¬

2017 1086 2088 1146 har
2117 1074 2160 1134 zu
2188 1066 2445 1126 halten.

2033 1231 2244 1291 Bollingen
2301 1216 2343 1276 an
2370 1207 2569 1267 Sfforhl.
2597 1196 2794 1256 deßelben
2837 1186 3005 1246 schreiben
3062 1180 3160 1240 habe

2032 1311 2114 1371 Men
2126 1305 2208 1365 Hdigen
2220 1299 2302 1359 eine
2313 1287 2585 1347 beschlerungs
2619 1274 2761 1334 gründe,
2772 1270 2807 1330 so
2831 1268 2913 1328 wohl
2948 1267 3078 1327 wegen

2044 1392 2119 1452 mit
2143 1380 2331 1440 besuchung
2355 1370 2406 1430 deß
2444 1365 2506 1425 hrl
2530 1355 2806 1415 Abendtmahlt
2831 1346 2894 1406 alß
2919 1335 3218 1395 underlaßung

1840 1433 1922 1493 Sehl
1954 1433 2036 1493 fre¬

2044 1473 2105 1533 der
2141 1461 2310 1521 Schulen
2346 1451 2419 1511 und
2456 1440 2710 1500 Kinderlehren
2734 1431 2819 1491 auch
2831 1424 2963 1484 anderen
2988 1412 3205 1472 Sontäglich

2043 1547 2303 1607 vorwehender
2346 1528 2586 1588 Insolenzin
2618 1515 2824 1575 eröffnet,
2845 1506 2943 1566 Wie
2965 1502 2997 1562 um
3095 1488 3235 1548 iieHer

2042 1630 2268 1690 deßelben
2293 1614 2545 1674 Rühmliches
2584 1602 2722 1662 Ertfer
2759 1591 2935 1651 suufort
2949 1573 3213 1633 eflantzung

2050 1713 2116 1773 der
2138 1706 2216 1766 Ehre
2259 1699 2425 1759 Gottes
2446 1692 2799 1752 ausEehaltung
2844 1672 2964 1732 nicht
2997 1653 3118 1713 undt

2036 1792 2287 1852 Ehebarheit
2313 1780 2375 1840 zud
2414 1773 2589 1833 genuetze
2640 1763 2817 1823 bekent,
2854 1750 3030 1810 habindt
3055 1731 3231 1791 dieselben

2048 1875 2221 1935 lediglich
2253 1869 2308 1929 dem
2384 1862 2449 1922 H.
2471 1857 2601 1917 Past:
2622 1849 2708 1909 zur
2742 1836 2968 1896 vegweisung
3002 1820 3186 1880 andeusen

2033 1957 2190 2017 wolle,
2220 1953 2283 2013 sich
2314 1947 2501 2007 dißfahls
2534 1939 2564 1999 so
2579 1935 2673 1995 wohl
2706 1929 2767 1989 noch
2799 1922 2845 1982 des
2878 1911 3017 1971 Schulhz
3032 1894 3204 1954 ordenung

2045 2046 2221 2106 alßnach
2254 2040 2298 2100 der
2332 2031 2552 2091 Cchorgerichts
2573 2014 2751 2074 Tordnung
2783 2001 2816 2061 zu
2849 1982 3114 2042 Conforiren

2049 2141 2120 2201 die
2134 2132 2337 2192 Pählbten
2366 2123 2467 2183 vor
2496 2113 2684 2173 Eherricht
2727 2103 2772 2163 zu
2786 2092 2973 2152 bescheiden
3032 2064 3162 2124 undt

2070 2238 2211 2298 faslt
2245 2229 2317 2289 Sie
2334 2222 2440 2282 nicht
2457 2204 2775 2264 spaienthaten
2812 2180 2916 2240 umb
2953 2167 3022 2227 die
3041 2155 3182 2215 hande

2053 2336 2207 2396 bietung
2222 2329 2278 2389 sich
2305 2322 2390 2382 mine
2404 2314 2518 2374 gnädigen
2532 2303 2644 2363 Herrn
2729 2290 2784 2350 deß
2827 2272 3109 2332 Landtgrchts
3137 2256 3207 2316 alß

2044 2435 2318 2495 Prandentz,
2335 2420 2401 2480 deß
2433 2407 2529 2467 lhoer
2563 2388 2708 2448 Richts
2724 2359 3049 2419 anzumelden
3081 2341 3243 2401 welches

2036 2532 2138 2592 Ihre
2171 2521 2206 2581 in
2240 2508 2444 2568 autwert
2460 2490 2648 2550 bedeiket
2666 2472 2854 2532 werden.
