4032 3024
461 329 554 389 20f

685 406 869 466 Erlach.
901 379 985 439 Auß
1036 350 1316 410 Ihrenschaiben
1367 341 1534 401 habindt
1551 353 1718 413 Mesch¬

743 480 941 540 Vursehen
967 454 1126 514 gehabt,
1152 440 1218 500 wie
1244 433 1311 493 daß
1363 426 1483 486 Aine
1522 425 1655 485 Mang¬

441 524 542 584 heub:
554 512 632 572 knne
644 503 711 563 Men

735 569 853 629 lübi
867 556 942 616 vton
971 531 1223 591 Mütheir
1266 509 1326 569 der
1341 500 1502 560 schlech-
1533 498 1622 558 undt

446 602 558 662 Jampen
571 585 706 645 Heinrich.

740 639 917 699 schändung
943 621 1052 681 halbt
1093 602 1297 662 beklaget
1350 591 1527 651 Heinrich
1540 593 1677 653 tsampen

711 735 774 795 den
800 718 953 778 Spinn,
966 704 1055 764 undt
1081 695 1158 755 Ihre
1195 684 1425 744 lehrmeister
1490 679 1642 739 selcher

723 812 802 872 aber
836 797 1018 857 ohngeaicht
1052 782 1257 842 gehaltene
1314 765 1632 825 Confrontation

717 890 996 950 alleßregirt.
1019 869 1193 929 hierüber
1204 855 1299 915 aus
1321 845 1437 905 wolin
1496 836 1519 896 e
1541 830 1623 890 MeH

720 984 794 1044 Ihm
823 964 1094 1024 auffgetagen
1123 939 1316 999 haben,
1348 926 1407 986 die
1436 918 1556 978 heibn
1570 911 1675 971 umb

738 1074 790 1134 die
803 1063 937 1123 Itogue
963 1052 1017 1112 der
1044 1038 1243 1098 geklagten
1284 1022 1523 1082 Oiolatione
1577 1013 1751 1073 hube¬

741 1158 878 1218 flagen
947 1140 1057 1200 umbt
1085 1134 1112 1194 zu
1140 1126 1305 1186 wüßen,
1318 1120 1361 1180 ob
1388 1118 1442 1178 sie
1457 1109 1677 1169 schwanger

756 1249 837 1309 seye
885 1230 979 1290 fahl
1027 1218 1110 1278 aber
1156 1212 1251 1272 keine
1274 1201 1663 1261 schwengerschaffte

723 1326 927 1386 vrsalnden
961 1303 1081 1363 börren
1116 1295 1234 1355 Ihnens
1270 1288 1423 1348 hamper
1457 1279 1490 1339 zu
1543 1254 1783 1314 dersunder¬

755 1405 949 1465 schuelich
977 1395 1089 1455 mahlen
1116 1376 1493 1436 Stosshordtlicht
1534 1331 1772 1391 zubeschiben,

728 1492 902 1552 gesehet
922 1477 1020 1537 fedi
1058 1466 1156 1526 hat
1175 1456 1273 1516 ihne
1293 1447 1372 1507 zus
1391 1421 1743 1481 allistung¬

758 1569 982 1629 setalted
1026 1548 1160 1608 onit
1206 1537 1228 1597 s
1250 1530 1340 1590 sel
1362 1518 1474 1578 sein
1517 1499 1607 1559 talt
1629 1477 1741 1537 abeß

753 1657 977 1717 Gottend
1007 1645 1082 1705 der
1097 1638 1202 1698 Ruth
1231 1621 1500 1681 heibgestelt
1544 1600 1590 1660 eie
1619 1584 1739 1644 deßen

752 1749 827 1809 Sie
842 1744 977 1804 hieit
994 1731 1340 1791 uiderantkottlich
1355 1705 1520 1765 berichtes
1537 1673 1732 1733 verdinder

742 1834 896 1894 Ihne
910 1828 1007 1888 gantz
1021 1824 1202 1884 Eerschafft
1218 1818 1302 1878 umb
1329 1812 1386 1872 die
1413 1801 1581 1861 vorheit
1594 1776 1778 1836 zubesregen

762 1925 889 1985 gsonden
900 1918 947 1978 ach
1003 1912 1062 1972 en
1073 1909 1154 1969 gnädige
1177 1905 1258 1965 Heren
1269 1897 1452 1957 erichten.
1476 1887 1510 1947 b.
1533 1872 1683 1932 zumahle
1706 1850 1751 1910 die

773 1985 865 2045 theib,
880 1984 933 2044 bey
946 1982 1001 2042 der
1014 1981 1108 2041 festen
1121 1974 1295 2034 Siolatin
1308 1966 1376 2026 Ihre
1402 1959 1470 2019 Kag
1483 1949 1577 2009 hette
1590 1935 1671 1995 fehe,
1684 1922 1750 1982 undt

800 2037 868 2097 Die
888 2032 1052 2092 geklagte
1072 2026 1140 2086 that
1159 2023 1227 2083 neit
1236 2019 1314 2079 Ihue
1333 2013 1431 2073 teibs
1441 2002 1538 2062 sollen

744 2101 945 2161 Lentzburg
987 2096 1105 2156 Pras.
1126 2091 1402 2151 Alßunderen
1488 2074 1530 2134 18
1551 2064 1626 2124 Xb.
1637 2047 1732 2107 1730

743 2185 831 2245 Vor
842 2180 1022 2240 MHHr
1044 2177 1211 2237 elanget
1233 2174 1289 2234 der
1311 2163 1568 2223 Consistorial
1612 2129 1735 2189 handel

771 2265 1021 2325 entwühen,
1049 2266 1113 2326 dem
1167 2263 1259 2323 Edlen
1285 2259 1352 2319 H.
1378 2248 1575 2308 Fidenrich
1588 2228 1681 2288 Son

484 2290 656 2350 Grallisch
678 2283 689 2343 H

758 2344 980 2404 Gralliscth,
994 2345 1063 2405 von
1090 2345 1160 2405 lieb
1174 2345 1340 2405 Eegundt
1354 2332 1547 2392 Flisabetch
1576 2295 1729 2355 freuder

552 2355 698 2415 Fidnrich

477 2430 761 2490 henderfElisebtch
794 2431 857 2491 Ven
874 2434 1111 2494 Gtermiher,
1127 2436 1269 2496 welchen
1302 2429 1398 2489 auch
1413 2421 1475 2481 das
1493 2408 1586 2468 Ihue
1635 2372 1761 2432 Mono

771 2516 807 2576 se
846 2517 978 2577 Jender
1014 2519 1053 2579 zu
1071 2522 1239 2582 geignete
1257 2521 1371 2581 kadt
1389 2512 1464 2572 alß
1482 2482 1746 2542 ohnehleche

3077 226 3225 286 Rhl.

2021 311 2261 371 zugesprochen
2277 293 2406 353 worden,
2422 292 2472 352 ist
2503 292 2567 352 hene
2583 295 2648 355 H.
2664 297 2712 357 von
2743 304 2985 364 Gatischauß
3017 310 3083 370 dem
3114 309 3194 369 hls

2015 405 2232 465 gehalteten
2274 383 2548 443 Considerationen
2576 385 2620 445 der
2635 387 2764 447 ferener
2793 391 2967 451 umbgang
2981 391 3052 451 mit
3066 389 3125 449 der

2024 472 2486 532 frenderuneundlich,
2503 470 2627 530 ohnse,
2644 474 2716 534 daß
2734 477 2823 537 nar
2840 479 3143 539 intemaligen

2011 576 2162 636 schriben
2194 555 2316 615 freueher
2331 551 2484 611 einermh
2499 555 2638 615 gethar,
2668 562 2806 622 Jetisit
2836 566 2990 626 lerden,
3022 558 3128 618 Wie

2023 667 2106 727 nun
2120 659 2150 719 so
2178 654 2261 714 wohl
2304 648 2500 708 deßelben
2514 646 2613 706 Edle
2640 646 2809 706 Eltern,
2838 645 2907 705 alß
2935 638 3216 698 hochansehenliche

2026 752 2212 812 oderliche
2239 730 2653 790 antrebendtschafft
2681 727 2748 787 mit
2761 727 2907 787 sondern
2974 722 3082 782 Ihrem

2028 843 2286 903 hertzenledt
2311 827 2402 887 undt
2428 823 2506 883 auß
2544 820 2687 880 bysors
2738 818 2764 878 Er
2791 816 2907 876 möchte
2945 811 3010 871 Ein
3036 800 3190 860 Mreytes

2029 945 2223 1005 ohnglucb
2252 920 2613 980 darubentsehen,
2640 917 2779 977 wehrn
2806 916 2974 976 eüeste,
2988 909 3099 969 talß

2032 1045 2199 1105 habendt
2225 1025 2379 1085 dieselben
2405 1018 2417 1078 1
2495 1009 2740 1069 Vorbarung
2766 1004 2817 1064 deß
2830 1003 2855 1063 e
2882 1001 2946 1061 Min
2959 998 3062 1058 gnädigen
3075 993 3166 1053 Herer

2016 1141 2146 1201 gantz
2162 1120 2458 1180 angelegetlichst
2474 1108 2655 1168 ersucht,
2672 1103 2770 1163 Wach
2804 1100 2887 1160 vnr
2919 1097 2935 1157 s
3018 1092 3167 1152 pref.

2028 1227 2357 1287 auffzutragen,
2394 1207 2492 1267 von
2540 1197 2735 1257 pflichts
2747 1191 2871 1251 wegen
2907 1181 3250 1241 austzuteagen,

2030 1333 2119 1393 Ine
2159 1319 2210 1379 E.
2223 1311 2288 1371 von
2313 1299 2544 1359 Sraviseth
2571 1285 2789 1345 allerfeuer
2842 1273 3100 1333 umbgang
3138 1258 3201 1318 unt

2045 1423 2109 1483 der
2136 1412 2277 1472 hrender
2316 1402 2381 1462 bey
2406 1394 2459 1454 der
2484 1389 2523 1449 In
2550 1384 2613 1444 der
2626 1375 2833 1435 Oordnung
2860 1363 3014 1423 gesetzter
3040 1353 3249 1413 Commuation

2058 1517 2104 1577 zu
2134 1512 2243 1572 Inti
2259 1502 2398 1562 bilan.
2428 1491 2461 1551 4.
2476 1485 2537 1545 daß
2568 1471 2724 1531 derselbe
2740 1459 2801 1519 die
2816 1448 2956 1508 Jrender
2988 1432 3219 1492 Ludermeben

2049 1576 2323 1636 frequentire

2058 1718 2239 1778 Wardt
2265 1708 2317 1768 der
2356 1699 2472 1759 erl.
2499 1684 2666 1744 herlöder
2693 1672 2744 1732 die
2770 1661 2913 1721 Weyte
2939 1646 3120 1706 Citation
3158 1636 3249 1696 wider

2057 1811 2128 1871 H.
2146 1807 2273 1867 Jacob
2311 1795 2491 1855 Genlode
2529 1779 2600 1839 hen
2638 1765 2764 1825 erl.
2782 1752 2853 1812 von
2891 1740 2980 1800 heit
3000 1724 3180 1784 überacht

1845 1799 1913 1859 ater
1923 1796 2011 1856 s.

1865 1867 1889 1927 4
1911 1860 1992 1920 Jacob

2050 1910 2111 1970 tag
2161 1895 2409 1955 zuerscheinen
2433 1880 2644 1940 ertheilt:

2053 2091 2235 2151 Maria
2273 2080 2442 2140 Buchtes
2467 2062 2674 2122 stelltnun
2700 2048 2765 2108 zud
2804 2030 3076 2090 Kundtschafft
3102 2018 3256 2078 Rudolff

2075 2187 2228 2247 Makro
2266 2176 2342 2236 von
2394 2159 2584 2219 Seeigen,
2622 2136 2825 2196 Jehannes
2863 2114 3041 2174 Wilhelm
3066 2103 3207 2163 Apell

1859 2201 2005 2261 verläblff

1863 2269 1896 2329 ver
1907 2268 2021 2328 Johannß
2065 2263 2156 2323 Von
2224 2251 2382 2311 Erlochen
2393 2238 2575 2298 Margreth
2620 2220 2766 2280 Mäder
2800 2207 2880 2267 von
2924 2191 3186 2251 Mühlenberg,
3197 2179 3275 2239 undt

2092 2350 2200 2410 Anna
2279 2333 2482 2393 Baobara
2512 2311 2715 2371 heiseman
2794 2291 2886 2351 Ban
2919 2275 3183 2335 zuverlaben

1876 2324 2013 2384 Willhelm

1869 2388 1898 2448 v.
1927 2398 2045 2458 Magrt.

2092 2439 2370 2499 Vorkahfnung
2386 2424 2436 2484 an
2468 2414 2551 2474 den
2583 2400 2730 2460 Eesten
2762 2386 2813 2446 ob
2861 2371 3026 2431 Ernicht
3042 2358 3205 2418 zeigen

1867 2467 1954 2527 Man
1967 2480 2067 2540 Aonna

2083 2521 2242 2581 höüre,
2273 2517 2338 2577 daß
2385 2509 2512 2569 Ermit
2546 2497 2593 2557 der
2624 2480 2832 2540 Klägerin
2865 2458 2959 2518 Von
3008 2444 3071 2504 dem
3120 2427 3312 2487 beklaßen

1892 2536 2058 2596 Barbarn.

2085 2592 2436 2652 hinaußgangen,
2461 2575 2617 2635 übrigen
2643 2563 2746 2623 solle
2773 2553 2825 2613 Er
2838 2546 2941 2606 alleß
2994 2526 3188 2586 zeügen,
3214 2511 3278 2571 wes

2087 2671 2124 2731 Er
2149 2664 2342 2724 gesehen:
