4032 3024
448 341 533 401 242
550 331 603 391 f.

462 1202 612 1262 Kanah
631 1198 725 1258 fte

708 369 964 429 Vorfnung
979 350 1023 410 an
1040 344 1099 404 den
1144 332 1384 392 Wilfelnn,
1401 334 1446 394 ob
1475 338 1505 398 Er
1521 346 1596 406 mit
1610 367 1731 427 heigen

706 463 845 523 keine,
858 449 932 509 daß
971 437 1009 497 Es
1034 429 1096 489 bey
1123 420 1197 480 Ihra
1235 414 1286 474 ein
1324 412 1437 472 betts
1475 421 1614 481 gelegen

699 574 767 634 V.
803 562 837 622 d.
871 553 905 613 in
924 544 991 604 die
1008 532 1146 592 Mie
1180 518 1370 578 Peosehen,
1387 517 1455 577 ist
1474 518 1542 578 der
1559 524 1680 584 besten

720 645 820 705 glich

732 750 1110 810 GegenVorpifnung
1139 726 1185 786 an
1215 722 1305 782 alle
1334 722 1381 782 ob
1427 732 1697 792 Sieheugen

735 845 920 905 kenden,
941 828 1004 888 daß
1065 817 1108 877 he
1129 808 1233 868 toas
1253 797 1583 857 ohngebehlihe
1606 805 1708 865 mit

734 932 800 992 Ihr
852 910 1088 970 begangen,
1101 894 1180 954 Item
1258 885 1299 945 ob
1324 882 1363 942 Er
1390 880 1508 940 nicht
1533 881 1665 941 allein

730 1004 925 1064 schlöffen
954 984 1104 1044 gangen

739 1138 917 1198 Verfoste
957 1130 1045 1190 sagt
1072 1125 1135 1185 auß
1187 1120 1250 1180 der
1263 1115 1442 1175 Nomang
1493 1111 1583 1171 habe
1608 1108 1710 1168 seinen

747 1225 1099 1285 voraußgesoget,
1126 1215 1211 1275 undt
1224 1210 1309 1270 seye
1352 1204 1393 1264 zu
1422 1199 1521 1259 erst
1534 1193 1605 1253 ind
1619 1186 1703 1246 bett

737 1315 877 1375 gangen
942 1313 1028 1373 undt
1049 1309 1103 1369 Sie
1135 1302 1243 1362 gleich
1275 1289 1480 1349 hernach,
1491 1277 1533 1337 da
1566 1272 1608 1332 sie
1631 1267 1727 1327 dann

744 1397 844 1457 beyde
890 1392 1003 1452 dochen
1048 1379 1330 1439 eübernachtet,
1363 1365 1409 1425 Er
1443 1354 1578 1414 gezeug
1612 1341 1713 1401 haben

755 1472 807 1532 Sie
839 1466 933 1526 beyde
964 1461 1005 1521 am
1048 1456 1193 1516 morgen
1236 1451 1350 1511 under
1381 1445 1444 1505 der
1475 1439 1559 1499 deke
1580 1426 1737 1486 ligende

750 1546 877 1606 gesehen
936 1540 1005 1600 der
1040 1535 1214 1595 Aomang
1261 1526 1342 1586 habe
1387 1518 1493 1578 Einen
1516 1509 1644 1569 Rausch
1667 1498 1794 1558 gehabte

747 1634 789 1694 Er
810 1632 936 1692 gezeug
957 1627 1052 1687 undt
1073 1621 1136 1681 der
1156 1612 1304 1672 Apell
1325 1598 1483 1658 sambt
1505 1587 1557 1647 der
1588 1576 1788 1636 Heuselmann

773 1719 864 1779 seyn
890 1713 981 1773 auff
995 1707 1125 1767 gleichen
1165 1697 1256 1757 bett
1281 1686 1425 1746 gelegen
1504 1669 1542 1729 zu
1569 1647 1764 1707 verhabendt

763 1798 816 1858 Sie
842 1795 870 1855 in
896 1792 962 1852 H.
989 1786 1137 1846 bosethe
1163 1779 1310 1839 Keller
1336 1763 1563 1823 getruuken
1616 1726 1749 1786 syndt

764 1871 1069 1931 außbeschloßen
1108 1864 1268 1924 worden,
1308 1846 1560 1906 deßtegen
1586 1822 1640 1882 Sie
1666 1806 1733 1866 nit

758 1946 1202 2006 Grittlichaußgangen

736 2073 892 2133 Apell
920 2074 1034 2134 sagt,
1048 2073 1091 2133 br
1105 2071 1177 2131 sye
1205 2066 1333 2126 sambt
1361 2057 1418 2117 dem
1474 2039 1616 2099 Waber
1630 2023 1660 2083 in
1674 2003 1803 2063 das¬

766 2159 1066 2219 stohsheistlun
1081 2154 1208 2214 kammen
1239 2146 1333 2206 nach
1366 2137 1429 2197 der
1445 2123 1554 2183 hand
1571 2103 1650 2163 seye
1681 2080 1744 2140 der

751 2239 908 2299 Pomang
937 2237 1066 2297 sambt
1096 2236 1153 2296 der
1181 2233 1340 2293 Kreyroin
1369 2222 1455 2282 auch
1484 2203 1599 2263 kommen
1613 2172 1728 2232 undte

774 2316 849 2376 noch
892 2311 1055 2371 Einzeith
1072 2312 1161 2372 lang
1190 2312 1412 2372 trmben,
1441 2294 1621 2354 worauff
1650 2260 1710 2320 die

776 2400 865 2460 Hauß
903 2396 1031 2456 freuw
1068 2396 1169 2456 auff
1196 2396 1246 2456 Ein
1272 2395 1374 2455 betts
1399 2387 1601 2447 gelegen,
1628 2360 1754 2420 welchen

778 2481 843 2541 der
858 2477 1019 2537 Monang
1051 2481 1259 2541 gefolget,
1292 2485 1355 2545 wie
1373 2482 1453 2542 auch
1469 2474 1532 2534 die
1549 2451 1726 2511 Erichser

1847 1977 1922 2037 behat
1946 1984 2021 2044 benne

3066 223 3157 283 243

2021 341 2087 401 Alß
2120 325 2199 385 diese
2232 312 2344 372 lester
2377 307 2432 367 ins
2456 305 2555 365 bett
2577 305 2757 365 kommen,
2768 307 2902 367 worann
2924 307 2979 367 Sie
3001 304 3102 364 undes

2028 424 2088 484 dem
2137 402 2308 462 debbett
2332 389 2515 449 gelegen,
2553 386 2638 446 habe
2674 386 2724 446 der
2748 386 2980 446 Romangsich
2992 385 3090 445 kehrt

2023 506 2104 566 und
2133 494 2188 554 mit
2215 486 2271 546 Ihr
2312 477 2490 537 HuHH.
2518 473 2642 533 gredt.
2655 474 2836 534 Überigent
2863 476 2933 536 seye
2960 478 3014 538 des
3028 481 3179 541 Romang

2014 591 2088 651 mit
2117 574 2251 634 trueben
2282 562 2522 622 gelesen:

2013 712 2223 772 Margorth
2249 689 2471 749 Mädersagt
2498 681 2547 741 der
2571 676 2720 736 Romang
2758 672 2820 732 seye
2856 670 2895 730 zu
2907 667 2994 727 erst
3007 663 3092 723 auff

2014 814 2082 874 dem
2138 795 2232 855 Benk
2274 776 2492 836 gelegen,
2520 767 2684 827 worauff
2698 764 2751 824 Er
2767 763 2821 823 sich
2848 761 2888 821 an
2903 759 2971 819 Ein
2998 755 3150 815 Erggl.

2025 891 2121 951 auff
2168 878 2275 938 betth
2310 869 2406 929 neben
2417 865 2466 925 Ihr
2489 861 2608 921 Kindt
2632 857 2727 917 undt
2764 853 2918 913 Mutter
2942 848 3098 908 gelegt

2032 969 2188 1029 darnach
2210 958 2278 1018 seye
2311 950 2401 1010 auch
2435 944 2491 1004 der
2513 938 2692 998 Fuchser
2727 934 2839 994 auffs
2861 932 2951 992 betth
2962 931 3085 991 gelegen

2012 1080 2077 1140 der
2117 1056 2313 1116 Nomang
2352 1039 2456 1099 habe
2484 1033 2563 1093 schon
2614 1023 2876 1083 geschloffen,
2902 1016 2968 1076 alß
3019 1008 3098 1068 Sie

2028 1149 2195 1209 kommen,
2223 1139 2287 1199 Sie
2324 1131 2417 1191 habe
2473 1123 2538 1183 die
2566 1116 2676 1176 gantze
2705 1109 2825 1169 nacht
2843 1101 2946 1161 dar
2964 1094 3085 1154 liecht

2037 1241 2184 1301 gehabt
2210 1227 2291 1287 undt
2304 1218 2397 1278 nicht
2425 1207 2611 1267 gesehen,
2638 1200 2705 1260 daß
2746 1196 2798 1256 Er
2813 1193 2945 1253 under
2986 1189 3053 1249 dem

2046 1331 2244 1391 dabbett
2267 1313 2430 1373 gelegen

2033 1464 2210 1524 Barbara
2275 1440 2551 1500 Heüselmann
2628 1428 2749 1488 sagt,
2760 1423 2815 1483 die
2837 1417 2980 1477 übrigen
3024 1405 3135 1465 haben

2033 1547 2172 1607 geßen
2230 1531 2323 1591 undt
2334 1523 2508 1583 trunken
2601 1516 2648 1576 sie
2671 1513 2763 1573 aber
2775 1509 2845 1569 seye
2902 1501 3006 1561 auff
3053 1485 3168 1545 betth

2053 1615 2273 1675 gangen,
2283 1604 2346 1664 alß
2389 1599 2451 1659 Sie
2473 1594 2651 1654 erwehrt
2692 1587 2829 1647 seyndt
2860 1579 2913 1639 die
2955 1569 3081 1629 beydt
3092 1552 3229 1612 andern

2029 1693 2149 1753 neben
2171 1686 2259 1746 Ihra
2314 1677 2522 1737 gelegen,
2555 1671 2621 1731 der
2653 1664 2818 1724 Romang
2840 1655 2928 1715 und
2972 1647 3015 1707 die
3048 1634 3213 1694 Fuchter

2019 1778 2186 1838 seyendt
2215 1766 2271 1826 bey
2312 1757 2369 1817 Ein
2383 1750 2481 1810 ander
2508 1744 2692 1804 gelegen.

2031 1945 2147 2005 Anna
2194 1933 2414 1993 Buckhart
2439 1921 2543 1981 sagt
2567 1912 2660 1972 auß,
2683 1904 2742 1964 alß
2788 1896 2847 1956 Sie
2882 1886 3022 1946 Müsche
3045 1876 3114 1936 tag
3139 1869 3231 1929 undt

2048 2018 2294 2078 dachtnacher
2330 2012 2389 2072 hat
2412 2008 2435 2068 ß
2472 2001 2601 2061 kommen
2683 1985 2777 2045 habe
2824 1974 2895 2034 Sie
2918 1968 2990 2028 diese
3025 1956 3224 2016 Persohnen

2059 2105 2236 2165 sämbtl.
2258 2099 2348 2159 dort
2359 2082 2660 2142 angetroffen,
2671 2063 2748 2123 undt
2771 2051 2882 2111 beyde
2916 2038 3026 2098 neben
3037 2031 3127 2091 Ihra

2046 2191 2096 2251 im
2135 2184 2490 2244 bettgrta,
2504 2167 2542 2227 im
2579 2155 2695 2215 betth
2733 2137 2886 2197 habind,
2898 2125 2948 2185 Sie
2975 2118 3077 2178 aber
3102 2112 3228 2172 nichtt

2036 2281 2376 2341 ohngebihrliches
2393 2259 2573 2319 gethane
2608 2236 2733 2296 wohl
2750 2219 2858 2279 aber
2877 2205 2965 2265 habe
2985 2197 3037 2257 Er
3072 2192 3145 2252 die

2031 2375 2231 2435 Klagen
2253 2365 2388 2425 auff
2410 2354 2475 2414 den
2497 2342 2610 2402 bemb
2632 2322 2832 2382 gesehen,
2854 2303 2944 2363 und
2988 2288 3100 2348 habe
3122 2278 3213 2338 Ie¬

2054 2458 2221 2518 dukt,
2237 2452 2289 2512 Er
2322 2444 2406 2504 seye
2439 2435 2540 2495 auff
2573 2424 2658 2484 Ihae
2691 2413 2809 2473 undt
2825 2401 2910 2461 siye
2926 2393 2978 2453 ab
3011 2384 3112 2444 Ihre
