4032 3024
436 356 502 416 244
528 352 568 412 s.

461 2425 608 2485 Ahstohr
621 2419 709 2479 daniel

704 378 894 438 gestigen,
912 353 1006 413 seye
1039 335 1136 395 wohr,
1151 327 1214 387 daß
1263 320 1295 380 Er
1310 318 1357 378 sie
1391 319 1550 379 braucht
1581 330 1677 390 laben

712 474 757 534 si
788 458 881 518 aber
912 439 990 499 habe
1020 419 1191 479 gemeint
1206 409 1252 469 sie
1284 404 1361 464 siyen
1393 408 1625 468 Versprochene
1640 429 1734 489 Ehrn

700 545 913 605 shethundt
931 517 1056 577 olaute
1093 501 1255 561 Ernach.

702 684 775 744 Ist
804 667 920 727 beket
950 651 1007 711 Er,
1038 639 1080 699 so
1111 627 1198 687 habe
1212 618 1255 678 sie
1269 613 1328 673 ein
1342 608 1576 668 Einigmahl
1605 615 1649 675 am

701 766 768 826 S.
794 751 953 811 Johannß
994 732 1059 792 Tag
1087 714 1272 774 draußen
1313 699 1352 759 im
1392 689 1726 749 Strohtsheistl.

727 838 757 898 im
787 831 878 891 bett
909 815 1141 875 beschlaffen,
1161 793 1323 853 glaube
1353 779 1434 839 aber
1454 773 1564 833 nicht
1596 767 1726 827 Vatter

725 917 785 977 daß
832 902 955 962 Kindts
970 890 1095 950 zucheim
1155 876 1203 936 sie
1218 868 1325 928 sagt,
1340 861 1403 921 sie
1418 856 1495 916 seye
1510 848 1696 908 ingleiher

745 993 864 1053 nacht,
887 989 923 1049 vo
946 984 995 1044 die
1006 973 1184 1033 sambtl.
1196 961 1219 1021 ob
1244 945 1506 1005 vernambsete
1564 933 1600 993 in
1625 932 1683 992 den

732 1082 865 1142 heisch
900 1067 1066 1127 gelesen,
1084 1055 1150 1115 sch
1166 1043 1318 1103 wanger
1335 1023 1519 1083 wberden.

725 1239 919 1299 Rudolff
948 1220 1088 1280 Wakeo
1115 1208 1199 1268 Von
1228 1197 1395 1257 Kenger
1408 1187 1534 1247 sagt
1562 1183 1618 1243 Er
1631 1180 1742 1240 haben

746 1323 792 1383 der
815 1313 932 1373 Anna
989 1294 1163 1354 Barbara
1220 1276 1428 1336 Husamann
1464 1265 1568 1325 Son
1591 1258 1740 1318 Interlab

742 1393 917 1453 aufreht
942 1380 1029 1440 undt
1055 1368 1206 1428 Redtlich
1231 1359 1294 1419 die
1318 1353 1369 1413 Ehe
1393 1339 1695 1399 versprochen.

744 1487 848 1547 son.
865 1471 987 1531 sollen
1023 1460 1074 1520 die
1093 1453 1181 1513 Ehe
1232 1440 1424 1500 bißauff
1441 1417 1720 1477 künfftigen

759 1574 898 1634 Vosten
915 1549 1142 1609 bezeuchen.

766 1690 1005 1750 betreffendt
1043 1670 1094 1730 die
1118 1662 1233 1722 Anna
1270 1649 1510 1709 Burkhant:
1536 1637 1624 1697 Cogt.
1637 1628 1725 1688 solle

759 1781 810 1841 sich
824 1768 928 1828 alleß
966 1744 1357 1804 hinzugemüeßiger,
1369 1728 1526 1788 sonsten
1538 1718 1589 1778 bey
1617 1703 1733 1763 fester

733 1859 885 1919 Kand
906 1842 1124 1902 sleachs
1145 1831 1297 1891 Keisen
1340 1820 1470 1880 Magsh
1491 1806 1601 1866 lede
1622 1783 1774 1843 wedt

749 1938 873 1998 werde,
886 1932 994 1992 undt
1010 1925 1091 1985 soll
1118 1921 1160 1981 sie
1187 1914 1324 1974 bißam
1365 1892 1639 1952 Mantagaben
1668 1860 1763 1920 Ihren

759 2023 888 2083 Tochter
914 2014 1119 2074 Margieth
1145 2003 1261 2063 Mäder
1299 1985 1558 2045 dazumahlen
1596 1955 1791 2015 auch¬

754 2104 953 2164 erscheine,
972 2098 1054 2158 undt
1089 2096 1187 2156 über
1206 2093 1271 2153 das
1288 2088 1355 2148 sie
1372 2075 1573 2135 menhern
1589 2052 1639 2112 dae
1655 2026 1791 2086 bege¬

750 2189 885 2249 samer
923 2183 960 2243 zu
985 2179 1209 2239 gebührende
1233 2173 1419 2233 remedus
1469 2150 1743 2210 verklagete

747 2276 910 2336 leder.

771 2387 923 2447 Aant
949 2385 1005 2445 der
1032 2384 1141 2444 Ohter
1169 2382 1238 2442 bey
1279 2379 1321 2439 der
1348 2371 1499 2431 Nauben
1526 2342 1773 2402 brugkedanck

755 2464 943 2524 Gchbecher
975 2465 1054 2525 mit
1085 2465 1179 2525 Einer
1196 2462 1305 2522 guten
1336 2448 1605 2508 Remonistharz
1635 2409 1777 2469 eleser

3038 236 3125 296 247

2013 306 2123 366 Albes
2150 286 2219 346 fin
2246 272 2438 332 Einkommen
2451 268 2587 328 schriben
2601 269 2656 329 von
2683 274 2833 334 Wohlen,
2862 283 3094 343 betreffende

2051 388 2143 448 Anne
2190 366 2374 426 Bollinger,
2385 360 2419 420 so
2442 358 2489 418 der
2501 358 2766 418 schwängerung
2800 361 2880 421 halb
2904 361 3065 421 beklagt

1805 470 1854 530 ge
1903 417 2055 477 elbe

2037 466 2213 526 bedacht
2226 451 2348 511 kanmet,
2376 446 2444 506 soll
2484 443 2674 503 erwartet
2702 444 2824 504 werde,
2837 445 2892 505 biß
2932 444 2987 504 sich
3013 440 3177 500 Jehmandt

1815 552 1839 612 s

2022 549 2171 609 angeben
2187 527 2321 587 wede.

1870 576 1972 636 .

2070 703 2172 763 durch
2201 682 2247 742 fin
2276 666 2409 726 Schribz
2438 654 2496 714 von
2525 649 2571 709 St
2600 646 2733 706 Gallen
2777 644 2895 704 Lue
2924 646 3041 706 Meh.
3057 647 3203 707 berichet

1823 857 1966 917 se
2022 812 2053 872 e
2223 768 2251 828 e
2682 722 2769 782 e
2825 721 2912 781 e
2940 721 2999 781 e
3082 724 3114 784 i
3142 726 3229 786 er

1805 768 2021 828 gereheltch

2031 868 2210 928 Hlßbeth
2234 838 2402 898 Wenger
2413 827 2437 887 so
2461 822 2533 882 wohl
2569 814 2616 874 der
2640 808 2737 868 Ehre,
2749 804 2808 864 alß
2844 796 3083 856 schwängerung
3108 789 3178 849 halb

2047 950 2202 1010 beklagt
2227 930 2318 990 auff
2344 917 2435 977 heut
2474 906 2564 966 dato
2604 897 2667 957 die
2682 889 2849 949 Citation
2887 881 3056 941 angebegt,
3082 878 3198 938 welcher

2035 1036 2131 1096 aucfh
2148 1015 2377 1075 zuerschein
2410 989 2655 1049 versprochen,
2688 974 2770 1034 aber
2786 967 2901 1027 Erist
2917 964 2966 1024 it
2982 962 3196 1022 erschinnen,

2028 1126 2129 1186 Aol.
2151 1098 2376 1158 verschoben,
2399 1077 2459 1137 bß
2480 1065 2644 1125 zehrand
2666 1055 2747 1115 sich
2767 1049 2891 1109 selle
2914 1043 2995 1103 lied

2026 1294 2175 1354 Gedul
2209 1287 2255 1347 an
2301 1275 2530 1335 MenHe
2553 1256 2816 1316 Hhaubtmann
2874 1234 3148 1294 Willadinge

2038 1381 2126 1441 Ihne
2158 1360 2422 1420 windermahler
2456 1341 2674 1401 ersuchen,
2696 1334 2762 1394 den
2784 1328 2884 1388 Hanß
2927 1319 3037 1379 Rupp
3070 1307 3158 1367 von

2043 1456 2255 1516 Hirweil,
2277 1441 2413 1501 welchem
2446 1431 2636 1491 Farbara
2715 1418 2917 1478 Hibacher
2961 1408 2995 1468 so
3017 1402 3107 1462 wohl
3129 1390 3243 1450 Vor¬

1829 1480 1976 1540 Supphauß

2072 1541 2123 1601 Est
2143 1535 2175 1595 in
2206 1530 2268 1590 der
2289 1515 2609 1575 genßtunder
2639 1499 2898 1559 gnugsammer
2939 1479 3219 1539 Examnation

1839 1567 1927 1627 vehr
1943 1559 2062 1619 bekban¬

2043 1632 2142 1692 laut
2176 1618 2376 1678 Einkannen
2431 1606 2576 1666 beichte
2611 1600 2677 1660 von
2721 1589 2988 1649 Gegenstorff
3034 1575 3122 1635 über

2040 1728 2155 1788 dieser
2190 1714 2293 1774 blag
2327 1704 2454 1764 surdt
2477 1695 2649 1755 stoße,
2672 1688 2719 1748 und
2741 1685 2799 1745 ein
2810 1680 2902 1740 gnädigen
2914 1672 3017 1732 Herren
3029 1664 3097 1724 deß

2053 1819 2211 1879 herauß
2257 1793 2446 1853 kommende
2476 1781 2650 1841 berichte
2682 1767 2933 1827 zuleßen.
