4032 3024
436 342 608 402 246f.

448 1097 558 1157 hages
575 1083 654 1143 hauß

464 1166 749 1226 GangElstets

458 1522 569 1582 Anach
582 1512 611 1572 de
638 1506 749 1566 odung

472 1811 607 1871 Balley
637 1808 749 1868 Maria

558 1879 729 1939 Madler.

469 1960 653 2020 Himmerl.
666 1963 777 2023 Frö¬

856 349 1126 409 Montags
1161 327 1210 387 d.
1228 321 1329 381 11t.
1361 325 1564 385 Januari
1599 355 1718 415 173

1076 442 1281 502 Prases.

762 593 882 653 Men
914 579 1005 639 ge
1049 560 1186 620 rib.
1215 546 1291 606 von
1337 535 1609 595 Mühlenen

1059 651 1337 711 Hessorid.

794 785 895 845 Vr
934 774 995 834 .
1056 761 1115 821 d.
1137 750 1277 810 lase.
1338 739 1378 799 in
1419 734 1740 794 Jallesesatrno

723 976 830 1036 Kiche
966 964 1025 1024 ne
1057 957 1162 1017 Hrrn
1178 946 1329 1006 Habindt
1344 938 1406 998 deß
1451 930 1542 990 Hanß
1587 923 1708 983 Jager

748 1066 824 1126 von
839 1056 1038 1116 Afflingen
1070 1043 1162 1103 Ihro
1192 1030 1393 1090 Kilchhor
1453 1008 1684 1068 vorhabent

755 1146 832 1206 Ehe,
844 1141 877 1201 so
899 1136 978 1196 schon
1011 1128 1112 1188 mehr
1146 1118 1213 1178 alß
1247 1109 1337 1169 Bod
1370 1096 1515 1156 wegen
1549 1081 1672 1141 Jahren

744 1225 972 1285 verbundet
997 1205 1125 1265 worder
1162 1194 1251 1254 mit
1290 1179 1493 1239 Elßbeth
1543 1159 1760 1219 Göng¬

742 1310 826 1370 von
870 1289 1157 1349 Bätterkinden
1243 1265 1489 1325 bestätiget
1520 1253 1552 1313 so
1573 1244 1712 1304 fehr¬

756 1374 941 1434 nemblich
963 1364 1150 1424 derselbe
1184 1356 1242 1416 die
1276 1344 1555 1404 Versprochen
1602 1326 1728 1386 Köirche

760 1453 919 1513 montus
955 1445 1237 1505 versprochere
1263 1428 1446 1488 maßen
1532 1410 1605 1470 sich
1629 1398 1790 1458 ansoßen

752 1529 832 1589 wird
861 1529 941 1589 undt
972 1523 1161 1583 vorlüehen
1192 1512 1320 1572 wirdt.

754 1721 963 1781 Tarburg.
991 1723 1143 1783 Maria
1171 1721 1325 1781 Madte
1352 1714 1491 1774 Galley
1532 1700 1603 1760 Stor
1630 1682 1742 1742 Mante

778 1829 844 1889 hab
870 1824 923 1884 voM
949 1822 987 1882 n
1014 1819 1119 1879 nädigen
1132 1815 1223 1875 Hren
1250 1813 1302 1873 der
1342 1809 1421 1869 Ehe
1474 1798 1591 1858 halb
1617 1778 1776 1838 ange¬

811 1915 943 1975 Ppohen
995 1914 1139 1974 Görg
1180 1907 1376 1967 Zimmerl.
1416 1893 1521 1953 Ihren
1546 1871 1731 1931 angehorg

789 2005 1079 2065 Wachtmeister
1103 2005 1137 2065 in
1196 2004 1264 2064 H.
1289 1999 1508 2059 Brigadieß
1555 1979 1637 2039 Von
1648 1959 1764 2019 Sotter

775 2091 966 2151 borpogl.
998 2096 1063 2156 der
1078 2097 1141 2157 Ihm
1191 2097 1285 2157 auch
1334 2090 1397 2150 dem
1460 2059 1748 2119 geständigen

777 2187 945 2247 gelesen,
959 2191 1058 2251 undt
1086 2191 1183 2251 habe
1212 2187 1296 2247 Mer
1324 2180 1394 2240 Ma
1423 2171 1507 2231 H.
1535 2146 1746 2206 angelebt

763 2279 863 2339 selbe
896 2279 930 2339 so
963 2279 1087 2339 baldt
1109 2278 1288 2338 müglich
1333 2274 1377 2334 zu
1423 2256 1735 2316 Stollziehet.

782 2381 796 2441 A
837 2386 961 2446 derelege
1004 2389 1058 2449 ne
1072 2387 1155 2447 He
1198 2380 1377 2440 henselben
1404 2371 1488 2431 auch

788 2467 861 2527 alßt
873 2470 994 2530 Ehrlich
1031 2468 1055 2528 zu
1092 2467 1261 2527 bekennet

3026 243 3170 303 247x

2014 345 2167 405 Gtandt
2192 329 2244 389 der
2257 316 2475 376 Margoeth
2500 310 2641 370 Tummer
2655 312 2783 372 Muth,
2808 318 2898 378 wider
2911 323 2988 383 Ihre
3013 336 3194 396 außge¬

2064 425 2233 485 vettenen
2284 402 2440 462 Eheinen
2505 397 2647 457 Pfeter
2674 403 2855 463 Menger
2881 411 2959 471 von
2984 421 3219 481 Rothenbah¬

1781 507 1821 567 ve
1882 459 2044 519 elen

2052 525 2076 585 so
2089 517 2138 577 sich
2150 508 2225 568 mit
2249 496 2325 556 seind
2361 488 2648 548 Stiefftochter
2685 493 2884 553 vertrabet
2921 510 3181 570 Einflufkbeitt

2043 632 2095 692 zu
2129 607 2357 667 Röthenbach
2392 592 2446 652 zu
2480 585 2674 645 verlesen
2691 585 2954 645 erthelt.
2989 599 3183 659 Adqrm.

1814 638 1871 698 se
1928 595 2043 655 en

2010 789 2268 849 Wohlen.
2282 773 2426 833 Joseff
2456 764 2599 824 Sammet
2615 758 2686 818 hat
2714 755 2931 815 bekantlich
2960 758 3217 818 seinmueßen

2068 896 2120 956 die
2146 878 2265 938 Anna
2317 856 2554 916 Bollinger
2593 845 2856 905 beschlaffen
2895 842 2935 902 zu
2974 840 3171 900 haben,

1815 916 1948 976 Hinge
1963 892 2052 952 benn

2047 976 2214 1036 glaubt
2248 959 2325 1019 aber
2348 948 2516 1008 nicht,
2538 940 2628 1000 daß
2684 936 2784 996 Ihme
2807 933 2885 993 das
2919 931 3031 991 Kindt
3053 927 3198 987 gebühr

1812 1003 2016 1063 vothofft

2047 1066 2147 1126 undt
2161 1052 2347 1112 berufft
2361 1043 2433 1103 sich
2447 1038 2548 1098 auff
2576 1027 2848 1087 diegenißt
2906 1021 3121 1081 derologen

2001 1161 2179 1221 Mege.
2209 1146 2299 1206 enen
2328 1132 2611 1192 aufgetragen
2640 1119 2759 1179 haben
2789 1111 2967 1171 wollindt,
2983 1106 3042 1166 die
3057 1100 3252 1160 bollinge¬

2020 1260 2068 1320 so
2094 1248 2154 1308 bey
2178 1232 2374 1292 Niclaus
2412 1213 2534 1273 Sahli
2572 1199 2829 1259 Kindtrlige
2866 1186 2976 1246 vill,
3001 1181 3037 1241 in
3062 1174 3235 1234 derselben

2047 1334 2136 1394 nach
2173 1320 2237 1380 der
2275 1304 2478 1364 Lordnung
2505 1292 2567 1352 de
2606 1286 2670 1346 Ao
2695 1280 2784 1340 17e2
2822 1269 3025 1329 Examinir
3077 1249 3178 1309 undt

2015 1421 2239 1481 MeHe
2294 1395 2331 1455 e
2388 1380 2612 1440 enstlich
2631 1371 2818 1431 außag
2855 1362 3024 1422 berichten
3043 1346 3249 1406 solaßer¬

2038 1636 2133 1696 St.
2164 1617 2414 1677 Ballen.
2445 1596 2555 1656 daß
2619 1581 2711 1641 Euch
2744 1568 2885 1628 Unser
2900 1557 3010 1617 eüber
3026 1549 3151 1609 Unser

2033 1727 2226 1787 hertet
2250 1712 2346 1772 hat
2370 1698 2563 1758 beliben
2586 1681 2756 1741 olle,
2779 1671 2826 1731 de
2876 1657 3069 1717 obend
3116 1641 3213 1701 Aiß

2022 1824 2105 1884 Von
2138 1805 2286 1865 Stahls
2304 1793 2404 1853 undt
2436 1781 2584 1841 welchen
2651 1764 2850 1824 Elstbth
2883 1742 3049 1802 Manger
3082 1720 3149 1780 der

1852 1801 2013 1861 Vißhrb.

2062 1903 2274 1963 Ehenndt
2295 1877 2598 1937 schwingung
2640 1858 2747 1918 halb
2768 1843 2984 1903 bklgt,
3005 1825 3197 1885 Vorbas

1847 1881 1920 1941 sege
1935 1879 2052 1939 Estbtr

2054 2006 2197 2066 Cetirn
2244 1995 2261 2055 z
2324 1979 2484 2039 laßen,
2500 1962 2611 2022 undt
2643 1942 2819 2002 selbiger
2834 1927 2913 1987 auch
2946 1909 3216 1969 zurscheinen

2056 2098 2342 2158 Woßhlohen
2363 2080 2438 2140 das
2477 2060 2648 2120 habendt
2686 2041 2782 2101 Mir
2800 2028 2878 2088 auß
2936 2012 3107 2072 Erbern

2045 2187 2549 2247 bidrentwertschreiben
2621 2146 2896 2206 deßmehren
2925 2128 3127 2188 zuersehen

2046 2301 2284 2361 gehabt,
2322 2290 2411 2350 Bir
2431 2280 2559 2340 velche
2595 2262 2761 2322 Freundt
2779 2242 2962 2302 Eydtl.
2980 2218 3235 2278 Eisptehung

2053 2413 2231 2473 Euch.
2260 2398 2370 2458 Wie
2397 2385 2548 2445 hiemit
2577 2372 2660 2432 der
2687 2360 2894 2420 gehörigen
2908 2351 3018 2411 dacke
3045 2345 3252 2405 erstatten
