4032 3024
450 340 584 400 248f.

476 1172 619 1232 Rehle
638 1155 672 1215 bo

467 1874 618 1934 Meyung
632 1876 769 1936 Susannge

456 1951 555 2011 leber
577 1949 643 2009 beit
665 1951 775 2011 lundlig

456 2263 630 2323 Buckhandt
640 2266 727 2326 Anna

452 2341 567 2401 Mäde
599 2344 758 2404 Madle.

729 395 839 455 Wie
852 381 935 441 aber
948 370 1003 430 des
1030 356 1126 416 Weiß
1182 341 1264 401 Vor
1278 334 1360 394 Auß
1387 338 1690 398 nichterschinen
1716 372 1743 432 en

732 465 890 525 wollindt
914 450 1012 510 Wir
1036 436 1159 496 fünshe.
1183 421 1561 481 freündtnachbarlich
1586 440 1746 500 Lidemahen

732 547 859 607 ersucht
872 536 975 596 haben
1010 523 1127 583 Pahlt
1150 512 1301 572 derselbe
1337 505 1488 565 annoch
1523 506 1580 566 sich
1605 513 1708 573 hinder

737 630 812 690 Eich
830 620 980 680 befeidet
1016 606 1091 666 at
1130 594 1316 654 selbigen
1335 589 1410 649 die
1428 594 1616 654 befhorge
1653 623 1767 683 en

728 720 805 780 Ver
820 698 1126 758 Außfunderlich
1156 680 1203 740 zu
1233 674 1447 734 Companien
1462 681 1631 741 anlegen

714 808 901 868 Plbste
923 791 993 851 E.
1041 771 1276 831 Befr.

741 981 897 1041 Redul
912 971 968 1031 an
982 959 1196 1019 MeHen
1224 949 1252 1009 er
1296 944 1409 1004 buirger
1437 943 1580 1003 kamne.
1594 946 1665 1006 Auß

754 1045 1022 1105 mittkommendem
1084 1029 1219 1089 schreben
1280 1021 1378 1081 Oan
1414 1018 1501 1078 Herre
1525 1016 1721 1076 Predicanten

767 1133 790 1193 zu
824 1120 1020 1180 Gugischerg
1056 1109 1136 1169 undt
1158 1099 1424 1159 Eingelangter
1447 1096 1712 1156 Information

755 1214 822 1274 Von
860 1205 917 1265 dem
955 1193 1138 1253 Consistorio
1175 1184 1213 1244 zu
1242 1178 1452 1238 Lausanne
1520 1172 1729 1232 betreffendt

760 1287 819 1347 deß
853 1276 995 1336 Jungen
1041 1265 1148 1325 Bratz
1171 1259 1301 1319 buhles,
1324 1255 1347 1315 so
1371 1252 1429 1312 sich
1454 1251 1488 1311 in
1511 1246 1723 1306 allhiesigen

747 1362 888 1422 Stitehl
923 1354 1101 1414 befindet,
1125 1346 1314 1406 heimahl.
1326 1336 1468 1396 Recht,
1479 1321 1634 1381 werdindt
1657 1303 1704 1363 Sie

759 1450 772 1510 M
813 1445 910 1505 Hee
951 1438 1046 1498 ehen,
1075 1432 1142 1492 was
1157 1429 1211 1489 find
1240 1423 1307 1483 finr
1335 1415 1445 1475 stret
1458 1407 1527 1467 sich
1554 1398 1609 1458 diß
1651 1387 1747 1447 wethr

753 1529 805 1589 her
818 1529 951 1589 vortheit
977 1525 1082 1585 iheien
1110 1520 1202 1580 nädigen
1215 1512 1307 1572 Hrren
1333 1503 1400 1563 Furn
1466 1481 1625 1541 hirmet
1651 1453 1784 1513 scheden

766 1602 837 1662 und
867 1607 938 1667 lhro
954 1609 1171 1669 Conputenz
1199 1596 1418 1656 überlaßen
1447 1575 1607 1635 wollen.

757 1766 902 1826 Fedul
916 1769 960 1829 am
1003 1771 1017 1831 M
1104 1769 1192 1829 H.
1221 1761 1408 1821 Sefitahl.
1424 1744 1626 1804 Stowalter
1656 1718 1802 1778 Vager.

785 1841 841 1901 Ihn
871 1845 984 1905 esuchen
1014 1847 1069 1907 die
1099 1846 1270 1906 Ehisanna
1311 1834 1526 1894 Weyauw,
1540 1814 1641 1874 selche
1669 1796 1726 1856 den

794 1917 866 1977 kat
891 1919 1015 1979 Ludtig
1039 1921 1138 1981 lobes
1162 1921 1223 1981 der
1235 1916 1494 1976 schwängerung
1531 1900 1617 1960 halb
1642 1882 1752 1942 beklagt

779 2004 818 2064 Im
857 2002 1016 2062 Spitahl
1055 2000 1305 2060 Kindtbetten,
1318 1996 1397 2056 und
1436 1991 1489 2051 Sie
1515 1974 1713 2034 Examium

769 2074 841 2134 und
864 2075 1007 2135 berichten
1066 2077 1102 2137 zu
1126 2081 1281 2141 laßen.

760 2206 827 2266 Ist
856 2209 910 2269 die
938 2214 1074 2274 Anna
1116 2222 1335 2282 Buckhart,
1349 2221 1431 2281 mit
1444 2214 1569 2274 Einer
1596 2190 1801 2250 Monondria

790 2295 970 2355 erlaßen,
997 2303 1086 2363 undt
1113 2306 1190 2366 Ihre
1217 2306 1346 2366 tochter
1371 2297 1565 2357 Elißbeth
1591 2274 1719 2334 Mader

785 2383 842 2443 fur
870 2384 942 2444 24.
958 2388 1088 2448 stundt
1130 2393 1303 2453 hinunder
1331 2391 1491 2451 gesetzt
1519 2371 1679 2431 werden.

1812 566 2015 626 Jostere.

1866 619 1948 679 ptan

1821 742 1853 802 1

1853 1678 1974 1738 Cnsar

1876 1742 1979 1802 Henry

1857 1819 1915 1879 ladl
1945 1818 1983 1878 se

1861 1876 1869 1936 1
1894 1876 2026 1936 Obrat.

3056 239 3145 299 249
3160 249 3221 309 f.

2016 335 2234 395 songanne
2280 322 2390 382 Rach.
2405 320 2484 380 Auß
2515 323 2718 383 deselben
2733 334 2874 394 schaibe
2904 345 2983 405 undt
2999 358 3186 418 beygelegene

2032 413 2288 473 supplication
2334 403 2393 463 der
2416 403 2661 463 Verwandten
2707 413 2777 473 deß
2823 425 3033 485 Graßobeten
3045 438 3161 498 Viere

2039 509 2126 569 ar
2169 494 2300 554 Detra,
2323 488 2398 548 von
2442 489 2660 549 Lausanne
2704 496 2780 556 aedn
2803 500 2846 560 in
2856 504 2944 564 gnädigen
2954 509 3042 569 Herre
3063 514 3161 574 sehen

2032 595 2087 655 sie
2098 588 2142 648 sich
2164 580 2232 640 sich,
2254 575 2320 635 aber
2342 572 2399 632 die
2421 570 2476 630 von
2522 571 2588 631 der
2621 573 2755 633 Ehher
2777 577 2911 637 Grelden
2944 581 3034 641 von

2039 674 2195 734 büillig
2207 656 2389 716 eingebene
2426 652 2582 712 Kostens
2619 657 2836 717 verprechnuß
2884 665 2956 725 auß
2992 667 3113 727 anlaß
3150 666 3209 726 mit

2033 772 2114 832 dem
2148 748 2438 808 Verstorbenen
2495 742 2681 802 gehabten
2704 745 2912 805 Consistorial
2958 745 3180 805 handelß.

2036 847 2243 907 beschwaren.
2256 832 2359 892 Wwide
2385 826 2450 886 min
2462 824 2566 884 gnädigen
2579 824 2682 884 Herren
2696 826 2735 886 de
2760 826 2891 886 Inhalt
2903 825 3110 885 derselben

2027 945 2170 1005 fosehe
2248 921 2403 981 habindt
2431 912 2587 972 dieselbe
2612 910 2638 970 so
2651 910 2742 970 wohl
2781 910 2834 970 die
2860 910 2964 970 foste
3003 907 3080 967 alß
3120 904 3197 964 beste

2037 1044 2217 1104 Kostens,
2246 1012 2497 1072 Veozeichnuß
2552 1003 2803 1063 Exorbitanit
2830 1007 3053 1067 befunden,
3095 1012 3236 1072 dro¬

2017 1131 2140 1191 wegen
2172 1110 2359 1170 MeHre
2405 1100 2420 1160 e
2499 1097 2530 1157 e
2591 1094 2606 1154 e
2622 1094 2654 1154 se
2685 1091 3104 1151 freündtlichersucht

2063 1214 2171 1274 undt
2185 1203 2291 1263 Ihme
2320 1193 2562 1253 überlaßen
2657 1187 2752 1247 habe
2779 1185 2983 1245 wollinde
3023 1183 3076 1243 die
3090 1181 3225 1241 Kösten

2042 1295 2259 1355 nachalle
2283 1282 2525 1342 mügliches
2570 1276 2800 1336 billichkeit
2834 1274 2869 1334 zu
2891 1271 3155 1331 moderiren,

2055 1379 2147 1439 undt
2164 1373 2349 1433 dermale
2395 1366 2504 1426 dieser
2519 1363 2597 1423 sach
2643 1361 2706 1421 Emn
2721 1357 2969 1417 Endtschafft
3000 1353 3233 1413 zumahre.

2040 1525 2121 1585 vnd
2161 1523 2242 1583 iehle
2268 1522 2350 1582 Me
2363 1520 2470 1580 Hen
2512 1519 2606 1579 rts
2619 1517 2767 1577 undern
2808 1516 2861 1576 5.
2876 1514 3010 1574 Janii
3023 1511 3212 1571 Fandrige

2051 1620 2163 1680 Jahrs
2175 1613 2299 1673 wegen
2325 1607 2400 1667 deß
2437 1603 2573 1663 Henri
2623 1600 2660 1660 de
2698 1598 2847 1658 Frouvz
2897 1597 3120 1657 fommiende

2062 1713 2320 1773 Ehraußfrach
2359 1699 2398 1759 an
2463 1695 2514 1755 die
2541 1687 2889 1747 Verheuterachtte
2929 1684 3005 1744 shel
3045 1682 3123 1742 le¬

2071 1806 2219 1866 Maire
2265 1797 2310 1857 ein
2334 1789 2528 1849 gebohrne
2584 1781 2745 1841 Doxat
2767 1772 2984 1832 Insinuiren
3008 1761 3180 1821 laßen,

2076 1884 2248 1944 darüber
2269 1879 2377 1939 Eine
2432 1873 2625 1933 Proredus
2670 1866 2702 1926 zu
2744 1858 3003 1918 Instruiren
3058 1843 3198 1903 undt

2054 1967 2218 2027 selbige
2259 1962 2382 2022 Allhor
2444 1956 2660 2016 zuschiffen,
2680 1952 2742 2012 wie
2772 1947 2855 2007 aber
2885 1943 2948 2003 biß
2989 1933 3183 1993 datonoch

2053 2053 2188 2113 nichts
2212 2051 2448 2111 einkommen,
2472 2047 2534 2107 alß
2583 2042 2706 2102 wollein
2719 2038 2818 2098 gnädigen
2830 2033 2917 2093 Herren
2941 2030 3002 2090 Jur
3015 2026 3163 2086 hiemit

2028 2140 2274 2200 widermahle
2308 2135 2450 2195 ersucht
2484 2131 2613 2191 haben,
2638 2128 2707 2188 dem
2755 2123 2954 2183 schorgicht
2977 2119 3223 2179 anzubefehlen

2047 2239 2118 2299 die
2148 2228 2336 2288 Procedus
2365 2221 2582 2281 fürderlich
2596 2216 2885 2276 erzuschiben.
2914 2209 3116 2269 Wormit
