4032 3024
456 347 573 407 28.

726 397 938 457 Romainm
970 369 1075 429 osticd
1107 353 1229 413 Pref.
1259 343 1488 403 Nachdeme
1518 349 1533 409 W
1610 362 1655 422 .
1686 378 1733 438 1.

743 479 825 539 wohl
854 470 895 530 die
909 454 1146 514 eingesendte
1187 433 1382 493 Bgredus
1423 430 1507 490 Von
1548 438 1728 498 Bwinge

748 559 822 619 undt
853 548 989 608 darinn
1021 523 1262 583 enthaltene
1315 502 1473 562 grundt
1494 502 1556 562 daß
1599 515 1747 575 Llan¬

439 675 566 735 poran
592 662 671 722 in
696 644 878 704 asine
929 617 1084 677 spuen
1135 601 1189 661 i
1215 594 1291 654 auc
1342 588 1396 648 de
1447 588 1730 648 taedisten

794 717 1017 777 espertines,
1030 703 1053 763 so
1076 691 1289 751 seinethalb
1324 678 1441 738 wegen
1465 674 1524 734 den
1559 680 1758 740 Cantistorele

442 752 641 812 Merminos
653 733 782 793 Bemnte

746 815 868 875 handel
913 796 1057 856 süscher
1090 783 1169 843 Ihme
1224 772 1314 832 undt
1347 765 1413 825 der
1459 759 1670 819 Bemette

446 852 476 912 m
504 844 542 904 No
561 831 647 891 1720.

754 897 957 957 Mermindt
993 869 1184 929 verführt
1208 849 1339 909 worden,
1351 834 1590 894 erdeukirt
1625 830 1662 890 da

750 980 817 1040 der
841 969 998 1029 Arpean
1032 946 1259 1006 Wemeinret,
1282 929 1361 989 daß
1406 921 1474 981 das
1508 917 1598 977 Ihme
1621 917 1700 977 von

760 1059 814 1119 der
846 1045 1030 1105 Mermina
1072 1024 1320 1084 zugefignete
1352 1005 1621 1065 Kindenacht
1653 997 1685 1057 zu

766 1134 936 1194 bekennt
959 1125 1049 1185 wolle
1084 1115 1221 1175 könne,
1244 1103 1346 1163 undt
1380 1089 1527 1149 hiemit
1562 1073 1766 1133 derselben

755 1215 876 1275 föhles
900 1210 998 1270 nicht
1034 1197 1290 1257 zuzumeßen
1314 1183 1436 1243 seye,
1473 1171 1631 1231 habind
1667 1164 1790 1224 Me.

771 1301 883 1361 hiemit
907 1297 1043 1357 erkent,
1069 1292 1131 1352 daß
1181 1282 1380 1342 zumahlen
1405 1272 1441 1332 Er
1466 1269 1529 1329 die
1553 1256 1777 1316 beleißthäng

769 1382 969 1442 damahls
992 1382 1028 1442 zu
1063 1378 1158 1438 seiler
1181 1364 1498 1424 Jurtification
1535 1331 1769 1391 underlaßen

756 1466 812 1526 Sie
824 1465 846 1525 so
870 1462 960 1522 wohl,
983 1459 1074 1519 Wor,
1085 1456 1143 1516 alß
1177 1453 1211 1513 in
1233 1449 1291 1509 der
1325 1440 1495 1500 genßt
1519 1424 1620 1484 auff
1632 1411 1712 1471 Ihme

765 1544 921 1604 verhart
950 1543 1036 1603 Ihme
1078 1540 1150 1600 das
1178 1534 1293 1594 Kindt
1321 1525 1393 1585 alß
1435 1516 1508 1576 ohn
1522 1500 1721 1560 ehrlichen

752 1633 1036 1693 zugesprochen,
1066 1629 1156 1689 und
1185 1625 1231 1685 Er
1261 1621 1322 1681 alß
1366 1615 1427 1675 der
1456 1609 1515 1669 3.
1547 1595 1696 1655 ledigen

768 1725 891 1785 fähles
933 1717 1124 1777 begangen
1206 1703 1301 1763 nach
1330 1694 1384 1754 der
1439 1669 1741 1729 Ordningohe

770 1818 910 1878 Jhanen
942 1805 1194 1865 abgestrafft
1224 1791 1351 1851 werden
1366 1780 1491 1840 solle
1539 1760 1696 1820 deßen

780 1908 823 1968 de
852 1904 926 1964 H.
940 1900 1058 1960 Praf.
1086 1893 1234 1953 hiemit
1263 1881 1469 1941 berichtet,
1483 1864 1572 1924 umb
1600 1843 1732 1903 solches

767 1993 830 2053 den
873 1988 1063 2048 Consistotio
1095 1985 1127 2045 zu
1169 1982 1360 2042 Burnius
1391 1975 1434 2035 zu
1476 1965 1592 2025 Ihren

774 2080 957 2140 verhalt
985 2077 1209 2137 zutröffne,
1223 2075 1322 2135 undt
1351 2069 1449 2129 nach
1463 2059 1534 2119 den
1562 2033 1759 2093 zehalten

772 2169 829 2229 der
860 2168 1035 2228 Oordnung
1050 2167 1152 2227 gegen
1168 2167 1270 2227 Ihme
1299 2158 1475 2218 Arselaun
1519 2140 1593 2200 deß
1652 2113 1740 2173 Iter

780 2260 929 2320 ledigen
959 2264 1123 2324 fähles
1153 2261 1378 2321 verfahen
1422 2252 1466 2312 zu
1498 2233 1765 2293 laßen.

797 2356 1009 2416 Wormit:

3075 236 3137 296 251
3156 241 3208 301 f.

2002 323 2256 383 Wilden.
2284 296 2775 356 Ihremnädenhereingesendte
2805 307 2974 367 Poaredut
3001 315 3073 375 habe
3087 320 3184 380 deren

2004 415 2129 475 shelben
2143 404 2184 464 zu
2212 394 2380 454 verstehen
2435 389 2589 449 geben,
2616 389 2671 449 wie
2685 391 2755 451 daß
2796 394 2921 454 Marie
2951 400 3103 460 Moan

2047 505 2119 565 Von
2150 489 2268 549 Krreg
2297 481 2341 541 der
2372 476 2710 536 schwängrunghalb
2741 482 2903 542 beklagen
2932 488 2992 548 den
3006 491 3154 551 Jungen

2053 582 2231 642 trancos
2275 576 2453 636 Deitard
2477 572 2532 632 de
2554 571 2587 631 la
2622 571 2789 631 Rapan,
2811 572 2877 632 mit
2899 576 3112 636 verdeüten

1812 622 1827 682 1
1901 584 2006 644 Tard

2034 691 2069 751 Er
2103 682 2196 742 habe
2218 674 2287 734 Sie,
2311 665 2530 725 nachdeme
2587 661 2634 721 Er
2657 659 2714 719 die
2737 661 2795 721 Ehe
2818 661 2899 721 Ihre
2933 666 3163 726 Verspfoche

2040 785 2181 845 shochen
2196 770 2259 830 tag
2306 759 2400 819 Stor
2430 750 2540 810 Jacob
2603 746 2823 806 beschloffen
2853 747 2948 807 undt
2978 752 3246 812 geschwänge¬

2038 874 2136 934 et
2149 861 2290 921 welher
2317 850 2401 910 aber
2458 841 2666 901 ohngeacht
2694 836 2975 896 dreynalicher
3002 836 3184 896 Citation

2041 948 2377 1008 nichterschung.
2406 936 2508 996 Wor
2537 931 2609 991 ein
2626 928 2756 988 gnädigen
2772 925 2873 985 Herrn
2887 924 2976 984 Ihnn
3004 920 3208 980 aufge¬

2025 1054 2175 1114 sfragen
2215 1030 2324 1090 haben
2351 1019 2554 1079 wollind,
2568 1015 2664 1075 Ihne
2704 1013 2894 1073 Degtard
2921 1008 3097 1068 trachten

2038 1145 2315 1205 sshetdeben
2403 1114 2519 1174 undt
2550 1109 2607 1169 ven
2636 1108 2695 1168 Ihm
2739 1108 2797 1168 sin
2827 1105 3161 1165 aufEnthalten

2049 1246 2214 1306 bekent
2228 1229 2297 1289 sein
2324 1218 2475 1278 werden,
2515 1211 2611 1271 vor
2640 1210 2694 1270 Sie
2721 1208 2872 1268 Cisen
2928 1206 2997 1266 die
3024 1199 3258 1259 Morcan¬

2071 1332 2269 1392 beinder
2292 1314 2467 1374 geußt
2491 1307 2537 1367 ad
2560 1303 2725 1363 formam
2805 1290 3075 1350 Examinim

2017 1351 2033 1411 a

2033 1427 2103 1487 und
2147 1421 2217 1481 Me
2245 1414 2359 1474 en
2373 1408 2445 1468 deße
2473 1391 2843 1451 heraußkommenden
2858 1377 3044 1437 alleßen

2049 1512 2249 1572 berichten
2290 1500 2334 1560 zu
2377 1491 2534 1551 lasen.

2038 1684 2151 1744 Wart
2176 1680 2227 1740 die
2252 1674 2390 1734 Mara
2427 1663 2555 1723 Meyer
2592 1654 2668 1714 von
2693 1645 2882 1705 Reihebah
2907 1638 2995 1698 liebe
3020 1634 3057 1694 sie
3071 1633 3133 1693 sich
3172 1633 3234 1693 von

2056 1779 2113 1839 deß
2161 1768 2290 1828 Schorl
2338 1753 2503 1813 Richters
2537 1732 2831 1792 Schiterbuben
2865 1717 2973 1777 Einen
3019 1707 3241 1767 nahmens

1833 1752 2013 1812 VogsMlarie

2066 1867 2164 1927 Joh.
2178 1850 2474 1910 Christoffel,
2501 1835 2529 1895 so
2558 1829 2627 1889 Ein
2656 1813 2950 1873 Freubforter
3007 1799 3062 1859 sie
3091 1795 3189 1855 soll

2042 1954 2270 2014 schwanger
2311 1934 2526 1994 befindet,
2554 1918 2661 1978 undt
2687 1908 2742 1968 Er
2782 1900 2836 1960 sich
2863 1891 2957 1951 nicht
2970 1879 3132 1939 allhier

2051 2048 2250 2108 befindet,
2267 2029 2435 2089 sondern
2451 2014 2636 2074 ausert
2652 2001 2775 2061 laudet
2837 1989 2913 2049 men
2928 1980 3036 2040 een
3069 1963 3222 2023 beleidet

2079 2137 2200 2197 orde,
2226 2127 2375 2187 damit
2401 2112 2550 2172 selbige
2644 2092 2738 2152 nach
2766 2083 2819 2143 der
2845 2070 3049 2130 Ordnung
3075 2061 3143 2121 auß
3182 2058 3237 2118 den

2057 2237 2204 2297 landt
2221 2227 2435 2287 borzundt
2468 2208 2583 2268 Ihren
2634 2185 2798 2245 höürig
2830 2161 3144 2221 nachgeschibte

2048 2342 2184 2402 werden
2225 2323 2415 2383 könne.
