4032 3024
446 330 528 390 122
543 320 594 380 f.

726 367 916 427 Nachdene
932 348 1092 408 Mehlßn
1108 334 1220 394 alleß
1235 330 1394 390 nügliche
1412 345 1651 405 angelandet
1666 376 1698 436 da

1221 370 1292 430 rigt

761 448 879 508 kerutg
906 434 1065 494 zerläder
1091 424 1171 484 midt
1197 419 1277 479 fey
1303 421 1569 481 abgeschidenen
1595 450 1755 510 Ehoffen

440 488 592 548 Geläder
607 468 704 528 Fraub

759 534 826 594 de
866 525 907 585 zu
934 511 1202 571 vrehinbehrn,
1215 501 1296 561 hat
1323 500 1499 560 derselbe
1552 523 1740 583 gedecb¬

528 571 544 631 H
604 553 697 613 Jacob

743 626 815 686 seit
843 617 956 677 begehrt
984 604 1140 664 bistauff
1182 589 1436 649 künftigen
1450 590 1607 650 darsteg
1649 601 1663 661 s

717 714 819 774 Ihme
844 702 933 762 auch
958 687 1186 747 bewilliget
1225 676 1429 736 worden.

704 874 802 934 Ist
818 864 900 924 hat
934 853 998 913 war
1032 844 1098 904 die
1114 831 1294 891 Susanna
1360 820 1474 880 Joho
1490 817 1720 877 verlanget

773 950 843 1010 daß
891 942 938 1002 Sie
950 936 1010 996 sich
1021 928 1105 988 umb
1151 920 1211 980 die
1235 911 1365 971 Statt
1400 901 1578 961 herumb
1613 901 1661 961 im

468 959 549 1019 Joho
563 942 756 1002 Susannal

754 1038 838 1098 Eüng
863 1025 973 1085 diest
1009 1011 1155 1071 begeben
1179 1001 1253 1061 kön
1265 994 1326 1054 Mine
1338 989 1436 1049 gnädigen
1460 983 1544 1043 Herren
1570 976 1654 1036 aber

757 1128 905 1188 habende
936 1114 965 1174 Su
994 1101 1159 1161 lediglich
1173 1091 1204 1151 in
1234 1086 1294 1146 Ihr
1308 1079 1473 1139 heimath
1502 1074 1667 1134 gewisen

749 1208 839 1268 undt
862 1201 930 1261 soll
952 1195 1009 1255 Sie
1032 1190 1087 1250 die
1111 1183 1201 1243 Statt
1224 1175 1314 1235 mit
1348 1163 1552 1223 betretten
1597 1154 1665 1214 sie

735 1295 857 1355 könne
897 1285 979 1345 dann
999 1271 1315 1331 glaubwürdige
1345 1256 1477 1316 scheinen
1507 1248 1599 1308 von
1651 1241 1711 1301 der

752 1374 920 1434 gemeindt,
931 1366 997 1426 oder
1020 1361 1054 1421 da
1087 1357 1143 1417 sie
1154 1352 1222 1412 sich
1244 1348 1277 1408 in
1311 1343 1445 1403 diesen
1456 1331 1747 1391 auffgehalten

757 1468 832 1528 Ihre
856 1462 982 1522 gutens
1019 1455 1144 1515 läben
1169 1442 1445 1502 auffuehrung
1496 1418 1720 1478 Vorleisen

774 1552 805 1612 Es
826 1547 983 1607 lediglich
1025 1539 1182 1599 beyder
1203 1532 1255 1592 den
1276 1528 1329 1588 22
1360 1519 1464 1579 46.
1496 1502 1674 1562 besthin

752 1637 1031 1697 afgefelte
1070 1628 1190 1688 hoben
1231 1618 1310 1678 auß
1351 1600 1549 1660 belenden
1571 1565 1769 1625 logenden

768 1767 892 1827 bringt
925 1761 1038 1821 Jahrin
1072 1752 1196 1812 Liecht
1207 1747 1252 1807 an
1309 1740 1354 1800 sie
1387 1734 1478 1794 Bolle
1647 1715 1784 1775 Jaugtl.

774 1832 926 1892 kupfers
948 1825 1113 1885 underem
1156 1816 1265 1876 stüth
1287 1808 1417 1868 vnndts
1439 1798 1548 1858 ligen
1593 1788 1691 1848 Ergn:
1702 1783 1777 1843 solle

471 1818 567 1878 hirtt
582 1809 692 1869 Jobanna

760 1903 832 1963 sich
857 1902 881 1962 in
916 1899 965 1959 der
989 1893 1145 1953 gemißt
1170 1884 1267 1944 durch
1302 1878 1314 1938 2
1363 1861 1750 1921 Wehemueteren,

766 1970 1015 2030 examinieren
1039 1967 1160 2027 laßen.

884 2113 1148 2173 Sonstags
1179 2099 1242 2159 den
1257 2095 1350 2155 15t.
1365 2091 1458 2151 Jan.
1474 2086 1582 2146 1733

1126 2201 1295 2261 Pæeses

979 2250 1192 2310 Mengr
1315 2242 1366 2302 von
1385 2242 1588 2302 mühlinen

1045 2283 1346 2343 Atssessores

740 2362 1033 2422 Mengderer

790 2468 856 2528 Herr
878 2464 979 2524 Jacob
1013 2462 1125 2522 Gast
1158 2464 1226 2524 von
1248 2467 1427 2527 Marnan
1494 2462 1572 2522 mit
1594 2452 1695 2512 Pfrl.
1708 2438 1785 2498 Ester

515 2461 611 2521 Fraßt
635 2465 733 2525 Jacob

786 2546 881 2606 Stoß
929 2546 991 2606 von
1024 2548 1167 2608 allhies
1183 2554 1326 2614 kurchen
1342 2553 1452 2613 recht
1470 2548 1501 2608 zu
1549 2534 1659 2594 halten
1675 2503 1818 2563 beblche

500 2561 588 2621 Stoß
614 2560 726 2620 Escher

779 2626 881 2686 dißen
908 2624 1022 2684 Jedel
1034 2626 1085 2686 an
1112 2627 1187 2687 H.
1200 2630 1355 2690 Hollh.

1813 453 1845 513 s

1831 1413 1901 1473 Mer
1914 1397 1984 1457 Janb

1846 1514 1858 1574 M
1939 1499 2009 1559 beth

1876 2444 1912 2504 O6
1937 2443 1998 2503 J.

3080 221 3153 281 253

2016 318 2149 378 Inß.
2166 300 2283 360 Cns.
2299 287 2417 347 Hanß
2484 274 2735 334 Sahleman
2784 272 2869 332 Ihr
2901 275 3169 335 Angehobige

2033 403 2095 463 von
2135 377 2350 437 Muntschen
2388 361 2477 421 nur
2502 357 2553 417 ban
2578 355 2630 415 ein
2642 355 2756 415 gnädigen
2769 355 2858 415 Herrn
2883 357 3022 417 Lagrnd
3048 361 3227 421 anger¬

2033 482 2186 542 fracht,
2213 463 2276 523 bie
2301 455 2366 515 daß
2418 445 2533 505 beder
2584 440 2636 500 die
2674 439 2994 499 vereinbahrung
3021 442 3199 502 züschen

2010 572 2139 632 Vern
2177 548 2252 608 und
2288 532 2417 592 seiner
2456 520 2624 580 Ehrsich
2660 512 2846 572 versucht
2866 511 2939 571 mud
2977 511 3202 571 Gesthalb,

2037 655 2071 715 im
2116 630 2288 690 Hoad:
2311 609 2506 669 errichtet
2528 598 2607 658 word
2631 596 2688 656 ein
2699 594 2791 654 gnädigen
2802 593 2883 653 Her
2905 593 2997 653 ahero
3020 593 3202 653 ersuchend

2017 735 2114 795 Wie
2165 707 2337 767 geruhen
2361 688 2571 748 möchten,
2596 679 2658 739 das
2695 676 2893 736 geschafft
2905 674 3040 734 allhier
3065 674 3101 734 zu
3127 674 3239 734 arffen

2044 805 2123 865 und
2157 792 2191 852 zu
2237 770 2532 830 beendigen.
2556 755 2692 815 Wrobe
2715 750 2772 810 Min
2783 748 2873 808 gnädigen
2886 746 2976 806 Herren
2988 745 3022 805 sie
3057 743 3204 803 anseinen

2015 889 2176 949 Wollen
2205 865 2321 925 diese
2350 843 2570 903 streithige
2599 829 2774 889 Eheleuth
2817 823 2949 883 sambt
2978 820 3037 880 der
3066 818 3196 878 Mara

2037 963 2207 1023 Jampen
2246 940 2338 1000 und
2363 929 2416 989 fen
2442 911 2781 971 kundtschafften,
2794 901 2821 961 so
2847 898 2899 958 die
2926 894 3069 954 Ehefel
3108 889 3227 949 ver¬

2037 1033 2209 1093 namset
2253 1012 2328 1072 auf
2351 998 2523 1058 sonstag
2567 988 2610 1048 den
2631 983 2739 1043 22ten
2750 980 2805 1040 diß
2847 974 2934 1034 allhar
2988 969 3042 1029 Min
3053 965 3140 1025 gnädigen
3150 960 3227 1020 Herr

2047 1122 2086 1182 zu
2112 1101 2285 1161 halten,
2298 1085 2391 1145 und
2417 1069 2614 1129 zugleich
2627 1061 2681 1121 den
2720 1054 2879 1114 bericht
2906 1051 3012 1111 deßen
3025 1051 3051 1111 so
3078 1051 3131 1111 vor
3144 1052 3251 1112 Ihnen

2035 1187 2294 1247 Vrgangen,
2313 1163 2382 1223 ein
2399 1150 2625 1210 zusenden

2052 1302 2257 1362 Grandiß
2330 1282 2486 1342 Praef.
2510 1273 2632 1333 Jacob
2668 1265 2812 1325 Müller
2849 1261 2920 1321 von
2946 1259 3236 1319 Wilterfingen,

2059 1396 2143 1456 habe
2184 1380 2373 1440 begehrt
2404 1365 2457 1425 sie
2499 1353 2656 1413 Ehsteth
2688 1342 2813 1402 Nacht
2844 1334 2981 1394 deßen
3012 1334 3233 1394 Ampts¬

2056 1468 2319 1528 Angehörige
2354 1449 2425 1509 von
2450 1433 2675 1493 Rüepaub
2711 1421 2747 1481 zu
2783 1413 2961 1473 ehelichen
2986 1409 3057 1469 und
3092 1409 3235 1469 bekent

2043 1558 2139 1618 selbe
2188 1539 2421 1599 beschlaffen
2459 1524 2488 1584 zu
2537 1513 2682 1573 haben.
2721 1501 2818 1561 Wie
2866 1493 2944 1553 aber
2973 1489 3011 1549 er
3041 1485 3128 1545 mit
3148 1483 3244 1543 einer

2064 1627 2333 1687 unsauberen
2369 1602 2614 1662 krankheit
2650 1583 2861 1643 behafftet,
2884 1574 2955 1634 und
2990 1572 3036 1632 ein
3072 1572 3260 1632 alleosen

2059 1715 2229 1775 erzogen
2266 1697 2448 1757 worden,
2472 1684 2534 1744 sie
2571 1674 2669 1734 dann
2693 1668 2741 1728 an
2789 1657 2950 1717 händen
2986 1651 3058 1711 und
3094 1651 3241 1711 füesen

2053 1806 2159 1866 hahen
2198 1795 2279 1855 und
2320 1781 2480 1841 bereits
2520 1763 2654 1823 hievor
2693 1750 2800 1810 frey
2826 1739 2974 1799 ledige
3015 1729 3134 1789 fehler
3160 1726 3269 1786 bey¬

2065 1887 2259 1947 gangen,
2297 1869 2426 1929 Sohen
2439 1859 2504 1919 min
2517 1852 2620 1912 gnädigen
2633 1842 2724 1902 Herr
2749 1832 2880 1892 diesere
2905 1822 2996 1882 ehe
3034 1815 3150 1875 nicht
3176 1809 3281 1869 geg¬

2060 1974 2206 2034 statten
2242 1957 2413 2017 können,
2437 1937 2645 1997 sonderen
2669 1920 2791 1980 beide
2827 1910 2937 1970 deren
2961 1903 3255 1963 abgebiesen,

2072 2061 2211 2121 mithin
2234 2049 2445 2109 erkent,
2468 2034 2550 2094 daß
2598 2024 2655 2084 die
2690 2013 2820 2073 nacht
2854 2001 2948 2061 ihrer
2982 1996 2994 2056 4
3053 1990 3216 2050 ledigen

2055 2149 2234 2209 fehleren
2261 2142 2358 2202 halb
2385 2133 2467 2193 nach
2494 2116 2716 2176 Vorschrifft
2743 2099 2797 2159 der
2826 2089 2963 2149 Chorg:
2991 2079 3087 2139 Ord.
3100 2074 3157 2134 der
3170 2074 3197 2134 t.
3211 2074 3295 2134 12.

2064 2244 2153 2304 Fol.
2167 2237 2242 2297 17.
2256 2219 2522 2279 angesechen
2553 2199 2641 2259 und
2670 2180 2878 2240 bestrafft
2893 2162 3055 2222 werden
3084 2152 3187 2212 solle

2062 2324 2267 2384 Welches
2285 2310 2360 2370 ate
2396 2299 2490 2359 ihre
2529 2281 2752 2341 Eaxequirig
2788 2266 2827 2326 zu
2863 2257 2975 2317 lasen
2995 2249 3032 2309 a.
3068 2242 3162 2302 oder
3182 2234 3255 2294 Ent

2070 2389 2127 2449 Sie
2141 2385 2239 2445 zuch
2266 2381 2323 2441 die
2352 2372 2535 2432 Proseser
2562 2355 2774 2415 zugeführes
2788 2335 2858 2395 tind

2068 2464 2087 2524 E
2134 2458 2428 2518 ilterfingen
2456 2443 2570 2503 Cons.
2589 2433 2645 2493 sin
2684 2424 2797 2484 deßen
2825 2416 2863 2476 zu
2921 2405 3166 2465 berichten,
3176 2404 3251 2464 mit

2066 2542 2193 2602 gesinnen
2218 2538 2264 2598 den
2287 2534 2404 2594 Müller
2427 2526 2520 2586 drob
2579 2517 2625 2577 bey
2648 2510 2717 2570 Euch
2765 2498 2940 2558 zuhalten
2974 2489 3055 2549 undt
3078 2484 3149 2544 zur
3172 2479 3265 2539 arheit

2066 2610 2293 2670 Anzumßern,
2314 2602 2438 2662 damit
2468 2594 2624 2654 deselbe
2644 2586 2707 2646 mit
2727 2582 2789 2642 auß
2831 2573 2882 2633 der
2913 2563 3068 2623 gemeindt
3089 2545 3213 2605 Vagure

2070 2686 2104 2746 et
2128 2682 2197 2742 zus
2231 2669 2450 2729 abbüesung
