4032 3024
445 333 507 393 254
527 325 569 385 f.

442 426 562 486 Jungel
585 404 739 464 Wilhalen

451 505 582 565 Waber
597 483 714 543 Erbech

462 796 533 856 Ob
567 778 638 838 J.

457 1007 576 1067 alte
613 984 673 1044 Jau

564 1232 615 1292 zu
631 1217 734 1277 surch

749 322 909 382 bescheint
949 300 1016 360 mr
1056 281 1231 341 Willselm
1297 266 1444 326 Rügel
1485 273 1551 333 von
1577 291 1713 351 alligen

747 411 836 471 vnd
848 393 1001 453 bekrent
1026 372 1154 432 Vatter
1179 361 1243 421 deß
1281 356 1345 416 von
1370 355 1535 415 Elobeth
1562 369 1688 429 Waber

736 506 792 566 von
816 489 884 549 Sir
907 471 998 531 ihme
1022 452 1170 512 letsthn
1206 434 1526 494 zugeeigneten
1548 445 1674 505 vnndts

739 578 778 638 zu
805 565 912 625 sein,
939 543 1073 603 dahero
1086 525 1207 585 Ihme
1233 508 1367 568 solcheß
1407 506 1501 566 auch
1514 511 1580 571 als
1607 533 1769 593 uflachen

742 656 938 716 benchisent
972 626 1136 686 werden.
1168 599 1282 659 Wider
1300 586 1430 646 solbend
1446 586 1628 646 abbuesen

741 765 841 825 Sur
874 746 974 806 nd.
1006 728 1074 788 Sie
1106 712 1225 772 deßen
1241 697 1390 757 obigen
1406 694 1609 754 berichten

759 877 970 937 Hentzburg
1014 850 1150 910 Fraf.
1181 834 1300 894 Jacob
1332 826 1451 886 Peter
1482 829 1587 889 desen
1618 846 1754 906 Ampts

771 962 960 1022 zngehorig
987 939 1096 999 enmn
1110 925 1205 985 gnädige
1232 914 1328 974 Herren
1354 905 1519 965 Lagend
1532 911 1748 971 angebracht

755 1050 820 1110 Ae
860 1042 911 1102 daß
964 1030 1016 1090 sey
1041 1020 1107 1080 H.r
1120 1004 1304 1064 Pfaerhl.
1329 991 1421 1051 Ihre,
1447 989 1578 1049 beillen
1591 995 1656 1055 seyn
1668 1006 1775 1066 Grfl.

761 1140 813 1200 von
839 1127 919 1187 zeit
945 1116 999 1176 der
1026 1096 1277 1156 hochzeithart
1304 1076 1529 1136 gerechnet,
1544 1079 1742 1139 umbetbaß

779 1213 898 1273 hundts
927 1196 1119 1256 genesen,
1134 1183 1209 1243 vor
1224 1176 1284 1236 die
1313 1166 1595 1226 Ehrbahrkeit
1610 1168 1760 1228 besched¬

768 1298 841 1358 ihne
878 1288 989 1348 einen
1025 1276 1125 1336 Fh.
1149 1264 1273 1324 Huren
1285 1257 1347 1317 bub
1396 1245 1618 1305 genennet,
1630 1241 1716 1301 vnd

779 1383 870 1443 mit
898 1375 950 1435 der
976 1355 1334 1415 gefangenschafft
1347 1336 1452 1396 beren
1480 1331 1545 1391 ein
1558 1328 1664 1388 gnädigen
1677 1329 1745 1389 Heer

773 1470 871 1530 anby
895 1454 1114 1514 ersuchend
1151 1442 1175 1502 zu
1225 1430 1480 1490 verschaffet,
1505 1423 1565 1483 das
1603 1421 1760 1481 gedeunthes

770 1559 843 1619 H.
874 1548 963 1608 Pfed
1006 1532 1245 1592 angehalten
1274 1517 1408 1577 berden
1423 1506 1615 1566 möchte,
1630 1501 1734 1561 ihme

772 1656 822 1716 sey
841 1642 991 1702 ehrlichen
1011 1624 1180 1684 nahmen
1221 1614 1320 1674 bider
1360 1607 1400 1667 zu
1439 1601 1569 1661 geben
1630 1590 1729 1650 Wan

788 1728 844 1788 nen
885 1714 1108 1774 Metteicht
1137 1705 1207 1765 mit
1234 1697 1486 1757 liebsechen,
1500 1683 1570 1743 daß
1610 1673 1667 1733 sie
1680 1661 1766 1721 Hr.

777 1801 1068 1861 Predigkanten
1105 1790 1194 1850 mit
1219 1785 1331 1845 Ihren
1358 1774 1509 1834 Pfrer
1547 1752 1775 1812 Angehörig¬

778 1891 821 1951 in
844 1882 1130 1942 uneinigkeit
1152 1868 1317 1928 kebind;
1350 1860 1393 1920 So
1438 1851 1581 1911 habend
1613 1838 1769 1898 Wieden

764 1975 837 2035 Hrr
862 1961 1058 2021 Landtvogt
1083 1947 1291 2007 frundtlich
1303 1935 1477 1995 ersuchen
1501 1921 1649 1981 bollen,
1673 1906 1759 1966 fahls

771 2056 843 2116 sie
861 2048 932 2108 sich
950 2042 1022 2102 sich
1041 2032 1309 2092 vorgebenet
1346 2017 1488 2077 maßen
1507 1998 1703 2058 verhelt,
1723 1972 1795 2032 bey

775 2133 938 2193 vellten
965 2127 1034 2187 H.
1061 2118 1362 2178 Predigkanten
1388 2102 1457 2162 vor
1484 2091 1551 2151 sich
1565 2082 1607 2142 zu
1634 2058 1799 2118 bescheiden

779 2219 862 2279 Vnd
885 2214 980 2274 ihme
1004 2210 1110 2270 inter
1135 2204 1324 2264 privatos
1361 2190 1550 2250 parietes
1573 2175 1621 2235 zu
1656 2156 1812 2216 verdenten

771 2310 849 2370 sich
865 2311 991 2371 gegen
1021 2308 1085 2368 den
1115 2307 1178 2367 H.
1211 2300 1335 2360 Ptraf.
1368 2290 1462 2350 dahy
1492 2280 1540 2340 zu
1588 2254 1793 2314 declarurn

772 2410 844 2470 Voß
875 2405 904 2465 er
933 2400 1122 2460 Klägern
1138 2397 1253 2457 nicht
1284 2394 1341 2454 an
1384 2385 1516 2445 ehren
1546 2363 1750 2423 sonderen

782 2488 929 2548 halbenn
955 2482 1050 2542 nur
1076 2480 1144 2540 ein
1197 2476 1345 2536 billiche
1372 2456 1707 2516 vermahnung
1734 2419 1760 2479 zu

764 2571 896 2631 thun
912 2564 1174 2624 gemennet,
1193 2564 1290 2624 balc
1323 2560 1439 2620 obige
1471 2537 1752 2597 elautrnung

1824 1032 1905 1092 Md
1918 1011 2013 1071 Paul

1827 1116 1925 1176 Ma
1941 1092 2024 1152 ston

2009 302 2065 362 der
2095 282 2152 342 H.
2180 261 2325 321 Ptras.
2339 250 2409 310 dem
2482 244 2597 304 Vater
2625 244 2669 304 in
2711 244 2840 304 gegen
2854 245 2983 305 labet
2999 237 3215 297 deßest.

1988 381 2125 441 scheid
2176 339 2296 399 vnnd
2330 318 2484 378 maches,
2500 312 2551 372 die
2570 311 2705 371 selbe,
2722 311 2791 371 als
2808 313 2876 373 dan
2912 315 3065 375 begegn
3082 315 3203 375 sllen

2023 453 2127 513 fahls
2142 431 2231 491 aber
2275 411 2336 471 die
2365 401 2440 461 sich
2469 392 2588 452 nicht
2603 389 2692 449 nach
2722 386 2797 446 dem
2841 386 3034 446 vorgeben
3064 386 3124 446 deß

2015 528 2167 588 ters
2196 493 2348 553 Währ
2407 473 2483 533 loe
2513 465 2588 525 min
2605 461 2725 521 gnädigen
2740 461 2845 521 Herer
2877 462 2906 522 as
2936 465 3073 525 ganze
3102 469 3225 529 ge¬

2022 607 2169 667 schafft
2200 579 2243 639 zu
2272 555 2537 615 beredigen
2552 547 2626 607 deß
2669 547 2729 607 H.
2758 549 2904 609 Praf.
2935 553 3213 613 anbohnendes

2013 684 2274 744 Vorteitet
2291 649 2536 709 überlaßen
2555 644 2676 704 haben

2031 865 2209 925 Ared.
2247 829 2425 889 dennah
2445 812 2505 872 vor
2543 800 2663 860 Meh
2740 786 2899 846 gelaeget
2937 781 2997 841 ds
3017 777 3236 837 Mtatino¬

2050 942 2159 1002 iel,
2186 925 2269 985 und
2296 905 2544 965 Consistorial
2585 886 2777 946 geschäfft
2804 877 2983 937 süschen
2997 871 3066 931 H.
3080 869 3176 929 Samb

2080 1017 2221 1077 Callier
2256 1004 2349 1064 Ohon
2386 991 2514 1051 Apied
2527 978 2655 1038 undt
2679 966 2819 1026 Mari
2867 953 3138 1013 Verilliard.

2069 1105 2178 1165 solche
2208 1094 2288 1154 Ihne
2338 1083 2397 1143 der
2428 1075 2517 1135 Ehe,
2537 1064 2646 1124 undt
2666 1049 2955 1109 schwängerung
2985 1036 3075 1096 halb

2054 1194 2254 1254 beklaget
2326 1174 2426 1234 seine
2468 1162 2641 1222 Mutter
2669 1151 2755 1211 aber
2799 1141 2883 1201 Iher
2913 1132 3013 1192 undtes
3041 1123 3113 1183 den

2036 1291 2146 1351 Jahrn
2158 1280 2230 1340 werg
2280 1262 2474 1322 zuzeühen
2524 1244 2756 1304 verlangen
2804 1229 2963 1289 habindt
3000 1216 3171 1276 dieselben

2052 1380 2141 1440 noch
2156 1360 2411 1420 erdauwung
2441 1343 2502 1403 der
2546 1335 2605 1395 bey
2651 1326 2770 1386 Ihnen
2831 1315 2905 1375 diß
2951 1302 3234 1362 wocherachter

2060 1463 2260 1523 Boredus
2313 1450 2461 1510 hiemit
2487 1442 2528 1502 zu
2581 1428 2863 1488 Rechterkeit,
2889 1407 3010 1467 wielen
3036 1394 3103 1454 der

2044 1554 2141 1614 Paut
2177 1542 2300 1602 Calles
2324 1533 2459 1593 annoch
2483 1523 2618 1583 under
2655 1514 2729 1574 den
2765 1503 2925 1563 Jahren,
2949 1490 3009 1550 alß
3047 1475 3156 1535 solle

2049 1643 2120 1703 der
2157 1632 2324 1692 Muttes
2359 1621 2432 1681 das
2467 1610 2634 1670 Zuguecht
2670 1598 2766 1658 nach
2801 1586 2874 1646 der
2897 1570 3125 1630 Oordnung
3160 1550 3208 1610 de

2034 1738 2102 1798 No
2129 1730 2240 1790 1723.
2253 1720 2405 1780 ertheilt
2432 1707 2611 1767 folgbar
2665 1695 2817 1755 dieser
2858 1685 2914 1745 Ehe
2955 1667 3215 1727 auffgehoben

2049 1813 2159 1873 undt
2196 1809 2294 1869 Ihme
2332 1804 2417 1864 das
2443 1799 2590 1859 Kindt
2614 1792 2689 1852 alß
2725 1782 2960 1842 ohnEhelich
2996 1764 3218 1824 zubekennet

2059 1907 2126 1967 die
2166 1903 2313 1963 Kösten
2381 1895 2487 1955 aber
2513 1877 2861 1937 außerheblichen
2901 1854 3075 1914 grunden
3129 1839 3277 1899 tett¬

2064 1994 2310 2054 geschlagen
2324 1985 2420 2045 sein,
2448 1976 2585 2036 deßen
2639 1966 2707 2026 Ihr
2749 1955 2914 2015 hiemit
2941 1938 3119 1998 berichtet

2066 2094 2210 2154 andet
2246 2083 2331 2143 mit
2355 2070 2595 2130 gesinnen,
2633 2057 2692 2117 die
2716 2049 2836 2109 beydt
2860 2036 3065 2096 gezeugen,
3077 2025 3101 2085 so
3126 2019 3185 2079 der

2069 2191 2148 2251 Ehr
2161 2175 2448 2235 Versprechung
2500 2152 2736 2212 beygewohnt,
2749 2138 2840 2198 undt
2853 2132 2983 2192 annah
3024 2122 3128 2182 under

2077 2281 2155 2341 der
2199 2271 2289 2331 Jahr
2368 2258 2479 2318 find
2536 2247 2581 2307 zu
2614 2233 2827 2293 Cenjuriren
2850 2217 3085 2277 künfftighin
3108 2208 3209 2268 aber

2063 2383 2125 2443 die
2173 2374 2331 2434 Factat
2379 2356 2521 2416 somit
2536 2342 2616 2402 fur
2647 2330 2727 2390 sach
2758 2319 2853 2379 diren
2884 2310 2930 2370 in
2963 2304 3026 2364 den
3041 2302 3231 2362 Procedur

2069 2471 2407 2531 außzulaßen,
2440 2454 2508 2514 die
2542 2435 2780 2495 Vesiliard
2796 2418 2898 2478 aber
2931 2408 3101 2468 dernnen
3134 2407 3219 2467 zue
