4032 3024
450 342 493 402 16

467 801 615 861 Schaubet
627 780 721 840 Jharo

469 895 559 955 Lots
591 873 743 933 Eesebott

477 1522 597 1582 Glder
608 1517 644 1577 H.
656 1516 692 1576 v.
703 1511 764 1571 Rr.

478 1949 608 2009 Pegenues
621 1949 749 2009 Cchistian

472 2039 587 2099 Maure
613 2042 738 2102 Barbara

720 367 937 427 ableißung
953 353 985 413 zu
1016 339 1203 399 halten,
1218 329 1281 389 da
1329 326 1453 386 dann
1483 331 1531 391 Er
1561 342 1655 402 statt
1687 360 1733 420 den

738 457 999 517 abbuestung
1042 439 1087 499 die
1101 432 1144 492 in
1173 424 1247 484 der
1275 414 1451 474 Odung
1479 425 1741 485 determanit

735 553 803 613 biß
854 543 903 603 des
919 530 1088 590 deßig
1121 512 1240 572 Caner
1256 503 1307 563 zu
1356 497 1509 557 hander
1525 501 1625 561 Ihre
1660 515 1728 575 an¬

729 628 1032 688 Sehntichte.

748 753 967 813 Shurgdorff
1000 725 1110 785 sond.
1126 711 1219 771 Auß
1283 698 1361 758 mit
1378 696 1597 756 kommender
1630 722 1757 782 Sapb¬

756 832 904 892 berdind
918 819 967 879 sie
993 811 1041 871 zu
1066 799 1228 859 ersechen
1254 790 1404 850 haben,
1428 789 1566 849 beßen
1590 796 1702 856 Isral

752 908 899 968 Gaubert
921 902 990 962 H.
1001 886 1227 946 Angehötige
1262 867 1330 927 sich
1353 856 1580 916 erklaget:
1613 861 1693 921 Wie

764 988 837 1048 gber
861 970 1032 1030 wethst
1056 952 1154 1012 en,
1167 941 1301 1001 sondern
1338 932 1607 992 weigerungs
1631 942 1728 1002 geund

755 1073 841 1133 bider
862 1060 917 1120 sei
938 1050 993 1110 deß
1035 1031 1241 1091 Bauberts
1273 1020 1348 1080 mit
1381 1018 1424 1078 der
1445 1018 1618 1078 Flisabete
1640 1029 1714 1089 uolo

760 1140 957 1200 verhabende
980 1126 1050 1186 Ehe
1086 1111 1330 1171 beobachtet;
1352 1103 1398 1163 So
1422 1100 1572 1160 habend
1596 1104 1653 1164 Sie
1678 1108 1723 1168 die

752 1227 863 1287 Ehrb.
890 1214 1058 1274 ansinden
1086 1197 1253 1257 wollen,
1281 1185 1335 1245 die
1364 1177 1614 1237 bezeuchung
1642 1178 1739 1238 dieser

751 1307 813 1367 Ehe
838 1291 1041 1351 entweders
1066 1279 1103 1339 zu
1140 1271 1304 1331 gestaten
1343 1266 1380 1326 er
1393 1264 1544 1324 e
1569 1264 1606 1324 na
1633 1266 1757 1326 Hicher

765 1377 1001 1437 oppositionen
1024 1364 1213 1424 fürderlich
1238 1355 1403 1415 berichten
1427 1351 1451 1411 zu
1486 1348 1603 1408 laßen

764 1480 959 1540 Erläuterte
985 1473 1058 1533 sich
1082 1469 1130 1529 H.
1156 1463 1303 1523 zerleder
1351 1456 1412 1516 daß
1450 1453 1486 1513 er
1510 1451 1571 1511 sich
1597 1451 1730 1511 lediger

759 1560 882 1620 singen
906 1557 939 1617 an
988 1555 1038 1615 der
1070 1550 1259 1610 eroberten
1284 1543 1555 1603 Contumacial
1580 1542 1694 1602 urthel

772 1627 878 1687 halte,
901 1626 959 1686 und
996 1624 1054 1684 von
1078 1621 1242 1681 selberen
1278 1615 1384 1675 nicht
1396 1611 1525 1671 stechen
1548 1606 1677 1666 wolle.

793 1782 1007 1842 Brundin
1037 1778 1160 1838 hoßtke
1175 1778 1253 1838 land
1283 1780 1329 1840 an
1346 1781 1391 1841 H.
1421 1779 1575 1839 Pfarhh.
1605 1770 1637 1830 zu
1668 1759 1776 1819 Ver¬

784 1861 931 1921 langter
955 1861 1152 1921 Begwiesung
1189 1862 1386 1922 betreffent
1410 1858 1472 1918 deß
1521 1846 1743 1906 Ponlishen

781 1948 924 2008 Chistiam
971 1949 1150 2009 Jegeners
1185 1948 1244 2008 auß
1293 1944 1351 2004 dem
1400 1924 1769 1984 Wallißlandver¬

789 2040 957 2100 habende
996 2037 1061 2097 Ehe
1111 2031 1382 2091 bezeüchung
1420 2015 1524 2075 mit
1562 1993 1731 2053 Barbern

786 2126 939 2186 Maurs
966 2126 1065 2186 Hon
1092 2126 1329 2186 Gutkannen
1385 2115 1538 2175 wolleind
1566 2102 1579 2162 W
1622 2085 1719 2145 ee
1732 2058 1818 2118 desch

779 2193 995 2253 inantwort
1040 2204 1241 2264 verdeütet
1270 2205 1431 2265 haben,
1459 2196 1516 2256 daß
1575 2174 1706 2234 Magt.
1720 2143 1808 2203 Geo¬

763 2267 908 2327 gnung
925 2274 998 2334 der
1015 2283 1232 2343 Pronlesten
1250 2287 1339 2347 holb
1359 2280 1556 2340 vermage,
1574 2261 1646 2321 daß
1683 2234 1791 2294 derseh

773 2349 871 2409 keire
884 2362 1065 2422 Eheschein
1093 2371 1258 2431 Ertheilt
1288 2369 1399 2429 werden
1426 2360 1551 2420 sollen,
1580 2346 1634 2406 sie
1648 2332 1732 2392 habe

771 2443 833 2503 sich
866 2449 959 2509 dann
977 2457 1103 2517 zuvor
1134 2463 1198 2523 umb
1229 2464 1294 2524 Ein
1325 2460 1497 2520 heimaths
1515 2442 1608 2502 Rcht
1626 2426 1657 2486 in
1672 2399 1814 2459 landen

779 2529 973 2589 betreben,
989 2540 1086 2600 undt
1102 2549 1230 2609 seyndt
1248 2553 1539 2613 naturaliret,
1570 2530 1667 2590 foll
1699 2498 1796 2558 abesr

3061 225 3222 285 257s.

2026 306 2106 366 Eine
2121 295 2247 355 Weite
2263 287 2438 347 zersehn
2471 284 2566 344 Gon
2597 287 2710 347 Einen
2741 295 2947 355 Pronulisten
2964 304 3011 364 sch
3026 312 3170 372 wanger

2028 397 2124 457 heiks
2136 384 2234 444 wäre
2270 375 2418 435 sollendt
2442 373 2538 433 beyde
2576 376 2770 436 alsobaldt
2794 382 2856 442 auß
2892 387 2954 447 dem
2978 394 3088 454 Landt
3112 399 3198 459 Ver¬

2014 488 2132 548 wlisen
2147 469 2337 529 werden,
2354 456 2590 516 vernahmen
2605 455 2648 515 Eo
2663 455 2723 515 sich
2737 459 2944 519 Conformitn
2973 465 3062 525 ende
3077 468 3121 528 et

2037 647 2268 707 Wangen
2314 628 2437 688 Praefe
2469 621 2701 681 GieHHrr
2716 619 2870 679 habendt
2902 619 2948 679 der
2963 619 3149 679 gemeindt

2036 737 2182 797 hotfteil
2228 713 2476 773 weigerungs,
2500 703 2646 763 gründt
2669 701 2772 761 wider
2794 701 2850 761 die
2874 700 3133 760 Vtorhabenden

2077 820 2142 880 Ehe
2170 808 2235 868 deß
2289 797 2381 857 Hanß
2420 788 2698 848 Bottensteins
2737 788 2829 848 Ihres
2842 787 3079 847 angehorgen
3120 783 3185 843 mit

1815 877 1934 937 vorsor
1952 856 2020 916 haf

2072 900 2271 960 Barbara
2321 879 2535 939 Hoffstetter
2572 875 2648 935 vor
2697 876 2897 936 Niterontz
2921 880 2948 940 so
2960 882 3098 942 schlecht
3123 886 3209 946 undt

1819 958 1953 1018 seter
1970 936 2055 996 bar.

2040 997 2155 1057 genng
2203 971 2492 1031 befunden,
2516 960 2609 1020 daß
2655 956 2830 1016 dieselben
2878 955 2947 1015 rei
2993 955 3167 1015 bedeiben

1869 1015 1986 1075 fara.

2038 1075 2284 1135 getragen,
2304 1056 2438 1116 diesere
2458 1049 2520 1109 Ehe
2572 1042 2848 1102 ubestätigen
2901 1036 3096 1096 derowegen
3126 1033 3187 1093 der

2024 1186 2104 1246 H.
2117 1166 2361 1226 LandtVogt
2376 1144 2780 1204 freündtlichersucht
2820 1132 2942 1192 werde,
2969 1128 3024 1188 die
3037 1121 3254 1181 promub¬

2041 1259 2173 1319 gation
2208 1252 2328 1312 dieser
2351 1247 2412 1307 Ehe
2447 1241 2567 1301 hinder
2603 1233 2771 1293 latzteil
2795 1224 3130 1284 anzubefehlen

2044 1356 2185 1416 damit
2211 1342 2340 1402 dieser
2378 1335 2441 1395 Ehe
2468 1332 2558 1392 Ihre
2583 1329 2777 1389 fortgang
2815 1324 3008 1384 gewinen
3020 1318 3149 1378 könne

2049 1455 2086 1515 Es
2110 1450 2198 1510 seye
2249 1442 2361 1502 dann
2385 1436 2473 1496 sach,
2499 1432 2574 1492 daß
2623 1428 2686 1488 die
2723 1419 2998 1479 Gemendt
3023 1402 3198 1462 Lotteil

2058 1544 2289 1604 bündiger
2347 1528 2650 1588 oppositiones
2684 1520 2847 1580 hätte,
2870 1514 3126 1574 welchenfahlt

2051 1640 2208 1700 derselbe
2232 1631 2282 1691 vol
2306 1627 2354 1687 in
2366 1623 2464 1683 gnädigen
2476 1619 2574 1679 Herren
2586 1615 2647 1675 mit
2671 1610 2940 1670 harhaltung
2976 1609 3024 1669 der
3049 1610 3268 1670 Pfartheyer

2056 1728 2290 1788 überschiken
2312 1718 2458 1778 werden,
2469 1711 2570 1771 mitt
2592 1708 2638 1768 hin
2660 1704 2738 1764 aber
2771 1701 2828 1761 der
2861 1699 3062 1759 Gemeindt
3084 1699 3163 1759 zun

2042 1823 2342 1883 verdeüten,
2372 1810 2443 1870 daß
2487 1807 2530 1867 Es
2558 1803 2616 1863 mit
2630 1801 2673 1861 an
2703 1800 2760 1860 Ihr
2802 1797 2874 1857 sehe
2903 1796 3003 1856 über
3032 1795 3090 1855 die
3104 1792 3278 1852 gult¬

2056 1917 2140 1977 oder
2168 1905 2478 1965 ohngultigkeit
2507 1895 2591 1955 eine
2619 1891 2690 1951 Ehe
2718 1885 3056 1945 zuerkennen.

2050 2078 2318 2138 Wichtrach.
2338 2066 2516 2126 Baobara
2565 2054 2694 2114 Koebs
2734 2046 2824 2106 habe
2853 2042 2912 2102 wie
2932 2034 3112 2094 vormahlen
3131 2028 3261 2088 vor¬

2092 2155 2252 2215 Ihnen,
2273 2152 2359 2212 also
2369 2148 2445 2208 auch
2476 2143 2520 2203 vomM
2530 2140 2573 2200 in
2583 2137 2669 2197 gnädigen
2679 2131 2765 2191 Herren
2786 2126 2841 2186 deß
2893 2113 3107 2173 beyschlaffe
3128 2102 3214 2162 halb

1854 2164 1906 2224 Reck
1938 2170 2063 2230 Barbara

2093 2235 2252 2295 beklaget
2295 2227 2519 2287 Emanuel
2562 2219 2743 2279 Heeman,
2764 2214 2839 2274 mit
2860 2208 3062 2268 verdeüten,
3083 2203 3138 2263 Sie
3148 2200 3201 2260 syr

1855 2245 1934 2305 benen
1947 2261 2079 2321 Emaniuer

2058 2332 2155 2392 drey
2179 2321 2301 2381 wohnn
2337 2312 2433 2372 über
2457 2306 2518 2366 die
2542 2301 2639 2361 halbe
2676 2296 2735 2356 zeit
2761 2291 2990 2351 schwanger,
3002 2288 3124 2348 wüßte
3148 2287 3244 2347 aber

2074 2408 2291 2468 Eigentlich
2317 2401 2510 2461 nhmit,
2522 2393 2571 2453 ob
2595 2389 2630 2449 sie
2642 2386 2703 2446 sich
2727 2377 2922 2437 schwangen
2957 2368 3054 2428 liebs
3091 2362 3247 2422 befinden

2068 2502 2158 2562 oder
2183 2503 2260 2563 nit
2310 2499 2413 2559 dere
2438 2492 2503 2552 Min
2515 2485 2618 2545 gnädigen
2631 2477 2733 2537 Herren
2746 2469 2785 2529 Sie
2835 2459 2913 2519 zue
2938 2445 3233 2505 abbießung
