4032 3024
453 334 583 394 158.

469 951 634 1011 Gefalter

469 1019 700 1079 Radelfinger

471 1114 551 1174 Bloh
576 1093 722 1153 arbara

454 1200 591 1260 Marti
618 1184 755 1244 Rudolf

479 2161 635 2221 obt.

717 359 892 419 gehahten
927 336 1032 396 undt
1052 320 1156 380 Ihre
1192 308 1333 368 hremit
1350 310 1597 370 aufgergen
1614 342 1740 402 halen

706 432 899 492 Wollind,
914 418 1018 478 fehls
1049 406 1107 466 Sie
1122 399 1167 459 sch
1182 389 1331 449 wanges
1360 386 1479 446 wäre
1510 396 1599 456 auff
1614 417 1718 477 Sige

722 514 804 574 und
833 509 917 569 nach
931 503 985 563 der
1013 487 1223 547 sordnung
1250 471 1348 531 gegen
1375 466 1445 526 Sie
1473 470 1681 530 verfahren

740 595 904 655 zelaßen

721 763 856 823 Langt
892 742 1095 802 folgender
1131 724 1249 784 hedul
1301 716 1370 776 Non
1403 718 1590 778 MenHen
1609 728 1659 788 der
1694 743 1763 803 ut

759 842 908 902 bürgek
932 828 1067 888 hammer
1093 818 1204 878 ein.
1253 811 1315 871 Es
1351 807 1500 867 habendt
1537 807 1623 867 bar
1649 809 1698 869 die

754 926 1095 986 außgescheßenen
1134 898 1291 958 begto
1317 886 1553 946 Gemenden
1606 891 1764 951 bestolten

769 1023 848 1083 undt
876 1006 1091 1066 dodelfige
1117 990 1198 1050 Min
1211 981 1319 1041 gnädigen
1334 973 1441 1033 Herren
1454 968 1616 1028 begehrt
1643 970 1750 1030 Einen

765 1099 887 1159 urtheil
918 1094 999 1154 über
1020 1088 1092 1148 deß
1143 1079 1214 1139 von
1286 1064 1490 1124 Barbara
1552 1060 1654 1120 Bloh
1684 1063 1746 1123 von

766 1182 1047 1242 Radelfingen,
1058 1168 1093 1228 so
1104 1162 1175 1222 mit
1198 1150 1374 1210 Rudolff
1399 1140 1539 1200 Marti
1562 1139 1655 1199 von

734 1270 946 1330 Gfoltern
1010 1249 1148 1309 Ehrlich
1191 1232 1425 1292 versprochen
1467 1222 1628 1282 gewesen
1680 1219 1744 1279 mit

777 1346 868 1406 einen
937 1330 1189 1390 ohnbekanten
1236 1314 1454 1374 frömbder
1489 1308 1558 1368 ohn
1581 1307 1708 1367 Ehrlich

763 1420 975 1480 gefeugtes
997 1411 1134 1471 Kindts
1177 1400 1347 1460 himathe
1368 1393 1475 1453 undt
1506 1390 1740 1450 bürgerReht

781 1500 990 1560 verlanget
1031 1490 1146 1550 wiehen
1177 1484 1219 1544 Er
1261 1479 1344 1539 aber
1375 1470 1584 1530 beforderst
1605 1462 1761 1522 darumb

768 1580 903 1640 zuthun,
922 1578 1018 1638 nenne
1047 1573 1171 1633 diesers
1191 1567 1220 1627 in
1248 1556 1441 1616 unsucht
1460 1533 1729 1593 erzeügenden

764 1663 882 1723 Kindt
907 1660 1121 1720 eigentlich
1156 1648 1418 1708 zugesprochen
1430 1631 1548 1691 werden
1559 1617 1679 1677 solle,
1702 1602 1762 1662 Alß

765 1736 861 1796 haben
898 1742 1044 1802 nädiehe
1104 1739 1213 1799 solches
1237 1729 1419 1789 geschäfft
1455 1713 1492 1773 an
1528 1700 1624 1760 Euch
1638 1681 1746 1741 wiesen

774 1814 895 1874 wolle,
910 1816 971 1876 mit
986 1817 1230 1877 überlaßen,
1259 1811 1397 1871 harum
1441 1799 1549 1859 noch
1579 1775 1731 1835 Inhalt

743 1899 841 1959 Jel.
853 1901 965 1961 Corgs.
990 1901 1065 1961 Jah.
1089 1896 1363 1956 zuverfahren.
1399 1876 1636 1936 Worüber
1648 1854 1797 1914 erkent.

759 2079 915 2139 Gedul
972 2075 1013 2135 ene
1041 2074 1155 2134 gnädigen
1168 2070 1282 2130 Herren
1296 2068 1338 2128 der
1367 2057 1650 2117 Burgersamme.
1678 2033 1762 2093 Über

780 2168 828 2228 die
852 2164 1116 2224 Verlangende
1128 2161 1357 2221 nachricht,
1381 2153 1442 2213 ven
1489 2140 1574 2200 das
1598 2120 1695 2180 Von

781 2250 919 2310 Berbara
956 2246 1042 2306 Bloh
1093 2245 1168 2305 Son
1206 2239 1467 2299 Radelfingen
1480 2225 1518 2285 in
1543 2205 1718 2265 unzucht

771 2329 944 2389 ehrigete
978 2332 1100 2392 Kindt
1117 2332 1344 2392 zugsphrote
1378 2321 1517 2381 worden,
1554 2302 1656 2362 habe
1673 2288 1693 2348 d
1727 2270 1795 2330 est

772 2409 829 2469 die
844 2411 903 2471 Ehr
931 2414 1032 2474 Ihnen
1091 2420 1366 2480 zubeeicken,
1395 2411 1466 2471 daß
1497 2397 1611 2457 dieser
1642 2372 1713 2432 Wor

762 2495 837 2555 des
855 2497 1209 2557 Blocherzeugete,
1227 2506 1320 2566 undt
1341 2505 1470 2565 Einer
1509 2488 1677 2548 gebüßte
1695 2443 1845 2503 beste¬

1834 1219 1999 1279 Suntliboch

1852 1287 1981 1347 harbata

1827 1377 1927 1437 Spfe
1953 1353 2052 1413 Michl

1867 2214 1941 2274 Vegr
1954 2223 2041 2283 Simrer

1874 2290 2006 2350 Vettler

1886 2348 1993 2408 berbere

3078 223 3223 283 29.

2009 309 2099 369 Von
2124 285 2318 345 Lausarne
2343 274 2511 334 nahmens
2536 277 2665 337 Cjurard,
2677 281 2729 341 der
2742 284 2807 344 abe
2832 290 2883 350 mit
2897 297 3064 357 erforget
3076 305 3194 365 weben,

2012 388 2133 448 keinen
2196 368 2269 428 Ihre
2294 363 2319 423 so
2343 361 2428 421 lang
2454 361 2638 421 übelaßen
2686 370 2846 430 worden,
2870 374 2920 434 bß
2945 376 2993 436 sie
3005 379 3104 439 Einen

2007 478 2233 538 geständige
2262 457 2404 517 Stetter
2432 455 2546 515 deßen
2603 457 2675 517 vor
2703 461 2745 521 dem
2801 465 2930 525 Richter
2944 467 3058 527 sellen
3072 466 3157 526 wede

2014 592 2060 652 Es
2076 575 2156 635 hrn
2187 555 2329 615 Mehe
2376 546 2471 606 eanit
2487 545 2629 605 brichts
2645 547 2707 607 wiß
2724 551 2960 611 angefürgt
2976 550 3118 610 werden

2022 657 2108 717 umb
2127 636 2337 696 nunmehro
2356 629 2442 689 nach
2471 630 2633 690 habender
2663 636 2881 696 Competenz
2900 636 2996 696 wegen
3025 628 3158 688 diesers

2018 723 2354 783 Kindtstetigen
2370 715 2570 775 Cheimathe
2605 721 2722 781 Recht
2755 725 2922 785 Guschen
2938 722 3072 782 denen

2029 823 2241 883 gemeinden
2282 810 2482 870 Asfolten
2508 811 2602 871 undt
2628 814 2908 874 Radelfinger
2936 811 2989 871 Ihr
3015 806 3161 866 Urtheil

2030 909 2237 969 außfellen
2263 891 2539 951 zukömen.

2031 1089 2143 1149 Über
2165 1079 2233 1139 das
2255 1069 2435 1129 erscheinen
2501 1056 2615 1116 undt
2637 1049 2817 1109 erklagen
2861 1043 2929 1103 der
2951 1037 3142 1097 Barbara

2053 1164 2319 1224 Buntzliboch
2358 1147 2506 1207 Vatter
2546 1138 2604 1198 wie
2634 1133 2712 1193 daß
2762 1127 2831 1187 deß
2880 1119 3018 1179 Michels
3047 1108 3215 1168 Küpfers

2050 1255 2117 1315 alß
2158 1240 2267 1300 seines
2281 1227 2527 1287 Tahtenant
2554 1216 2704 1276 Vatter
2746 1210 2854 1270 wolle
2881 1205 2977 1265 Ihme
2991 1197 3141 1257 nichts

2070 1334 2177 1394 geben
2229 1320 2305 1380 für
2336 1314 2390 1374 die
2422 1302 2701 1362 anderthalb
2722 1290 2862 1350 Jährige
2914 1278 3225 1338 underhaltung

2045 1415 2101 1475 deß
2147 1407 2238 1467 mit
2261 1394 2510 1454 Einanderen
2557 1381 2772 1441 erzeigete
2806 1371 2999 1431 Kindts.
3010 1367 3113 1427 Num

2042 1498 2151 1558 globs
2175 1491 2235 1551 der
2285 1480 2417 1540 Jinge
2442 1465 2671 1525 Rüpfran
2756 1451 2866 1511 seinen
2937 1441 3167 1501 Schwacher

2040 1578 2126 1638 für
2164 1571 2226 1631 das
2252 1564 2389 1624 kinde
2425 1552 2588 1612 jährlich
2625 1542 2725 1602 Sehs
2751 1535 2876 1595 sparen
2925 1528 2963 1588 zu
2988 1521 3188 1581 Entrichten

2047 1657 2113 1717 sich
2136 1652 2213 1712 von
2269 1643 2380 1703 seinem
2447 1636 2614 1696 Vatter
2658 1628 2925 1688 zubegeben,
2947 1621 3047 1681 undt
3058 1614 3247 1674 Entledes

2066 1733 2142 1793 mit
2179 1733 2242 1793 der
2267 1731 2457 1791 Ehefrauw
2507 1726 2545 1786 zu
2583 1721 2709 1781 hausen
2771 1712 2847 1772 oder
2873 1706 2949 1766 nach
2986 1695 3150 1755 belieben

2058 1825 2203 1885 beydes
2231 1822 2271 1882 in
2325 1820 2485 1880 dienste
2524 1811 2765 1871 zugehen:
2791 1799 2871 1859 Wor
2885 1789 3019 1849 bgydie
3032 1777 3125 1837 Herer
3138 1767 3192 1827 eEs

2066 1912 2159 1972 auch
2181 1904 2341 1964 belende
2376 1900 2548 1960 laße.

2057 2043 2224 2103 langte
2259 2028 2461 2088 folgender
2484 2019 2592 2079 heul
2627 2012 2723 2072 Ein:
2770 2000 2962 2060 dernach
2985 1988 3105 2048 Ehegl.
3128 1978 3175 2038 den

2056 2125 2234 2185 underem
2300 2120 2379 2180 18.
2401 2116 2490 2176 9b.
2501 2110 2657 2170 lesthin
2690 2097 2969 2157 überschuben
3004 2078 3259 2138 Matrima¬

2073 2200 2182 2260 nial
2230 2201 2352 2261 Casum
2449 2197 2484 2257 so
2496 2195 2557 2255 sich
2581 2191 2654 2251 auß
2702 2182 2848 2242 anlaß
2895 2169 3041 2229 Sinvor
3077 2154 3282 2214 Nydeper

2091 2286 2364 2346 Vorgehabten
2415 2280 2493 2340 Ehe
2518 2277 2609 2337 mit
2649 2270 2831 2330 baobara
2882 2256 3194 2316 Hooffstettler

2058 2384 2138 2444 mit
2181 2381 2287 2441 deren
2332 2376 2367 2436 Er
2447 2369 2544 2429 zwar
2570 2362 2641 2422 mit
2667 2356 2782 2416 keiner
2818 2344 3083 2404 verwandt-
3101 2337 3189 2397 noch

2056 2473 2159 2533 Blut
2187 2466 2495 2526 freundschafft
2509 2454 2596 2514 auff
2626 2444 2772 2504 Einiche
2801 2435 2874 2495 weiß
2917 2431 2991 2491 mit
3005 2429 3239 2489 verbunden
