4032 3024
472 337 607 397 1624.

459 664 567 724 selbe
591 640 699 700 beweit

468 729 747 789 Aegstisst.

483 946 564 1006 Bar
575 935 657 995 Joh.
668 931 774 991 Corls.

653 1008 775 1068 Elß.

484 1026 638 1086 Gommon

524 1090 609 1150 Ah

494 1463 640 1523 Chisfer
655 1451 754 1511 Mäch¬

497 1546 670 1606 Egeblhr
687 1539 756 1599 haß

746 351 859 411 nichts
871 340 935 400 mit
960 328 1048 388 Ihme
1072 315 1210 375 gethan
1286 304 1386 364 auff
1411 307 1550 367 Bterona
1575 327 1713 387 tag¬

737 433 882 493 hrumb
910 420 983 480 Ihre
1012 410 1085 470 sag
1100 401 1187 461 noch
1216 394 1303 454 seye
1346 391 1403 451 der
1434 396 1723 456 beyschlagsten

737 516 988 576 bergangen.
1014 499 1106 559 sorh
1147 489 1200 549 den
1226 480 1385 540 cülli.
1411 476 1582 536 sambt
1610 484 1675 544 den

749 600 894 660 Vunbedt
909 589 1027 649 Kelle
1053 578 1145 638 undt
1173 566 1304 626 Mistr
1345 559 1582 619 Aegestein
1609 568 1674 628 aus

747 687 989 747 künfftige
1039 671 1215 731 donstag
1265 651 1525 711 Cittiren:

748 866 823 926 Vt
855 856 963 916 Jh.
978 845 1071 905 Cart
1118 829 1194 889 Bär
1241 816 1318 876 auß
1364 807 1426 867 den
1456 802 1749 862 Brandeburgel

782 946 985 1006 bewilliget
1027 933 1108 993 mit
1129 917 1324 977 Elbeth
1364 898 1600 958 Gomann
1640 896 1712 956 von

774 1047 918 1107 belge
941 1036 1065 1096 biche
1088 1022 1209 1082 teht
1232 1004 1403 1064 halber
1453 990 1500 1050 zu
1523 983 1694 1043 kenne

760 1268 921 1328 Ghoheg
957 1254 1103 1314 Graif.
1138 1240 1318 1300 Nachten
1373 1225 1552 1285 Mehe
1660 1212 1714 1272 hbe

767 1359 824 1419 den
859 1349 1088 1409 Consistorial
1133 1333 1294 1393 handel
1339 1318 1511 1378 zuschen
1534 1298 1729 1358 Madi¬

792 1449 829 1509 hu
856 1442 932 1502 her
957 1437 1021 1497 von
1073 1420 1339 1480 Wikekeil
1378 1403 1454 1463 alß
1506 1393 1568 1453 die
1582 1387 1632 1447 diß
1671 1379 1760 1439 wehr

792 1526 986 1586 Eikommen
1039 1512 1220 1572 schaffte
1246 1490 1506 1550 erdaukret
1558 1464 1701 1524 habend

784 1610 976 1670 dieselben
1005 1603 1051 1663 ie
1080 1590 1376 1650 Examination
1420 1556 1731 1616 deßgeschafft

780 1693 874 1753 undt
887 1684 1101 1744 erhörung
1141 1675 1222 1735 der
1248 1662 1476 1722 Pfartheyen
1517 1643 1596 1703 mit
1611 1629 1732 1689 sinder

780 1784 925 1844 keinen
975 1773 1266 1833 Roßetbeis
1282 1741 1639 1801 gsottzmeßiges
1671 1695 1800 1755 hrauff

783 1870 935 1930 gehesen
986 1864 1113 1924 werden
1152 1852 1329 1912 können,
1368 1830 1597 1890 derowegen
1648 1799 1802 1859 diselben

787 1959 872 2019 auch
902 1955 1031 2015 solches
1059 1949 1188 2009 Gott
1217 1937 1332 1997 undt
1362 1929 1418 1989 der
1447 1918 1547 1978 feit
1592 1896 1808 1956 heimbge¬

796 2046 919 2106 stellt
943 2041 1041 2101 undt
1066 2038 1164 2098 Ihme
1202 2032 1423 2092 zgelehrer
1460 2009 1780 2069 lielerpfede

787 2126 1085 2186 schworseung
1116 2124 1350 2184 bekennt
1398 2116 1476 2176 der
1507 2098 1712 2158 Christere

781 2218 907 2278 Kindt
935 2218 1019 2278 alß
1060 2221 1271 2281 ohnehelich
1314 2215 1609 2275 zubekennet,
1623 2180 1762 2240 welches

785 2307 998 2367 anzunenn
1030 2315 1075 2375 Er
1105 2320 1198 2380 auch
1228 2318 1473 2378 angelobt,
1488 2300 1596 2360 undt
1626 2272 1733 2332 byde

808 2392 876 2452 zur
902 2396 1158 2456 abkuestung
1173 2402 1375 2462 gehalten.

805 2488 928 2548 und
962 2495 1049 2555 hauß
1085 2507 1292 2567 segelehers
1328 2512 1398 2572 Sa
1431 2496 1728 2556 Woltenger

3037 222 3198 282 263.

2043 330 2148 390 Eir,
2163 314 2239 374 undt
2269 299 2481 359 Leuttweil
2511 295 2631 355 bp.
2660 296 2812 356 Weilen
2842 303 3039 363 ohngracht
3069 313 3221 373 gethane

2011 420 2263 480 Eußforhens
2294 399 2342 459 de
2358 392 2498 452 Joggl.
2531 389 2671 449 Felorns
2704 391 2781 451 von
2844 400 3081 460 Biorweil,
3096 410 3221 470 welches

2022 522 2160 582 Werna
2218 488 2427 548 Bollinger
2451 478 2508 538 deß
2555 476 2752 536 Johannes
2810 481 2937 541 Glors
2971 487 3134 547 Ehesauw

1819 634 2123 694 Wegreichs
2165 586 2307 646 kindt
2327 566 2531 626 zueguet
2551 556 2672 616 diser
2695 552 2856 612 authed
2876 553 3123 613 legneten

2025 708 2123 768 soli
2167 688 2210 748 e
2252 675 2338 735 nege
2352 664 2453 724 Herrn
2481 655 2553 715 Ihre
2567 646 2839 706 auffetorgen
2867 640 2967 700 haben
3010 636 3124 696 beyde

1813 756 1875 816 Vr

2036 799 2077 859 im
2104 777 2324 837 Porpations
2351 759 2433 819 Eyd
2474 750 2542 810 undt
2569 745 2625 805 der
2652 739 2870 799 lichtigkeit
2897 740 3089 800 deßselben

2018 898 2128 958 wohl
2161 876 2255 936 undt
2270 854 2507 914 geundtlich
2540 834 2807 894 underisten
2871 822 3062 882 enselbe

2036 972 2293 1032 ictwotigen
2346 942 2501 1002 beicht
2518 934 2535 994 s
2569 928 2656 988 wohl
2707 922 2845 982 Ihrdem
2862 919 3084 979 pfangera

2046 1067 2173 1127 Eydts
2203 1045 2446 1105 Pentention
2503 1027 2575 1087 alß
2632 1016 2804 1076 habender
2832 1003 3178 1063 Lümbdens¬

2046 1157 2147 1217 auff
2175 1148 2233 1208 fin
2262 1137 2377 1197 Ihren
2421 1118 2666 1178 anseztender
2694 1104 2795 1164 undt
2811 1096 3084 1156 vershehenden

2036 1249 2288 1309 tagsambt
2304 1229 2366 1289 der
2399 1215 2603 1275 bollinges
2636 1197 2839 1257 Ehemann
2872 1186 2999 1246 allhor
3030 1183 3187 1243 halten

2030 1337 2306 1397 gelesßen

2041 1497 2251 1557 Etangen
2298 1474 2432 1534 Praes.
2447 1463 2508 1523 Ge
2552 1456 2567 1516 d
2628 1446 2733 1506 HHrn
2748 1440 2809 1500 seye
2824 1429 3049 1489 erschinnen
3095 1417 3215 1477 Josff

2039 1579 2255 1639 Buhunge
2299 1561 2386 1621 der
2415 1546 2560 1606 Elstbel
2617 1523 2849 1583 Süchninget
2877 1507 3037 1567 Satter
3067 1501 3196 1561 welche

2093 1663 2207 1723 Wohl
2255 1652 2368 1712 Mon
2386 1642 2465 1702 alß
2499 1630 2595 1690 nder
2629 1614 2774 1674 genißt
2790 1601 2871 1661 hron
2903 1591 3035 1651 Petter
3050 1586 3130 1646 Ibet
3164 1585 3228 1645 zue

1855 1644 2047 1704 begeh.

1860 1702 1872 1762 1

2057 1759 2150 1819 welt
2181 1746 2371 1806 gebohan
2402 1728 2544 1788 kindt
2559 1708 2796 1768 eumcbset
2811 1690 2904 1750 hanß
2953 1674 3077 1734 hetzis
3110 1662 3172 1722 von

1857 1800 1900 1860 ts
1914 1786 1984 1846 hanß

2036 1849 2316 1909 Laugenthl,
2352 1821 2501 1881 iebhed
2520 1806 2595 1866 auch
2632 1794 2726 1854 laut
2744 1785 2799 1845 ein
2818 1776 2948 1836 kenen
2987 1762 3136 1822 haben

2033 1958 2127 2018 vn
2173 1943 2244 2003 H.
2289 1924 2432 1984 rh
2477 1909 2548 1969 den
2571 1894 2711 1954 allen
2736 1878 2827 1938 von
2876 1866 2921 1926 86
2970 1854 3038 1914 Lb
3064 1846 3109 1906 s.
3132 1835 3252 1895 1712.

2059 2039 2155 2099 nach
2202 2035 2251 2095 st
2275 2028 2348 2088 ker
2371 2003 2707 2063 aufschluchen
2733 1966 2899 2026 deßen
2926 1941 3215 2001 bebentlih¬

2086 2137 2153 2197 sei
2186 2123 2438 2183 muestein,
2455 2099 2573 2159 und
2606 2079 2708 2139 habe
2724 2067 2791 2127 sich
2807 2049 2992 2109 hebleg,
3027 2035 3077 2095 Er

2052 2236 2209 2296 betig
2231 2218 2365 2278 kole
2387 2203 2456 2263 das
2500 2186 2634 2246 kondt
2656 2172 2725 2232 dlß
2769 2158 2837 2218 das
2859 2143 2994 2203 seihe
3037 2122 3172 2182 ncht

2078 2330 2234 2390 anemme
2305 2305 2505 2365 Wornben
2534 2291 2648 2351 gnädihen
2662 2282 2762 2342 Herre
2791 2275 2833 2335 ur
2861 2270 2919 2330 ere
2947 2263 3048 2323 Praof.
3062 2252 3289 2312 freündlich

2049 2427 2214 2487 geseht
2234 2410 2361 2470 haben
2381 2394 2569 2454 wollend
2609 2382 2670 2442 wol
2713 2373 2797 2433 der
2817 2357 3149 2417 hertigebebete

2069 2518 2239 2578 Vatter
2285 2504 2347 2564 deß
2393 2490 2548 2550 Kindts
2563 2477 2704 2537 zusen
2749 2465 2842 2525 Ihne
2890 2454 3013 2514 dahin
3045 2439 3309 2499 anzuhalten
