4032 3024
450 328 520 388 269
548 316 605 376 f.

478 1257 599 1317 hotzg
615 1243 771 1303 bosfre,

741 369 854 429 soßle
888 355 1067 415 daselbe
1099 340 1182 400 nach
1214 333 1263 393 der
1295 330 1509 390 Orednung
1541 342 1589 402 de
1607 352 1656 412 Jo
1688 372 1755 432 ¬

730 458 868 518 anemme
905 446 979 506 thut
1005 439 1042 499 Ee
1092 433 1155 493 mit
1180 427 1305 487 hel,
1329 424 1416 484 undt
1428 424 1504 484 soll
1541 427 1716 487 alßdann

734 561 796 621 de
841 540 1055 600 Sihinges
1072 524 1164 584 seine
1194 515 1271 575 Rriß
1316 511 1408 571 oster
1440 511 1532 571 aund
1562 523 1761 583 außgben

720 654 809 714 gelt
823 640 1032 700 bezahlen,
1047 619 1211 679 wedigen
1227 607 1374 667 fahlt,
1391 604 1480 664 undt
1509 605 1569 665 das
1583 611 1718 671 Ersich

737 750 884 810 deßen
925 732 1071 792 legene
1111 713 1259 773 thäten
1313 700 1419 760 werde
1473 695 1525 755 der
1540 696 1607 756 H.
1620 702 1755 762 Praef.

743 841 895 901 gesucht
923 829 1132 889 kforthey
1173 804 1325 864 sambt
1352 788 1464 848 allen
1491 782 1673 842 nötigen

757 935 902 995 böcht
937 928 1011 988 vor
1046 915 1227 975 Rehn
1244 895 1371 955 halte
1409 881 1462 941 zu
1480 868 1681 928 laßen.

766 1107 1063 1167 Klofigen.
1106 1093 1295 1153 Uadern
1339 1086 1380 1146 14
1423 1084 1548 1144 Lebef.
1571 1085 1761 1145 fonderen

763 1211 887 1271 Hhoches
914 1199 1094 1259 hattendt
1121 1192 1288 1252 MH.
1316 1189 1427 1249 Ihner
1467 1184 1744 1244 ausfgotrage

775 1304 837 1364 den
868 1293 1023 1353 Caßper
1039 1285 1179 1345 hertzig
1227 1279 1287 1339 Ihr
1335 1270 1631 1330 angehöriger
1677 1256 1754 1316 mit

774 1378 867 1438 seine
880 1375 1053 1435 Ehefrau,
1066 1371 1107 1431 so
1133 1369 1200 1429 sich
1239 1364 1334 1424 Eine
1360 1357 1547 1417 geramme
1587 1346 1694 1406 seich
1720 1339 1774 1399 oan

753 1466 846 1526 Ihme
885 1463 1110 1523 abgesackret
1151 1458 1177 1518 su
1216 1447 1521 1507 Verfinbahren
1561 1431 1654 1491 oder

779 1551 857 1611 aber
883 1553 1055 1613 dieselber
1107 1551 1171 1611 der
1184 1547 1303 1607 sachen
1328 1533 1604 1593 gestabtsamme
1617 1514 1761 1574 brichten

748 1649 971 1709 zulaßen,
1000 1648 1089 1708 Nun
1135 1644 1254 1704 ware
1297 1638 1358 1698 ie
1372 1632 1476 1692 Hen
1491 1614 1788 1674 gebetigewesen

752 1741 819 1801 Sie
832 1742 1018 1802 turdindt
1059 1741 1179 1801 diesem
1207 1738 1233 1798 so
1261 1730 1473 1790 heilsammen
1527 1713 1674 1773 Sueb,
1688 1697 1796 1757 ent¬

773 1835 949 1895 Pfaher,
965 1834 1078 1894 undt
1094 1832 1223 1892 dieser
1239 1827 1433 1887 steutige
1464 1811 1625 1871 Ehrleich
1659 1783 1772 1843 Ver¬

759 1931 893 1991 pehat
909 1931 977 1991 ade
993 1932 1094 1992 aber
1127 1934 1311 1994 dieselben
1328 1929 1480 1989 deßen
1496 1898 1747 1958 Verständigt

765 2018 927 2078 haben.
954 2026 1116 2086 Mh.
1129 2026 1211 2086 aber
1224 2023 1304 2083 auß
1346 2015 1399 2075 deß
1453 1999 1601 2059 hertzigt
1629 1973 1765 2033 ider¬

774 2108 962 2168 malige
978 2118 1196 2178 erscheinen
1229 2119 1323 2179 klas
1354 2114 1511 2174 widtige
1542 2090 1714 2150 ersehen

766 2200 975 2260 mürster,
1011 2209 1098 2269 der
1116 2212 1237 2272 legen
1273 2207 1483 2267 dieselben
1519 2192 1572 2252 Sie
1589 2169 1764 2229 alleßo

799 2301 930 2361 beste
949 2312 1194 2372 angefanen
1213 2310 1326 2370 habe
1363 2296 1572 2356 wollind,
1590 2276 1667 2336 den

768 2396 875 2456 fede
913 2408 1129 2468 Rlysheren
1167 2411 1329 2471 Pfarhiy
1383 2404 1421 2464 zu
1456 2383 1710 2443 bremitten

777 2492 828 2552 Il
846 2496 900 2556 fo
917 2504 1091 2564 reheblich
1109 2512 1214 2572 wohb
1231 2515 1337 2575 undt
1354 2512 1460 2572 guit:
1477 2505 1529 2565 wo
1546 2494 1635 2554 mit
1669 2466 1792 2526 edet

1837 986 1983 1046 s.

1858 1931 1967 1991 Wemand
1989 1933 2055 1993 hab.

1884 2000 1963 2060 Ille.

1866 2081 1973 2141 terseran
1994 2084 2070 2144 loin¬

3029 223 3118 283 265
3131 225 3208 285 f.

2005 334 2070 394 Sie
2098 318 2281 378 Pertheyn
2308 310 2347 370 vo
2360 308 2465 368 gnädien
2478 307 2571 367 Heen
2597 308 2715 368 alten
2729 311 2979 371 künfftigchin
2992 312 3084 372 aber

1992 456 2008 516 M
2074 436 2090 496 H
2187 404 2478 464 außshabender
2512 400 2707 460 befelchen
2738 405 2820 465 mit
2835 407 2998 467 mehrer
3014 403 3177 463 obedicen

2023 517 2295 577 zubegesen.
2309 498 2415 558 Wie
2432 496 2506 556 nun
2538 495 2612 555 Sie
2627 496 2689 556 zu
2703 496 2886 556 verfahre
2915 489 3051 549 lüßen

2017 634 2210 694 geledt

2028 792 2364 852 Wildenstein
2424 768 2500 828 Has
2562 762 2636 822 eMen
2668 755 2789 815 gnädigen
2804 751 2911 811 Here
2942 746 2987 806 ehr
3017 740 3217 800 eitemah¬

2043 890 2250 950 erscheinnen
2303 871 2470 931 haffer
2497 862 2639 922 heotzig
2678 856 2756 916 von
2820 848 3067 908 Elfingen

2049 989 2150 1049 undt
2178 977 2265 1037 habe
2294 967 2365 1027 sich
2395 957 2611 1017 Erklagt,
2625 951 2696 1011 wie
2741 946 2812 1006 daß
2856 942 2941 1002 seine
2971 934 3172 994 Ehefreuwe

2033 1080 2149 1140 nicht
2174 1070 2265 1130 mit
2291 1062 2381 1122 Ihme
2407 1054 2563 1114 wohnn
2588 1046 2742 1106 wolle,
2769 1040 2885 1100 Wie
2911 1034 3001 1094 nun
3040 1027 3118 1087 der

2043 1173 2162 1233 meste
2175 1166 2293 1226 streit
2360 1159 2438 1219 von
2478 1151 2689 1211 heitlichen
2754 1141 2847 1201 gut
2887 1124 3163 1184 herrührende

2042 1273 2301 1333 deselben
2335 1252 2629 1312 angeschinnen
2682 1247 2750 1307 als
2767 1245 2853 1305 ol
3027 1229 3095 1289 nie
3131 1215 3235 1275 Her

2033 1390 2093 1450 Ihm
2141 1376 2203 1436 H.
2233 1366 2341 1426 Pap.
2357 1354 2542 1414 fremndth
2574 1345 2728 1405 ersucht
2760 1337 2883 1397 haben
2930 1327 3023 1387 diese
3053 1314 3179 1374 sach¬

2033 1469 2333 1529 Vuerdauten,
2349 1449 2450 1509 undt
2466 1442 2565 1502 wach
2616 1435 2749 1495 haben
2766 1432 2815 1492 der
2848 1425 3131 1485 Compesentz

2045 1567 2337 1627 zuverfahre

2022 1800 2267 1860 Mosel.
2297 1773 2744 1833 Außmittkommenden
2805 1747 2989 1807 Onginal
3004 1734 3188 1794 schüffte

2076 1889 2142 1949 Von
2186 1878 2307 1938 Lobl.
2331 1863 2540 1923 Consistorio
2572 1849 2639 1909 von
2661 1844 2772 1904 Groff
2816 1832 3048 1892 betreffendt
3070 1827 3224 1887 Gabielle

2074 1967 2345 2027 Pharamand
2377 1948 2502 2008 welche
2554 1937 2617 1997 Ihr
2638 1932 2701 1992 sur
2732 1925 2826 1985 welt
2857 1916 3035 1976 gebohres
3056 1908 3160 1968 kindt

2100 2051 2160 2111 mit
2186 2048 2370 2108 ausprach
2407 2042 2468 2102 der
2492 2036 2591 2096 Ehe,
2617 2029 2689 2089 dem
2739 2020 2826 2080 Jear
2862 2010 2961 2070 Lonis
2985 2000 3120 2060 Weber

2059 2147 2331 2207 zugeignet,
2361 2134 2512 2194 werdelt
2526 2124 2588 2184 Ihr
2618 2110 2798 2170 zuersehen
2830 2093 2951 2153 haben,
2966 2083 3040 2143 war
3070 2075 3131 2135 die

2062 2237 2330 2297 Pharaman
2389 2217 2598 2277 nunmehro
2623 2197 2880 2257 verlanget.
2903 2178 3008 2238 Wie
3031 2165 3136 2225 nun

2068 2326 2312 2386 dißmahlen
2338 2322 2406 2382 deß
2459 2308 2622 2368 Uebers
2635 2295 2716 2355 auf
2744 2280 2905 2340 Enthalt
2920 2270 2960 2330 in
2973 2263 3122 2323 küsten

2051 2428 2145 2488 Alß
2185 2426 2334 2486 wollimnt
2374 2418 2442 2478 Men
2455 2411 2562 2471 Hen
2589 2400 2657 2460 ein
2683 2377 2993 2437 auffgetragen
3061 2351 3195 2411 haben

2044 2536 2137 2596 daß
2174 2530 2306 2590 Wecken
2325 2521 2475 2581 Vatter
2515 2506 2589 2566 vor
2626 2496 2684 2556 kit
2702 2477 3004 2537 zubescheiden,
3022 2455 3210 2515 vnder
