4032 3024
441 328 543 388 1667

738 374 810 434 Ihir
839 354 1246 414 gantzenstmrmendt
1275 338 1320 398 zu
1349 337 1595 397 Insonuciren,
1611 352 1740 412 daßen

735 463 832 523 seinen
856 451 942 511 Sohn
978 440 1099 500 innet
1125 430 1320 490 bmonat
1344 427 1442 487 fast
1466 429 1613 489 allhar
1637 434 1697 494 ins

714 560 842 620 Rechte
869 540 984 600 stellen
1040 525 1111 585 oder
1139 516 1366 576 renitibendes
1381 514 1509 574 Pahlt,
1522 517 1594 577 das
1608 522 1735 582 feren

718 647 883 707 getetig
908 632 960 692 sein
973 621 1075 681 solle
1101 607 1241 667 mitthin
1266 599 1343 659 aber
1381 595 1433 655 die
1446 596 1636 656 Orignal
1663 609 1751 669 hätt

719 753 846 813 Maht
902 732 938 792 so
955 722 1047 782 bald
1065 710 1120 770 sie
1138 703 1209 763 den
1247 692 1410 752 Vatter
1448 685 1575 745 Korde
1593 684 1776 744 küstertn

728 841 922 901 gemacht
939 824 1045 884 wonder
1062 811 1151 871 sein
1168 798 1328 858 Mehe
1380 786 1434 846 ite
1468 778 1768 838 hubfschenden

742 1034 926 1094 Schaff
962 1015 1036 1075 Er.
1072 1000 1293 1060 Siedeßen
1311 991 1421 1051 über
1439 985 1773 1045 heschrchzbichen

470 1071 643 1131 obf.

758 1257 910 1317 Haasel
943 1244 994 1304 bey
1043 1232 1263 1292 Jurgdorff
1279 1228 1312 1288 an
1345 1228 1429 1288 H.
1448 1228 1581 1288 Prtl.
1614 1231 1782 1291 denselben

483 1321 556 1381 Inn

747 1350 1064 1410 wederbekentsein
1104 1335 1173 1395 daß
1229 1327 1282 1387 der
1296 1318 1516 1378 Oßwalt
1543 1309 1790 1369 Glantznann

478 1414 661 1474 Glantenen
674 1412 773 1472 Oster

773 1442 838 1502 tchan
851 1442 892 1502 im
931 1438 1038 1498 Majo
1064 1432 1157 1492 1731
1183 1424 1236 1484 den
1264 1415 1329 1475 3ten
1355 1400 1581 1460 Warnungt
1607 1383 1740 1443 Jebl.

771 1531 952 1591 erhalten,
981 1521 1078 1581 Wie
1093 1514 1162 1574 nun
1190 1499 1400 1559 derselben
1427 1484 1512 1544 heut
1539 1471 1779 1531 datobuitr¬

772 1615 909 1675 mehlen
923 1612 993 1672 So
1020 1604 1229 1664 MenigenHere
1243 1589 1423 1649 erschiten
1450 1576 1533 1636 undt
1547 1563 1686 1623 wegen

762 1702 935 1762 stünige
968 1696 1173 1756 bezahlung
1196 1689 1282 1749 umb
1314 1684 1369 1744 die
1413 1671 1617 1731 Verleidung
1661 1647 1771 1707 Vor¬

760 1797 910 1857 NgH.n
923 1792 1171 1852 angehalten,
1184 1781 1267 1841 alß
1294 1770 1486 1830 wollind,
1513 1752 1705 1812 dieselben

777 1885 853 1945 Ihne
879 1883 969 1943 zumn
995 1880 1175 1940 überfluß
1213 1869 1418 1929 nochmahlen
1443 1852 1610 1912 heueret
1636 1829 1776 1889 haben,

762 1976 843 2036 Ihde
871 1969 1143 2029 Glantzmann
1184 1967 1320 2027 Innest
1335 1963 1498 2023 monatt
1525 1940 1770 2000 frstohn.

782 2061 979 2121 klagbahr
1011 2057 1208 2117 zumache,
1223 2059 1361 2119 sonste
1390 2056 1437 2116 die
1467 2049 1694 2109 Vrlendung

751 2149 1075 2209 kürcklicherkent
1090 2149 1133 2209 sin
1164 2149 1312 2209 solle.

779 2301 988 2361 Gandson
1019 2297 1153 2357 praf.
1182 2293 1288 2353 Ihmer
1303 2283 1601 2343 überseinscheiben
1616 2265 1677 2325 die
1691 2252 1798 2312 hobs¬

774 2384 839 2444 dis
874 2384 939 2444 wer
974 2384 1023 2444 der
1057 2384 1222 2444 stbeth
1257 2380 1357 2440 Kahr
1390 2371 1473 2431 von
1489 2352 1689 2412 Zorthundt
1706 2318 1773 2378 haf

459 2381 695 2441 LocheElstbeth

763 2462 885 2522 Vefe
919 2462 990 2522 Man
1078 2465 1287 2525 beugenster
1322 2458 1585 2518 außgeselte
1619 2411 1832 2471 Contonaen

457 2456 730 2516 Kosternhauß.

763 2542 896 2602 Urtheil
936 2544 1187 2604 übersnder:

3049 223 3185 283 267.

2025 319 2210 379 Meuls
2225 305 2273 365 an
2304 297 2489 357 Teutsche
2519 292 2582 352 H.
2598 292 2768 352 Pfartl.
2800 293 2861 353 von
2892 294 2955 354 der
2970 297 3188 357 Ehrbreh¬

2061 420 2098 480 zu
2122 409 2223 469 Wue
2248 399 2310 459 sen
2359 392 2398 452 e
2447 388 2497 448 e
2509 386 2584 446 Hrn
2609 385 2834 445 enaochrichtet
2859 383 2984 443 worden
3033 380 3096 440 wie

2067 514 2131 574 daß
2172 490 2381 550 Abekhamb
2419 478 2564 538 seender
2602 476 2681 536 vton
2720 476 2890 536 Kontz
2916 475 3020 535 undt
3047 470 3216 530 Susanne

1837 561 2025 621 fere

2048 596 2144 656 Joder
2204 578 2300 638 Ihre
2323 569 2540 629 gemeindtes
2587 568 2815 628 angehörige
2864 568 2923 628 sich
2948 566 3018 626 vor
3043 559 3186 619 kurtzer

2044 685 2121 745 seth
2146 670 2249 730 undt
2276 660 2379 720 wor
2417 659 2481 719 die
2519 660 2674 720 Meke,
2701 666 2842 726 Peesth
2894 663 3204 723 Großschwangen

2028 782 2149 842 leibs
2173 756 2295 816 hinder
2319 744 2417 804 Ihnen
2453 744 2696 804 einquartiret
2722 751 2818 811 auff
2843 755 3025 815 befragen,
3049 753 3087 813 ob

2028 865 2195 925 bieseyn
2212 836 2412 896 sopalidt
2428 830 2628 890 worden,
2644 837 2944 897 geantwortet,
2963 842 2995 902 Ja
3044 841 3095 901 sie

2051 948 2202 1008 srindt
2219 928 2321 988 umb
2354 921 2489 981 alten
2539 922 2760 982 Micharls
2776 927 2843 987 tag
2859 929 2994 989 eschus
3028 924 3113 984 von

2048 1048 2106 1108 dem
2151 1032 2209 1092 H.
2239 1020 2431 1080 Pferl.
2446 1013 2697 1073 eingesegnet
2728 1012 2860 1072 worden,
2875 1009 2948 1069 und
2979 1000 3140 1060 seyinde

2036 1150 2075 1210 zu
2128 1126 2284 1186 Sontes
2311 1109 2533 1169 dreymahl
2571 1106 2806 1166 verkündet
2833 1108 3015 1168 worden,
3042 1103 3185 1163 habend

2037 1235 2128 1295 aber
2167 1218 2271 1278 keine
2309 1202 2621 1262 Verkündigung
2659 1196 2763 1256 schein
2803 1194 2958 1254 vonder
2984 1192 3036 1252 auß
3075 1188 3153 1248 Ihre

2035 1320 2265 1380 Heinmalhen
2295 1304 2450 1364 denich
2480 1300 2665 1360 Pferch.
2681 1297 2896 1357 vorgelesen
2943 1286 3143 1346 hierüber

2054 1422 2093 1482 im
2146 1411 2253 1471 loli
2294 1403 2347 1463 ein
2360 1401 2467 1461 gnädigen
2481 1399 2575 1459 Herr
2614 1397 2682 1457 inn
2734 1393 3029 1453 aufgetragen
3056 1384 3150 1444 habe

2041 1511 2159 1571 seinen
2184 1502 2329 1562 beecht
2355 1497 2434 1557 mit
2459 1495 2564 1555 alle
2590 1490 2890 1550 umbstanden
2956 1480 3204 1540 derselben

2038 1598 2336 1658 einzusande,
2353 1583 2442 1643 und
2476 1577 2564 1637 das
2581 1572 2846 1632 finderlichen

2257 1727 2498 1787 Sonftag
2543 1723 2610 1783 de.
2631 1722 2698 1782 2.
2720 1720 2853 1780 Jac.
2875 1713 2984 1773 173

2051 1888 2224 1948 Erscheint
2250 1879 2437 1939 Elstbeth
2463 1872 2610 1932 Wenger
2650 1870 2756 1930 undt
2769 1867 2890 1927 zeigt
2903 1867 2984 1927 an,
3010 1865 3062 1925 Er
3103 1864 3223 1924 wolle

1853 1980 1941 2040 vege
1956 1984 2151 2044 shlfsich
2180 1981 2241 2041 bey
2270 1979 2375 2039 Mse
2404 1970 2628 2030 hondersel.
2643 1959 2867 2019 Mittfrauw
2926 1951 3180 2011 Kindtbetten

2064 2092 2234 2152 laße.
2251 2092 2359 2152 Cons.
2391 2086 2453 2146 Ihm
2498 2069 2718 2129 desehalb
2748 2060 2810 2120 Ein
2826 2059 2983 2119 zedel.

2054 2264 2241 2324 Barbada
2303 2257 2478 2317 Glärb
2517 2248 2591 2308 Von
2642 2232 2916 2292 Kungsfelden
2955 2216 3105 2276 beklagt
3130 2211 3192 2271 sich

1872 2309 1932 2369 vur
1953 2332 2077 2392 haben

2074 2350 2165 2410 über
2191 2348 2269 2408 Hr.
2294 2344 2503 2404 Cchorleibel
2541 2338 2632 2398 undt
2645 2329 2996 2389 hreylfrosesen
3061 2320 3127 2380 wie
3152 2318 3230 2378 daß

2049 2447 2118 2507 Sie
2131 2446 2227 2506 auß
2268 2445 2350 2505 deß
2404 2441 2542 2501 Ersten
2582 2436 2734 2496 befolch
2760 2431 2856 2491 durch
2883 2427 2939 2487 die
2966 2420 3158 2480 lesteren

2051 2551 2174 2611 aufft
2204 2539 2574 2599 Ehrhaußgefuhrt
2621 2528 2744 2588 diese
2759 2524 2852 2584 h.
2867 2516 3176 2576 Chorlibeläber
