4032 3024
460 335 526 395 169

508 2150 626 2210 AberErg
648 2147 767 2207 barbern

502 2237 666 2297 Arpeand
687 2233 780 2293 Dani¬

890 376 1111 436 Sonstags
1129 364 1185 424 den
1203 361 1295 421 2.
1312 361 1460 421 Jaul.
1480 364 1607 424 1733

1044 485 1216 545 Pranes

795 618 1013 678 Menge
1043 595 1293 655 statthalter
1309 593 1512 653 Müller.

1049 716 1266 776 Mnesres

746 875 939 935 Meh.
976 858 1033 918 deo
1072 848 1206 908 Gaup.
1225 840 1284 900 Hno
1321 836 1417 896 Ptas
1436 838 1495 898 et
1514 840 1591 900 Juo
1629 856 1784 916 hältin

748 1056 1165 1116 Ehrschwangeschafft
1194 1028 1462 1088 Examinirt
1492 1022 1567 1082 und
1611 1023 1762 1083 nach¬

747 1158 878 1218 sleft
913 1145 1012 1205 durch
1028 1136 1112 1196 sein
1128 1120 1412 1180 Aaltoritet
1444 1111 1545 1171 dahu
1578 1112 1744 1172 gehalten

761 1240 923 1300 borden,
949 1228 1031 1288 den
1058 1216 1261 1276 Pfrofosen
1301 1202 1409 1262 159.
1436 1190 1695 1250 zubezahlen

768 1337 840 1397 H.
864 1323 1018 1383 Samuel
1066 1312 1138 1372 dik
1197 1305 1281 1365 alß
1341 1299 1413 1359 bey
1437 1294 1544 1354 deme
1579 1288 1639 1348 die
1663 1279 1770 1339 Glerb

770 1412 804 1472 in
829 1408 993 1468 diensten
1075 1400 1228 1460 beyehrt
1264 1389 1640 1449 hatisfaction,
1663 1368 1733 1428 daß

767 1498 817 1558 Im
880 1492 1145 1552 ohnteüßendt
1172 1484 1248 1544 sein
1285 1476 1449 1536 magdt
1462 1468 1538 1528 auß
1589 1455 1715 1515 seinen

771 1585 916 1645 dienst
929 1583 1073 1643 genomm
1125 1580 1217 1640 undt
1243 1568 1532 1628 vonselbigen
1571 1545 1767 1605 abgehalten

775 1683 905 1743 worden
971 1678 1048 1738 H.
1075 1672 1297 1732 Früterstein
1322 1666 1427 1726 sogt
1465 1659 1505 1719 Er
1569 1647 1674 1707 habe
1687 1635 1752 1695 leß

776 1774 832 1834 auß
861 1775 1005 1835 eshe
1047 1774 1219 1834 eHr
1348 1765 1420 1825 en
1448 1754 1634 1814 üen
1650 1739 1808 1799 gethar.

767 1884 889 1944 Cogl.
902 1877 999 1937 alleß
1039 1868 1232 1928 verschoben
1259 1862 1286 1922 di
1327 1857 1383 1917 in
1396 1851 1505 1911 gnädigen
1518 1843 1628 1903 Herren
1642 1829 1806 1889 Fretabit

789 1967 863 2027 sein
892 1963 1022 2023 wirdt.
1049 1960 1095 2020 den
1104 1956 1170 2016 9ten
1188 1949 1318 2009 Febr.
1328 1942 1383 2002 ist
1412 1928 1624 1988 widermahlin
1643 1909 1773 1969 verschoben

816 2022 860 2082 biß
893 2020 960 2080 auff
981 2017 1136 2077 kunfftige
1158 2011 1312 2071 donstag:
1334 2006 1377 2066 da
1411 2001 1477 2061 Mn
1488 1998 1499 2058 H
1566 1991 1598 2051 R.
1609 1983 1709 2043 Jugen,
1720 1973 1753 2033 sei
1764 1966 1807 2026 bit

786 2122 995 2182 Busins
1038 2123 1149 2183 Was
1178 2124 1332 2184 Barbara
1373 2118 1556 2178 Aberhgg
1598 2096 1682 2156 von

785 2209 908 2269 füren
965 2207 1090 2267 welhe
1117 2209 1199 2269 mit
1229 2209 1436 2269 klagender
1490 2200 1574 2260 Ehr
1602 2175 1811 2235 ansprochen

783 2293 853 2353 Ihr
877 2291 947 2351 zur
970 2290 1065 2350 welt
1088 2293 1289 2353 gebohrne
1337 2293 1478 2353 Kindt
1513 2286 1573 2346 den
1608 2269 1737 2329 Danuel

789 2377 951 2437 Amand
983 2378 1097 2438 Ihren
1115 2384 1374 2444 angehörigen
1406 2378 1650 2438 zugerignet,
1666 2345 1796 2405 Maste

807 2462 1009 2522 Vertorgen
1024 2472 1180 2532 laßen,
1195 2479 1274 2539 das
1289 2481 1383 2541 seye
1398 2481 1429 2541 in
1460 2474 1569 2534 mitt
1585 2447 1756 2507 bouende

811 2541 1047 2601 btschifft
1063 2558 1299 2618 enthalten,
1314 2562 1504 2622 hierüber
1535 2546 1629 2606 wede
1660 2517 1786 2577 Ihres

3051 230 3111 290 22
3141 243 3218 303 h.

2026 334 2330 394 auffertragen,
2357 322 2411 382 den
2450 322 2624 382 Apeland
2637 325 2728 385 über
2756 332 2863 392 dieser
2876 340 2968 400 Klag
2995 346 3035 406 zu
3061 355 3222 415 zuscheiben

2020 446 2088 506 undt
2114 426 2452 486 alleßmügliche
2465 423 2790 483 arzuwenden,
2816 429 2884 489 daß
2912 431 2965 491 Eo
2978 434 3088 494 selbe

2022 534 2262 594 koanttöte,
2278 521 2391 581 undt
2407 518 2520 578 Ihme
2535 518 2567 578 zu
2601 521 2793 581 verdeiten
2809 526 2938 586 fahls
2953 532 3001 592 Er
3019 535 3146 595 solches

2022 636 2093 696 mit
2116 617 2402 677 stillschweigen
2426 611 2627 671 übergehe
2653 613 2782 673 wurde
2831 622 3068 682 fostenerr

1998 723 2258 783 Sehtuibung
2275 705 2485 765 gebertig
2501 704 2588 764 sen
2605 705 2781 765 solle?

2017 936 2215 996 Eescheich
2251 908 2449 968 idemahl
2485 897 2612 957 Seiner
2630 893 2647 953 J
2703 891 2883 951 Strosterd
2901 889 2990 949 von
3026 887 3153 947 Nenne

2042 1021 2128 1081 undt
2153 1009 2265 1069 Anna
2316 997 2490 1057 Waßer
2527 989 2664 1049 welche
2689 985 2764 1045 Ihne
2789 983 2863 1043 der
2875 982 3161 1042 schwängerung

1839 1066 1936 1126 ster
1955 1049 2033 1109 uns

2051 1107 2148 1167 halb
2184 1097 2393 1157 beklaget,
2417 1087 2515 1147 Item
2589 1077 2822 1137 Abrahamb
2858 1072 3005 1132 Püll,
3029 1072 3103 1132 von

1869 1115 1913 1175 ret

2100 1185 2226 1245 Foloch
2258 1178 2352 1238 undt
2385 1172 2531 1232 Conredt
2553 1164 2690 1224 Keller
2732 1159 2815 1219 Sten
2848 1156 2952 1216 Jürih
3006 1154 3079 1214 der

1829 1187 1911 1247 Uster
1934 1164 2027 1224 Anna

1836 1267 1867 1327 dl
1909 1247 2070 1307 Abrsamb.

2071 1280 2209 1340 fülli
2243 1264 2417 1324 kermeinet
2451 1258 2474 1318 so
2497 1255 2589 1315 wohl
2625 1252 2693 1312 alß
2751 1249 2808 1309 die
2842 1242 3005 1302 Waßer
3016 1233 3120 1293 alle

1830 1342 1898 1402 Vele
1912 1328 2050 1388 Cinredt.

2053 1360 2469 1420 leibsgemenschafft
2504 1343 2654 1403 Keller
2677 1330 2875 1390 vermiet
2898 1319 2990 1379 auch
3013 1313 3083 1373 den

2038 1457 2287 1517 beyschlaff
2327 1441 2432 1501 wohl
2470 1431 2601 1491 hätte
2629 1423 2759 1483 solcher
2785 1415 2982 1475 geschehen
3033 1406 3204 1466 können

2019 1553 2105 1613 von
2126 1546 2202 1606 mit
2234 1538 2364 1598 leüth
2385 1529 2514 1589 darzu
2547 1519 2686 1579 kommen
2741 1509 2892 1569 wären
2945 1500 3043 1560 undt
3054 1494 3150 1554 sagt

2040 1645 2082 1705 Er
2111 1641 2210 1701 habe
2237 1636 2279 1696 im
2308 1630 2464 1690 schimls
2478 1622 2590 1682 wohl
2618 1613 2760 1673 geaed,
2788 1606 2872 1666 daß
2916 1601 3056 1661 Etwar
3083 1597 3239 1657 züsche

2049 1741 2158 1801 Ihne
2208 1735 2317 1795 undt
2355 1730 2415 1790 der
2439 1721 2610 1781 Waßer
2660 1706 2904 1766 Vorgangen
2942 1694 3015 1754 seye
3039 1689 3137 1749 aber

2043 1826 2115 1886 nit
2139 1825 2236 1885 wahr
2272 1820 2369 1880 undt
2394 1816 2527 1876 mmste
2552 1809 2672 1869 solcher
2684 1802 2782 1862 fehle
2806 1794 2928 1854 seiner
2964 1782 3182 1842 gewüßen

2053 1911 2266 1971 übertrang
2301 1906 2431 1966 thun,
2454 1902 2561 1962 undt
2596 1899 2667 1959 das
2691 1895 2762 1955 sye
2797 1887 3010 1947 anfangs
3033 1871 3200 1931 Aug¬

2054 2002 2127 2062 auf
2170 2002 2228 2062 der
2257 1998 2431 2058 Tschantz
2446 1987 2750 2047 winderfehre:
2778 1972 2939 2032 Wort
2953 1964 3142 2024 Erbent.

2033 2165 2354 2225 Kilchberg.
2388 2152 2507 2212 Anna
2557 2142 2726 2202 Waßer
2759 2134 2845 2194 Ihr
2878 2123 3150 2183 angehorge

1879 2228 1961 2288 I.

2021 2272 2182 2332 Klagt
2208 2261 2262 2321 der
2301 2248 2638 2308 schwängerung
2664 2239 2770 2299 halb
2798 2235 2838 2295 an
2878 2228 3052 2288 soumb
3078 2216 3226 2276 Merna

2042 2375 2121 2435 tag
2160 2355 2574 2415 herumbfendiger
2600 2337 2733 2397 Jahrs
2760 2325 2947 2385 beschehen
2974 2314 3040 2374 sein
3066 2300 3241 2360 soll,

2038 2467 2263 2527 Winetz
2304 2450 2529 2510 Gersener
2596 2438 2690 2498 von
2729 2427 2914 2487 Wwann,
2941 2419 3021 2479 der
3061 2411 3167 2471 Ihra
