4032 3024
439 336 520 396 173

724 397 827 457 Iwas
855 383 915 443 deß
958 366 1222 426 beyschlaafft
1236 364 1470 424 geständig
1500 389 1762 449 glaubtahen

722 484 820 544 nicht
836 472 984 532 Eintzie
1016 456 1180 516 Vatter
1212 449 1279 509 deß
1329 452 1493 512 Kandts
1525 466 1575 526 zu
1607 489 1740 549 sein¬

725 571 795 631 Wan
820 564 903 624 nun
926 555 1056 615 daran
1079 544 1245 604 gelegen,
1282 541 1363 601 daß
1411 542 1483 602 der
1506 550 1647 610 Rehte

721 667 868 727 Vatter
901 653 1094 713 deßelbe
1116 643 1309 703 entdebt
1343 640 1478 700 lerde,
1500 642 1715 702 wollinde

724 763 904 823 MeHHn
927 751 999 811 Ie
1035 735 1345 795 auffgetragen
1382 728 1490 788 haben
1549 731 1621 791 Sie
1644 735 1693 795 im

737 859 838 919 Ihre
873 836 1229 896 Bevorstehender
1262 817 1702 877 sinderbaufftmahlte

725 944 913 1004 Ordnung
947 933 1101 993 scharpf
1135 918 1400 978 Examiniren,
1411 913 1522 973 undt
1556 917 1743 977 dieselber

725 1036 830 1096 Ihro
859 1028 1098 1088 genistlichen
1111 1015 1287 1075 außaog
1339 1006 1460 1066 berich
1500 1004 1554 1064 vnd
1581 1008 1754 1068 zulaßen

730 1117 805 1177 N.
832 1112 882 1172 der
895 1107 996 1167 Kelle
1021 1101 1085 1161 hat
1098 1093 1287 1153 angelgbt,
1299 1087 1351 1147 biß
1388 1085 1552 1145 ausswebg
1565 1087 1629 1147 had
1654 1091 1705 1151 vit
1730 1098 1793 1158 vreß

727 1207 914 1267 Rönitz.
938 1198 1039 1258 Anna
1088 1189 1250 1249 Beicher
1301 1182 1400 1242 Bon
1424 1178 1613 1238 Wanger
1637 1180 1712 1240 Ihre

439 1279 598 1339 Seiche
627 1270 714 1330 Anna

790 1287 992 1347 gemeints,
1004 1280 1230 1340 angehörige
1275 1272 1410 1332 Klage
1432 1268 1489 1328 der
1534 1268 1771 1328 schwangerung

440 1361 601 1421 Althauß
640 1343 759 1403 Signum

771 1375 845 1435 undt
862 1376 920 1436 Ehr
952 1375 1040 1435 halb
1072 1373 1101 1433 am
1177 1362 1433 1422 Eigmundt
1462 1350 1643 1410 Althauß
1687 1348 1762 1408 von

735 1469 961 1529 Langnauw
1002 1465 1054 1525 der
1074 1463 1126 1523 Sie
1147 1459 1322 1519 mitten
1363 1451 1466 1511 July
1508 1438 1734 1498 zuschloffen

772 1557 975 1617 bebennet,
1002 1552 1156 1612 kraufft
1181 1549 1245 1609 sich
1258 1545 1347 1605 aber
1385 1540 1488 1600 auff
1513 1535 1578 1595 die
1590 1527 1731 1587 genißt

752 1653 856 1713 deren
902 1649 977 1709 Me
992 1647 1096 1707 ndigen
1113 1642 1217 1702 Herrn
1263 1635 1321 1695 rn
1381 1620 1713 1680 aufgetragen

748 1752 851 1812 haben
874 1745 1081 1805 wollindt,
1115 1739 1184 1799 wich
1229 1735 1287 1795 Sie
1321 1731 1401 1791 zur
1436 1720 1607 1780 genißt
1631 1702 1722 1762 inIhr

759 1829 1117 1889 heimathgelichen
1144 1825 1303 1885 worden,
1331 1823 1383 1883 die
1411 1815 1595 1875 anstalt
1623 1793 1769 1853 Verfurg

746 1924 791 1984 zu
815 1919 976 1979 laßen,
998 1918 1067 1978 daß
1112 1916 1159 1976 Sie
1181 1916 1216 1976 in
1239 1913 1433 1973 derselbe
1469 1892 1721 1952 Examinirt

754 2009 824 2069 in
908 2007 949 2067 e
964 2006 1062 2066 Hren
1075 2005 1159 2065 Ihr
1188 2002 1370 2062 außaag
1397 1990 1580 2050 berichtet
1607 1962 1791 2022 verdent.

725 2114 840 2174 N.
854 2114 912 2174 der
941 2114 1128 2174 Althauß
1173 2114 1274 2174 sagt
1302 2109 1360 2169 Er
1389 2102 1491 2162 seye
1520 2079 1721 2139 anfengt

745 2201 837 2261 Juli
876 2205 1152 2265 Eingewußer
1192 2209 1271 2269 H.
1284 2206 1389 2266 Stiawo
1414 2198 1481 2258 bey
1519 2184 1598 2244 Ihre
1639 2161 1690 2221 die

762 2296 903 2356 nacht
951 2296 1060 2356 durch
1076 2296 1122 2356 bey
1170 2292 1453 2352 beschloßenes
1483 2273 1608 2333 thus
1641 2239 1812 2299 gewesen,

757 2392 860 2452 sosie
875 2390 978 2450 nicht
1021 2391 1095 2451 hat
1126 2392 1287 2452 laugen
1318 2388 1539 2448 können,
1553 2365 1730 2425 sogtober

762 2495 818 2555 Er
848 2483 935 2543 habe
963 2476 1078 2536 nicht
1106 2477 1179 2537 mit
1207 2479 1294 2539 Ihre
1322 2482 1481 2542 zuthun
1509 2474 1682 2534 gehabte

1823 552 1989 612 soee

1823 634 1959 694 soit

1822 712 2016 772 1ab.

1875 2136 2059 2196 Lläadershel.

1900 2216 1940 2276 H.
1954 2212 2048 2272 Pacb

3053 227 3193 287 273.

2030 354 2234 414 Coppiten
2261 336 2329 396 H.
2357 331 2574 391 Prdiant.
2601 334 2669 394 Auß
2711 341 2888 401 deßelben
2928 349 3065 409 schiebe
3092 348 3215 408 hobenden

2038 439 2224 499 MeHre
2252 417 2424 477 ersechoen
2468 418 2626 478 gehabt,
2640 425 2712 485 wie
2740 431 2812 491 daß
2856 437 2942 497 Jean
2984 442 3156 502 Francas

2049 535 2222 595 Natural
2271 510 2432 570 Burger
2469 508 2544 568 von
2568 513 2717 573 Coppet
2741 519 2803 579 der
2839 525 2963 585 Jeane
2988 525 3185 585 Ncodauch

2032 639 2113 699 Von
2126 614 2247 674 allda
2287 598 2381 658 mit
2409 592 2488 652 und
2517 592 2569 652 die
2598 594 2664 654 Ehe
2705 599 2960 659 versprochen,
2973 598 3135 658 sondern

2036 714 2241 774 uchselben
2257 683 2462 743 krötlich
2479 676 2717 736 verkundet
2750 681 2921 741 worden,
2955 685 3024 745 diß
3040 683 3176 743 machte

2037 825 2123 885 aber
2151 795 2280 855 dieser
2294 777 2453 837 Ehemit
2481 769 2726 829 vollziehen
2740 770 2869 830 wolle,
2899 772 2956 832 auß
3014 769 3157 829 grundt

2016 923 2116 983 Ihne
2132 890 2298 950 selbige
2349 867 2466 927 wegen
2482 859 2582 919 seines
2615 859 2815 919 mittelle
2832 859 2866 919 i
2883 859 2950 919 heit
2983 856 3067 916 sehr

2017 997 2335 1057 beschwerlich
2374 958 2634 1018 Vorkeäune,
2653 952 2714 1012 die
2733 952 2872 1012 Wiod
2891 952 2991 1012 aber
3012 949 3190 1009 daction

2049 1121 2121 1181 daß
2157 1102 2212 1162 Er
2248 1086 2320 1146 Sie
2338 1066 2539 1126 Ehrliche,
2557 1048 2809 1108 Nachdemme
2827 1042 2901 1102 nim
2937 1040 3082 1100 Mht.
3118 1040 3172 1100 de

2040 1213 2168 1273 sachen
2223 1176 2535 1236 gestaltsamme
2563 1150 2676 1210 undt
2706 1141 2761 1201 die
2775 1137 2819 1197 im
2847 1132 3002 1192 schreiben
3045 1134 3258 1194 erthalten

2046 1302 2201 1362 grundt
2231 1283 2371 1343 frnet
2401 1260 2601 1320 erwogen
2664 1238 2834 1298 habendt
2864 1228 3034 1288 dieselben
3066 1228 3174 1288 solche

2035 1400 2125 1460 zit
2156 1387 2309 1447 kündig
2341 1372 2462 1432 genug
2510 1349 2754 1409 befunden,
2786 1327 2954 1387 sondern
2985 1313 3168 1373 vollind

2044 1496 2152 1556 Ihme
2197 1471 2553 1531 auffgetragen
2616 1447 2724 1507 habe
2862 1429 2955 1489 Ihne
2987 1416 3203 1476 Natural

2053 1589 2176 1649 dahin
2193 1568 2493 1628 anzuhalten,
2528 1553 2616 1613 daß
2653 1546 2705 1606 Er
2722 1541 2864 1601 dieser
2899 1534 2987 1594 Ehe
3004 1531 3110 1591 voll
3127 1530 3233 1590 jahr

2049 1695 2200 1755 Fahte
2245 1686 2352 1746 aber
2381 1681 2425 1741 Er
2457 1676 2518 1736 sich
2547 1668 2698 1728 feiers
2743 1651 2984 1711 opponiren
3016 1634 3150 1694 thäte

2050 1814 2273 1874 Pfarthey
2335 1790 2518 1850 allhar
2558 1773 2721 1833 wißen
2741 1764 2800 1824 zu
2823 1756 3026 1816 laßten.

2053 2016 2131 2076 Die
2162 2012 2363 2072 Decision
2394 2011 2457 2071 die
2487 2009 2611 2069 Fraut
2659 2005 2845 2065 Eerläder
2876 1996 3062 2056 geschafft
3093 1981 3171 2041 mit

2054 2136 2135 2196 H.
2163 2129 2273 2189 Jacob
2300 2119 2505 2179 Herläder
2532 2109 2601 2169 ist
2641 2099 2860 2159 Verschoben
2901 2087 2970 2147 biß
2996 2079 3135 2139 auff¬

2073 2231 2328 2291 künfftiger
2364 2210 2583 2270 Montag,
2607 2200 2656 2260 da
2680 2191 2911 2251 deßwegen
2923 2184 2959 2244 so
2971 2178 3069 2238 wohl
3093 2166 3214 2226 beyden

2036 2352 2140 2412 M.
2154 2328 2449 2388 Praesidenten
2464 2311 2538 2371 alß
2567 2303 2730 2363 übrigen
2759 2293 2879 2353 H.
2893 2284 3100 2344 Richtern
3114 2275 3203 2335 soll

2047 2438 2259 2498 gebotten
2284 2427 2472 2487 werden.
