<?xml version="1.0" encoding="UTF-8" standalone="yes"?>
<PcGts xmlns="http://schema.primaresearch.org/PAGE/gts/pagecontent/2013-07-15" xmlns:xsi="http://www.w3.org/2001/XMLSchema-instance" xsi:schemaLocation="http://schema.primaresearch.org/PAGE/gts/pagecontent/2013-07-15 http://schema.primaresearch.org/PAGE/gts/pagecontent/2013-07-15/pagecontent.xsd">
    <Metadata>
        <Creator>prov=READ-COOP:name=PyLaia@TranskribusPlatform:version=0.6.0:model_id=38215:lm=none:date=22_11_2021_11:08
prov=READ-COOP:name=PyLaia@Transkribus:version=0.6.0:model_id=38215:date=22_11_2021_11:05
prov=University of Rostock/Institute of Mathematics/CITlab|PLANET AI GmbH/Tobias Gruening/tobias.gruening@planet-ai.de:name=de.uros.citlab.module.baseline2polygon.B2PSeamMultiOriented:v=2.6.7</Creator>
        <Created>2021-08-09T15:16:23.102+02:00</Created>
        <LastChange>2021-11-22T11:08:01.170+01:00</LastChange>
        <TranskribusMetadata docId="746917" pageId="28279468" pageNr="139" tsid="68400907" status="IN_PROGRESS" userId="537" imgUrl="https://files.transkribus.eu/Get?id=RMQIIVVPXGFXOFOZYSMJAOHV&amp;fileType=view" xmlUrl="https://files.transkribus.eu/Get?id=RVWCIUXDBHTYPKFRBXURYWMK" imageId="22024965"/>
    </Metadata>
    <Page imageFilename="139.jpg" imageWidth="4032" imageHeight="3024">
        <ReadingOrder>
            <OrderedGroup id="ro_1687514954626" caption="Regions reading order">
                <RegionRefIndexed index="0" regionRef="r1"/>
                <RegionRefIndexed index="1" regionRef="r2"/>
            </OrderedGroup>
        </ReadingOrder>
        <TextRegion orientation="0.0" id="r1" custom="readingOrder {index:0;}">
            <Coords points="476,361 476,2355 1784,2355 1784,361"/>
            <TextLine id="r1l1" custom="readingOrder {index:0;}">
                <Coords points="912,442 1182,413 1326,466 1403,415 1485,474 1552,485 1649,448 1706,478 1706,385 1575,360 1507,307 1396,313 1348,285 1212,324 988,281 914,297"/>
                <Baseline points="921,440 959,434 998,428 1037,424 1076,419 1115,414 1154,411 1192,408 1231,407 1270,405 1309,405 1348,405 1387,407 1426,408 1464,413 1503,415 1542,421 1581,427 1620,434 1659,441 1698,450"/>
                <Word id="r1l1_w1" custom="readingOrder {index:0;}">
                    <Coords points="937,379 937,439 1215,439 1215,379"/>
                    <TextEquiv>
                        <Unicode>Montags</Unicode>
                    </TextEquiv>
                </Word>
                <Word id="r1l1_w2" custom="readingOrder {index:1;}">
                    <Coords points="1253,365 1253,425 1309,425 1309,365"/>
                    <TextEquiv>
                        <Unicode>den</Unicode>
                    </TextEquiv>
                </Word>
                <Word id="r1l1_w3" custom="readingOrder {index:2;}">
                    <Coords points="1326,366 1326,426 1417,426 1417,366"/>
                    <TextEquiv>
                        <Unicode>26.</Unicode>
                    </TextEquiv>
                </Word>
                <Word id="r1l1_w4" custom="readingOrder {index:3;}">
                    <Coords points="1437,376 1437,436 1584,436 1584,376"/>
                    <TextEquiv>
                        <Unicode>Janl.</Unicode>
                    </TextEquiv>
                </Word>
                <Word id="r1l1_w5" custom="readingOrder {index:4;}">
                    <Coords points="1604,399 1604,459 1695,459 1695,399"/>
                    <TextEquiv>
                        <Unicode>173</Unicode>
                    </TextEquiv>
                </Word>
                <TextEquiv>
                    <Unicode>Montags den 26. Janl. 173</Unicode>
                </TextEquiv>
            </TextLine>
            <TextLine id="r1l2" custom="readingOrder {index:1;}">
                <Coords points="1118,557 1134,559 1154,543 1173,554 1188,540 1215,553 1259,542 1318,561 1316,461 1285,453 1261,463 1209,438 1178,451 1160,441 1137,464 1116,469"/>
                <Baseline points="1127,545 1153,541 1179,540 1205,539 1231,539 1257,539 1283,539 1310,539"/>
                <Word id="r1l2_w1" custom="readingOrder {index:0;}">
                    <Coords points="1132,499 1132,559 1328,559 1328,499"/>
                    <TextEquiv>
                        <Unicode>Praeses.</Unicode>
                    </TextEquiv>
                </Word>
                <TextEquiv>
                    <Unicode>Praeses.</Unicode>
                </TextEquiv>
            </TextLine>
            <TextLine id="r1l3" custom="readingOrder {index:2;}">
                <Coords points="797,715 948,728 1018,678 1238,661 1444,702 1552,690 1545,539 1476,530 1436,568 1358,526 1221,550 1156,598 1053,561 1003,584 945,545 789,543"/>
                <Baseline points="803,674 839,671 876,667 913,664 950,661 987,659 1024,656 1061,653 1098,651 1135,650 1172,648 1208,646 1245,645 1282,644 1319,642 1356,642 1393,641 1430,641 1467,641 1504,641 1541,641"/>
                <Word id="r1l3_w1" custom="readingOrder {index:0;}">
                    <Coords points="796,624 796,684 1008,684 1008,624"/>
                    <TextEquiv>
                        <Unicode>Maher</Unicode>
                    </TextEquiv>
                </Word>
                <Word id="r1l3_w2" custom="readingOrder {index:1;}">
                    <Coords points="1027,609 1027,669 1276,669 1276,609"/>
                    <TextEquiv>
                        <Unicode>Statthelter</Unicode>
                    </TextEquiv>
                </Word>
                <Word id="r1l3_w3" custom="readingOrder {index:2;}">
                    <Coords points="1311,601 1311,661 1525,661 1525,601"/>
                    <TextEquiv>
                        <Unicode>Weiller</Unicode>
                    </TextEquiv>
                </Word>
                <TextEquiv>
                    <Unicode>Maher Statthelter Weiller</Unicode>
                </TextEquiv>
            </TextLine>
            <TextLine id="r1l4" custom="readingOrder {index:3;}">
                <Coords points="1067,823 1098,837 1137,831 1298,754 1332,776 1384,757 1381,712 1350,702 1326,712 1288,684 1143,688 1107,701 1058,687"/>
                <Baseline points="1073,776 1098,774 1123,771 1148,769 1174,767 1199,765 1224,763 1249,762 1275,761 1300,759 1325,758 1350,756 1376,755"/>
                <Word id="r1l4_w1" custom="readingOrder {index:0;}">
                    <Coords points="1091,722 1091,782 1394,782 1394,722"/>
                    <TextEquiv>
                        <Unicode>Assessores.</Unicode>
                    </TextEquiv>
                </Word>
                <TextEquiv>
                    <Unicode>Assessores.</Unicode>
                </TextEquiv>
            </TextLine>
            <TextLine id="r1l5" custom="readingOrder {index:4;}">
                <Coords points="769,957 1141,931 1278,975 1409,971 1477,917 1601,957 1598,859 1540,834 1381,870 1326,839 1270,877 1193,841 1075,874 984,827 764,802"/>
                <Baseline points="776,938 816,933 857,928 898,925 938,922 979,919 1020,917 1060,915 1101,914 1142,913 1183,912 1223,912 1264,911 1305,911 1345,911 1386,911 1427,909 1467,909 1508,909 1549,908 1590,906"/>
                <Word id="r1l5_w1" custom="readingOrder {index:0;}">
                    <Coords points="768,887 768,947 957,947 957,887"/>
                    <TextEquiv>
                        <Unicode>Mekl.</Unicode>
                    </TextEquiv>
                </Word>
                <Word id="r1l5_w2" custom="readingOrder {index:1;}">
                    <Coords points="985,876 985,936 1072,936 1072,876"/>
                    <TextEquiv>
                        <Unicode>Cagp.</Unicode>
                    </TextEquiv>
                </Word>
                <Word id="r1l5_w3" custom="readingOrder {index:2;}">
                    <Coords points="1087,873 1087,933 1144,933 1144,873"/>
                    <TextEquiv>
                        <Unicode>Dno</Unicode>
                    </TextEquiv>
                </Word>
                <Word id="r1l5_w4" custom="readingOrder {index:3;}">
                    <Coords points="1160,872 1160,932 1246,932 1246,872"/>
                    <TextEquiv>
                        <Unicode>Pat.</Unicode>
                    </TextEquiv>
                </Word>
                <Word id="r1l5_w5" custom="readingOrder {index:4;}">
                    <Coords points="1261,871 1261,931 1305,931 1305,871"/>
                    <TextEquiv>
                        <Unicode>et</Unicode>
                    </TextEquiv>
                </Word>
                <Word id="r1l5_w6" custom="readingOrder {index:5;}">
                    <Coords points="1333,871 1333,931 1406,931 1406,871"/>
                    <TextEquiv>
                        <Unicode>Gno.</Unicode>
                    </TextEquiv>
                </Word>
                <Word id="r1l5_w7" custom="readingOrder {index:6;}">
                    <Coords points="1421,868 1421,928 1611,928 1611,868"/>
                    <TextEquiv>
                        <Unicode>Schmel.</Unicode>
                    </TextEquiv>
                </Word>
                <TextEquiv>
                    <Unicode>Mekl. Cagp. Dno Pat. et Gno. Schmel.</Unicode>
                </TextEquiv>
            </TextLine>
            <TextLine id="r1l6" custom="readingOrder {index:5;}">
                <Coords points="700,1179 782,1196 835,1153 979,1142 1143,1192 1288,1122 1503,1139 1734,1098 1731,1059 1661,1035 1545,1046 1435,996 1321,1056 1097,1042 956,1095 841,1031 696,1113"/>
                <Baseline points="707,1160 757,1155 808,1150 859,1146 910,1142 961,1137 1012,1133 1062,1130 1113,1127 1164,1123 1215,1121 1266,1117 1317,1114 1368,1110 1418,1108 1469,1106 1520,1102 1571,1101 1622,1098 1673,1095 1724,1092"/>
                <Word id="r1l6_w1" custom="readingOrder {index:0;}">
                    <Coords points="728,1105 728,1165 1003,1165 1003,1105"/>
                    <TextEquiv>
                        <Unicode>Koppigen:</Unicode>
                    </TextEquiv>
                </Word>
                <Word id="r1l6_w2" custom="readingOrder {index:1;}">
                    <Coords points="1033,1089 1033,1149 1120,1149 1120,1089"/>
                    <TextEquiv>
                        <Unicode>Aber</Unicode>
                    </TextEquiv>
                </Word>
                <Word id="r1l6_w3" custom="readingOrder {index:2;}">
                    <Coords points="1134,1083 1134,1143 1178,1143 1178,1083"/>
                    <TextEquiv>
                        <Unicode>Ih</Unicode>
                    </TextEquiv>
                </Word>
                <Word id="r1l6_w4" custom="readingOrder {index:3;}">
                    <Coords points="1192,1075 1192,1135 1380,1135 1380,1075"/>
                    <TextEquiv>
                        <Unicode>schribenn</Unicode>
                    </TextEquiv>
                </Word>
                <Word id="r1l6_w5" custom="readingOrder {index:4;}">
                    <Coords points="1425,1061 1425,1121 1671,1121 1671,1061"/>
                    <TextEquiv>
                        <Unicode>betreffendt</Unicode>
                    </TextEquiv>
                </Word>
                <TextEquiv>
                    <Unicode>Koppigen: Aber Ih schribenn betreffendt</Unicode>
                </TextEquiv>
            </TextLine>
            <TextLine id="r1l7" custom="readingOrder {index:6;}">
                <Coords points="775,1254 1166,1252 1307,1215 1478,1250 1686,1193 1682,1144 1554,1110 1483,1142 1274,1139 1185,1208 1092,1159 1056,1185 965,1153 771,1196"/>
                <Baseline points="782,1241 826,1239 871,1239 916,1238 960,1235 1005,1233 1050,1231 1094,1228 1139,1226 1184,1223 1229,1220 1273,1217 1318,1213 1363,1209 1407,1205 1452,1202 1497,1198 1541,1194 1586,1190 1631,1187 1676,1182"/>
                <Word id="r1l7_w1" custom="readingOrder {index:0;}">
                    <Coords points="784,1199 784,1259 881,1259 881,1199"/>
                    <TextEquiv>
                        <Unicode>Anna</Unicode>
                    </TextEquiv>
                </Word>
                <Word id="r1l7_w2" custom="readingOrder {index:1;}">
                    <Coords points="906,1195 906,1255 1014,1255 1014,1195"/>
                    <TextEquiv>
                        <Unicode>Suteo</Unicode>
                    </TextEquiv>
                </Word>
                <Word id="r1l7_w3" custom="readingOrder {index:2;}">
                    <Coords points="1051,1188 1051,1248 1136,1248 1136,1188"/>
                    <TextEquiv>
                        <Unicode>on</Unicode>
                    </TextEquiv>
                </Word>
                <Word id="r1l7_w4" custom="readingOrder {index:3;}">
                    <Coords points="1209,1172 1209,1232 1440,1232 1440,1172"/>
                    <TextEquiv>
                        <Unicode>Cellsaulo,</Unicode>
                    </TextEquiv>
                </Word>
                <Word id="r1l7_w5" custom="readingOrder {index:4;}">
                    <Coords points="1452,1156 1452,1216 1574,1216 1574,1156"/>
                    <TextEquiv>
                        <Unicode>welche</Unicode>
                    </TextEquiv>
                </Word>
                <Word id="r1l7_w6" custom="readingOrder {index:5;}">
                    <Coords points="1598,1147 1598,1207 1658,1207 1658,1147"/>
                    <TextEquiv>
                        <Unicode>Vhr</Unicode>
                    </TextEquiv>
                </Word>
                <TextEquiv>
                    <Unicode>Anna Suteo on Cellsaulo, welche Vhr</Unicode>
                </TextEquiv>
            </TextLine>
            <TextLine id="r1l8" custom="readingOrder {index:7;}">
                <Coords points="469,1310 519,1286 539,1297 555,1284 587,1285 603,1296 640,1285 660,1303 704,1284 699,1210 655,1191 604,1206 543,1167 520,1172 491,1200 462,1202"/>
                <Baseline points="476,1292 503,1289 530,1286 558,1283 585,1281 612,1280 640,1279 667,1278 695,1277"/>
                <Word id="r1l8_w1" custom="readingOrder {index:0;}">
                    <Coords points="477,1246 477,1306 583,1306 583,1246"/>
                    <TextEquiv>
                        <Unicode>Sister</Unicode>
                    </TextEquiv>
                </Word>
                <Word id="r1l8_w2" custom="readingOrder {index:1;}">
                    <Coords points="608,1238 608,1298 686,1298 686,1238"/>
                    <TextEquiv>
                        <Unicode>Ana</Unicode>
                    </TextEquiv>
                </Word>
                <TextEquiv>
                    <Unicode>Sister Ana</Unicode>
                </TextEquiv>
            </TextLine>
            <TextLine id="r1l9" custom="readingOrder {index:8;}">
                <Coords points="772,1326 1377,1347 1595,1271 1643,1297 1779,1260 1774,1200 1691,1183 1507,1258 1268,1217 1151,1291 1016,1237 766,1257"/>
                <Baseline points="779,1319 828,1320 878,1322 927,1322 977,1322 1026,1320 1076,1319 1125,1316 1175,1312 1224,1309 1274,1304 1323,1299 1373,1295 1422,1290 1472,1284 1521,1279 1571,1272 1620,1266 1670,1261 1719,1254 1769,1248"/>
                <Word id="r1l9_w1" custom="readingOrder {index:0;}">
                    <Coords points="770,1280 770,1340 922,1340 922,1280"/>
                    <TextEquiv>
                        <Unicode>surtelt</Unicode>
                    </TextEquiv>
                </Word>
                <Word id="r1l9_w2" custom="readingOrder {index:1;}">
                    <Coords points="952,1279 952,1339 1134,1339 1134,1279"/>
                    <TextEquiv>
                        <Unicode>gebohnen</Unicode>
                    </TextEquiv>
                </Word>
                <Word id="r1l9_w3" custom="readingOrder {index:2;}">
                    <Coords points="1164,1267 1164,1327 1316,1327 1316,1267"/>
                    <TextEquiv>
                        <Unicode>Kindt</Unicode>
                    </TextEquiv>
                </Word>
                <Word id="r1l9_w4" custom="readingOrder {index:3;}">
                    <Coords points="1331,1255 1331,1315 1393,1315 1393,1255"/>
                    <TextEquiv>
                        <Unicode>den</Unicode>
                    </TextEquiv>
                </Word>
                <Word id="r1l9_w5" custom="readingOrder {index:4;}">
                    <Coords points="1423,1242 1423,1302 1545,1302 1545,1242"/>
                    <TextEquiv>
                        <Unicode>Hauß</Unicode>
                    </TextEquiv>
                </Word>
                <Word id="r1l9_w6" custom="readingOrder {index:5;}">
                    <Coords points="1590,1220 1590,1280 1757,1280 1757,1220"/>
                    <TextEquiv>
                        <Unicode>Aberhante</Unicode>
                    </TextEquiv>
                </Word>
                <TextEquiv>
                    <Unicode>surtelt gebohnen Kindt den Hauß Aberhante</Unicode>
                </TextEquiv>
            </TextLine>
            <TextLine id="r1l10" custom="readingOrder {index:9;}">
                <Coords points="474,1405 515,1420 548,1386 607,1409 656,1373 669,1382 703,1372 734,1352 727,1276 657,1307 635,1309 607,1291 593,1303 555,1285 540,1297 522,1286 465,1312"/>
                <Baseline points="479,1367 506,1366 533,1364 561,1363 588,1359 615,1357 643,1354 670,1351 697,1349 725,1346"/>
                <Word id="r1l10_w1" custom="readingOrder {index:0;}">
                    <Coords points="466,1323 466,1383 618,1383 618,1323"/>
                    <TextEquiv>
                        <Unicode>Abehadt</Unicode>
                    </TextEquiv>
                </Word>
                <Word id="r1l10_w2" custom="readingOrder {index:1;}">
                    <Coords points="642,1310 642,1370 718,1370 718,1310"/>
                    <TextEquiv>
                        <Unicode>Hauß</Unicode>
                    </TextEquiv>
                </Word>
                <TextEquiv>
                    <Unicode>Abehadt Hauß</Unicode>
                </TextEquiv>
            </TextLine>
            <TextLine id="r1l11" custom="readingOrder {index:10;}">
                <Coords points="741,1427 818,1405 964,1471 1052,1401 1162,1456 1391,1372 1610,1356 1679,1391 1765,1335 1762,1288 1601,1278 1552,1322 1377,1347 1178,1316 1097,1367 933,1328 869,1379 803,1349 738,1381"/>
                <Baseline points="749,1415 799,1412 849,1410 900,1408 950,1406 1001,1403 1051,1401 1101,1398 1152,1395 1202,1393 1253,1390 1303,1388 1353,1384 1404,1380 1454,1376 1505,1371 1555,1367 1605,1360 1656,1354 1706,1347 1757,1340"/>
                <Word id="r1l11_w1" custom="readingOrder {index:0;}">
                    <Coords points="756,1371 756,1431 843,1431 843,1371"/>
                    <TextEquiv>
                        <Unicode>Von</Unicode>
                    </TextEquiv>
                </Word>
                <Word id="r1l11_w2" custom="readingOrder {index:1;}">
                    <Coords points="886,1364 886,1424 1075,1424 1075,1364"/>
                    <TextEquiv>
                        <Unicode>Ersilgen</Unicode>
                    </TextEquiv>
                </Word>
                <Word id="r1l11_w3" custom="readingOrder {index:2;}">
                    <Coords points="1120,1349 1120,1409 1396,1409 1396,1349"/>
                    <TextEquiv>
                        <Unicode>zugefignet</Unicode>
                    </TextEquiv>
                </Word>
                <Word id="r1l11_w4" custom="readingOrder {index:3;}">
                    <Coords points="1425,1330 1425,1390 1600,1390 1600,1330"/>
                    <TextEquiv>
                        <Unicode>wollend.</Unicode>
                    </TextEquiv>
                </Word>
                <Word id="r1l11_w5" custom="readingOrder {index:4;}">
                    <Coords points="1614,1309 1614,1369 1758,1369 1758,1309"/>
                    <TextEquiv>
                        <Unicode>Wese</Unicode>
                    </TextEquiv>
                </Word>
                <TextEquiv>
                    <Unicode>Von Ersilgen zugefignet wollend. Wese</Unicode>
                </TextEquiv>
            </TextLine>
            <TextLine id="r1l12" custom="readingOrder {index:11;}">
                <Coords points="754,1555 857,1489 986,1543 1078,1487 1210,1535 1300,1474 1667,1464 1793,1437 1791,1404 1621,1361 1501,1373 1427,1431 1317,1400 1207,1453 1081,1402 972,1407 910,1462 816,1405 745,1426"/>
                <Baseline points="758,1488 809,1490 860,1490 911,1490 963,1489 1014,1488 1065,1485 1117,1482 1168,1479 1219,1476 1271,1472 1322,1467 1373,1464 1424,1458 1476,1454 1527,1450 1578,1445 1630,1441 1681,1438 1732,1433 1784,1430"/>
                <Word id="r1l12_w1" custom="readingOrder {index:0;}">
                    <Coords points="760,1450 760,1510 874,1510 874,1450"/>
                    <TextEquiv>
                        <Unicode>Ihne</Unicode>
                    </TextEquiv>
                </Word>
                <Word id="r1l12_w2" custom="readingOrder {index:1;}">
                    <Coords points="911,1445 911,1505 1191,1505 1191,1445"/>
                    <TextEquiv>
                        <Unicode>auffgetragen</Unicode>
                    </TextEquiv>
                </Word>
                <Word id="r1l12_w3" custom="readingOrder {index:2;}">
                    <Coords points="1255,1427 1255,1487 1382,1487 1382,1427"/>
                    <TextEquiv>
                        <Unicode>haben</Unicode>
                    </TextEquiv>
                </Word>
                <Word id="r1l12_w4" custom="readingOrder {index:3;}">
                    <Coords points="1458,1412 1458,1472 1523,1472 1523,1412"/>
                    <TextEquiv>
                        <Unicode>die</Unicode>
                    </TextEquiv>
                </Word>
                <Word id="r1l12_w5" custom="readingOrder {index:4;}">
                    <Coords points="1548,1402 1548,1462 1662,1462 1662,1402"/>
                    <TextEquiv>
                        <Unicode>Suter</Unicode>
                    </TextEquiv>
                </Word>
                <Word id="r1l12_w6" custom="readingOrder {index:5;}">
                    <Coords points="1687,1393 1687,1453 1763,1453 1763,1393"/>
                    <TextEquiv>
                        <Unicode>von</Unicode>
                    </TextEquiv>
                </Word>
                <TextEquiv>
                    <Unicode>Ihne auffgetragen haben die Suter von</Unicode>
                </TextEquiv>
            </TextLine>
            <TextLine id="r1l13" custom="readingOrder {index:12;}">
                <Coords points="765,1600 851,1575 975,1637 1104,1634 1150,1598 1420,1602 1472,1550 1642,1593 1635,1480 1549,1456 1409,1454 1209,1536 1121,1484 1000,1547 839,1493 762,1546"/>
                <Baseline points="773,1578 815,1580 858,1580 901,1580 944,1580 987,1578 1030,1576 1073,1574 1116,1571 1159,1568 1202,1565 1244,1562 1287,1557 1330,1554 1373,1551 1416,1547 1459,1544 1502,1541 1545,1538 1588,1536 1631,1535"/>
                <Word id="r1l13_w1" custom="readingOrder {index:0;}">
                    <Coords points="767,1539 767,1599 859,1599 859,1539"/>
                    <TextEquiv>
                        <Unicode>heit</Unicode>
                    </TextEquiv>
                </Word>
                <Word id="r1l13_w2" custom="readingOrder {index:1;}">
                    <Coords points="874,1540 874,1600 967,1600 967,1540"/>
                    <TextEquiv>
                        <Unicode>über</Unicode>
                    </TextEquiv>
                </Word>
                <Word id="r1l13_w3" custom="readingOrder {index:2;}">
                    <Coords points="984,1535 984,1595 1077,1595 1077,1535"/>
                    <TextEquiv>
                        <Unicode>aht</Unicode>
                    </TextEquiv>
                </Word>
                <Word id="r1l13_w4" custom="readingOrder {index:3;}">
                    <Coords points="1092,1529 1092,1589 1169,1589 1169,1529"/>
                    <TextEquiv>
                        <Unicode>tag</Unicode>
                    </TextEquiv>
                </Word>
                <Word id="r1l13_w5" custom="readingOrder {index:4;}">
                    <Coords points="1184,1520 1184,1580 1324,1580 1324,1520"/>
                    <TextEquiv>
                        <Unicode>allhar</Unicode>
                    </TextEquiv>
                </Word>
                <Word id="r1l13_w6" custom="readingOrder {index:5;}">
                    <Coords points="1357,1511 1357,1571 1387,1571 1387,1511"/>
                    <TextEquiv>
                        <Unicode>zu</Unicode>
                    </TextEquiv>
                </Word>
                <Word id="r1l13_w7" custom="readingOrder {index:6;}">
                    <Coords points="1434,1498 1434,1558 1652,1558 1652,1498"/>
                    <TextEquiv>
                        <Unicode>halten.</Unicode>
                    </TextEquiv>
                </Word>
                <TextEquiv>
                    <Unicode>heit über aht tag allhar zu halten.</Unicode>
                </TextEquiv>
            </TextLine>
            <TextLine id="r1l14" custom="readingOrder {index:13;}">
                <Coords points="715,1743 1016,1742 1183,1788 1323,1709 1545,1741 1763,1668 1760,1621 1691,1600 1575,1651 1429,1611 1184,1676 829,1642 710,1669"/>
                <Baseline points="723,1734 774,1734 826,1734 877,1734 929,1734 980,1733 1032,1732 1083,1730 1135,1728 1186,1725 1238,1722 1290,1718 1341,1715 1393,1710 1444,1704 1496,1699 1547,1694 1599,1686 1650,1679 1702,1672 1754,1662"/>
                <Word id="r1l14_w1" custom="readingOrder {index:0;}">
                    <Coords points="757,1694 757,1754 1033,1754 1033,1694"/>
                    <TextEquiv>
                        <Unicode>Wohlen:</Unicode>
                    </TextEquiv>
                </Word>
                <Word id="r1l14_w2" custom="readingOrder {index:1;}">
                    <Coords points="1061,1689 1061,1749 1149,1749 1149,1689"/>
                    <TextEquiv>
                        <Unicode>Auß</Unicode>
                    </TextEquiv>
                </Word>
                <Word id="r1l14_w3" custom="readingOrder {index:2;}">
                    <Coords points="1191,1681 1191,1741 1307,1741 1307,1681"/>
                    <TextEquiv>
                        <Unicode>Ihren</Unicode>
                    </TextEquiv>
                </Word>
                <Word id="r1l14_w4" custom="readingOrder {index:3;}">
                    <Coords points="1336,1665 1336,1725 1525,1725 1525,1665"/>
                    <TextEquiv>
                        <Unicode>scheiber</Unicode>
                    </TextEquiv>
                </Word>
                <Word id="r1l14_w5" custom="readingOrder {index:4;}">
                    <Coords points="1569,1640 1569,1700 1714,1700 1714,1640"/>
                    <TextEquiv>
                        <Unicode>habenit</Unicode>
                    </TextEquiv>
                </Word>
                <TextEquiv>
                    <Unicode>Wohlen: Auß Ihren scheiber habenit</Unicode>
                </TextEquiv>
            </TextLine>
            <TextLine id="r1l15" custom="readingOrder {index:14;}">
                <Coords points="790,1819 879,1858 997,1813 1254,1807 1312,1854 1393,1797 1613,1802 1778,1751 1773,1671 1613,1740 1371,1707 1275,1785 1131,1794 1015,1743 957,1778 897,1735 787,1763"/>
                <Baseline points="797,1802 845,1804 894,1806 942,1808 991,1809 1040,1809 1088,1809 1137,1809 1185,1808 1234,1806 1283,1805 1331,1801 1380,1797 1428,1794 1477,1788 1526,1782 1574,1776 1623,1769 1671,1761 1720,1752 1769,1742"/>
                <Word id="r1l15_w1" custom="readingOrder {index:0;}">
                    <Coords points="795,1763 795,1823 873,1823 873,1763"/>
                    <TextEquiv>
                        <Unicode>Meth</Unicode>
                    </TextEquiv>
                </Word>
                <Word id="r1l15_w2" custom="readingOrder {index:1;}">
                    <Coords points="930,1769 930,1829 1145,1829 1145,1769"/>
                    <TextEquiv>
                        <Unicode>esehes,</Unicode>
                    </TextEquiv>
                </Word>
                <Word id="r1l15_w3" custom="readingOrder {index:2;}">
                    <Coords points="1164,1767 1164,1827 1242,1827 1242,1767"/>
                    <TextEquiv>
                        <Unicode>wir</Unicode>
                    </TextEquiv>
                </Word>
                <Word id="r1l15_w4" custom="readingOrder {index:3;}">
                    <Coords points="1282,1761 1282,1821 1358,1821 1358,1761"/>
                    <TextEquiv>
                        <Unicode>daß</Unicode>
                    </TextEquiv>
                </Word>
                <Word id="r1l15_w5" custom="readingOrder {index:4;}">
                    <Coords points="1417,1733 1417,1793 1766,1793 1766,1733"/>
                    <TextEquiv>
                        <Unicode>Baoberatub</Unicode>
                    </TextEquiv>
                </Word>
                <TextEquiv>
                    <Unicode>Meth esehes, wir daß Baoberatub</Unicode>
                </TextEquiv>
            </TextLine>
            <TextLine id="r1l16" custom="readingOrder {index:15;}">
                <Coords points="483,1885 559,1858 613,1856 648,1871 678,1856 779,1859 777,1816 749,1812 721,1787 695,1793 648,1772 602,1795 479,1782"/>
                <Baseline points="491,1862 516,1859 541,1857 567,1854 592,1853 617,1853 643,1851 668,1851 693,1851 719,1851 744,1851 770,1850"/>
                <Word id="r1l16_w1" custom="readingOrder {index:0;}">
                    <Coords points="486,1817 486,1877 596,1877 596,1817"/>
                    <TextEquiv>
                        <Unicode>Staūb</Unicode>
                    </TextEquiv>
                </Word>
                <Word id="r1l16_w2" custom="readingOrder {index:1;}">
                    <Coords points="632,1811 632,1871 779,1871 779,1811"/>
                    <TextEquiv>
                        <Unicode>Barbara</Unicode>
                    </TextEquiv>
                </Word>
                <TextEquiv>
                    <Unicode>Staūb Barbara</Unicode>
                </TextEquiv>
            </TextLine>
            <TextLine id="r1l17" custom="readingOrder {index:16;}">
                <Coords points="802,1945 1019,1903 1126,1962 1185,1904 1249,1926 1415,1880 1511,1926 1762,1841 1758,1783 1669,1772 1534,1824 1396,1798 1336,1858 1196,1812 996,1815 954,1861 795,1838"/>
                <Baseline points="809,1910 856,1904 903,1900 950,1897 997,1895 1044,1892 1091,1891 1138,1890 1185,1889 1232,1889 1280,1887 1327,1886 1374,1884 1421,1880 1468,1877 1515,1872 1562,1865 1609,1858 1656,1849 1703,1837 1751,1823"/>
                <Word id="r1l17_w1" custom="readingOrder {index:0;}">
                    <Coords points="798,1866 798,1926 877,1926 877,1866"/>
                    <TextEquiv>
                        <Unicode>d1r</Unicode>
                    </TextEquiv>
                </Word>
                <Word id="r1l17_w2" custom="readingOrder {index:1;}">
                    <Coords points="903,1858 903,1918 958,1918 958,1858"/>
                    <TextEquiv>
                        <Unicode>diß</Unicode>
                    </TextEquiv>
                </Word>
                <Word id="r1l17_w3" custom="readingOrder {index:2;}">
                    <Coords points="997,1851 997,1911 1144,1911 1144,1851"/>
                    <TextEquiv>
                        <Unicode>Kindts</Unicode>
                    </TextEquiv>
                </Word>
                <Word id="r1l17_w4" custom="readingOrder {index:3;}">
                    <Coords points="1170,1847 1170,1907 1343,1907 1343,1847"/>
                    <TextEquiv>
                        <Unicode>gewesen,</Unicode>
                    </TextEquiv>
                </Word>
                <Word id="r1l17_w5" custom="readingOrder {index:4;}">
                    <Coords points="1358,1841 1358,1901 1450,1901 1450,1841"/>
                    <TextEquiv>
                        <Unicode>und</Unicode>
                    </TextEquiv>
                </Word>
                <Word id="r1l17_w6" custom="readingOrder {index:5;}">
                    <Coords points="1477,1829 1477,1889 1584,1889 1584,1829"/>
                    <TextEquiv>
                        <Unicode>auff</Unicode>
                    </TextEquiv>
                </Word>
                <Word id="r1l17_w7" custom="readingOrder {index:6;}">
                    <Coords points="1610,1811 1610,1871 1678,1871 1678,1811"/>
                    <TextEquiv>
                        <Unicode>dem</Unicode>
                    </TextEquiv>
                </Word>
                <TextEquiv>
                    <Unicode>d1r diß Kindts gewesen, und auff dem</Unicode>
                </TextEquiv>
            </TextLine>
            <TextLine id="r1l18" custom="readingOrder {index:17;}">
                <Coords points="474,1982 503,1992 552,1958 598,1989 624,1991 675,1955 713,1956 753,1939 746,1856 726,1865 701,1855 677,1877 634,1860 591,1879 512,1868 467,1896"/>
                <Baseline points="479,1943 505,1936 531,1932 558,1929 584,1926 611,1923 637,1923 663,1921 690,1920 716,1920 743,1919"/>
                <Word id="r1l18_w1" custom="readingOrder {index:0;}">
                    <Coords points="483,1887 483,1947 656,1947 656,1887"/>
                    <TextEquiv>
                        <Unicode>Schneider</Unicode>
                    </TextEquiv>
                </Word>
                <Word id="r1l18_w2" custom="readingOrder {index:1;}">
                    <Coords points="668,1880 668,1940 763,1940 763,1880"/>
                    <TextEquiv>
                        <Unicode>haus¬</Unicode>
                    </TextEquiv>
                </Word>
                <TextEquiv>
                    <Unicode>Schneider haus¬</Unicode>
                </TextEquiv>
            </TextLine>
            <TextLine id="r1l19" custom="readingOrder {index:18;}">
                <Coords points="765,2048 904,1989 1161,1971 1216,2014 1728,1929 1748,1832 1510,1927 1446,1887 1251,1930 1152,1889 981,1957 880,1906 758,1961"/>
                <Baseline points="770,1994 818,1991 867,1988 916,1985 965,1983 1013,1982 1062,1982 1111,1980 1160,1979 1208,1977 1257,1976 1306,1972 1355,1969 1403,1965 1452,1961 1501,1954 1550,1947 1598,1937 1647,1926 1696,1914 1745,1898"/>
                <Word id="r1l19_w1" custom="readingOrder {index:0;}">
                    <Coords points="777,1950 777,2010 868,2010 868,1950"/>
                    <TextEquiv>
                        <Unicode>erst</Unicode>
                    </TextEquiv>
                </Word>
                <Word id="r1l19_w2" custom="readingOrder {index:1;}">
                    <Coords points="883,1942 883,2002 1111,2002 1111,1942"/>
                    <TextEquiv>
                        <Unicode>angebenen</Unicode>
                    </TextEquiv>
                </Word>
                <Word id="r1l19_w3" custom="readingOrder {index:2;}">
                    <Coords points="1156,1936 1156,1996 1263,1996 1263,1936"/>
                    <TextEquiv>
                        <Unicode>Hanß</Unicode>
                    </TextEquiv>
                </Word>
                <Word id="r1l19_w4" custom="readingOrder {index:3;}">
                    <Coords points="1308,1924 1308,1984 1505,1984 1505,1924"/>
                    <TextEquiv>
                        <Unicode>Schweider</Unicode>
                    </TextEquiv>
                </Word>
                <Word id="r1l19_w5" custom="readingOrder {index:4;}">
                    <Coords points="1551,1898 1551,1958 1627,1958 1627,1898"/>
                    <TextEquiv>
                        <Unicode>von</Unicode>
                    </TextEquiv>
                </Word>
                <Word id="r1l19_w6" custom="readingOrder {index:5;}">
                    <Coords points="1657,1869 1657,1929 1765,1929 1765,1869"/>
                    <TextEquiv>
                        <Unicode>Si¬</Unicode>
                    </TextEquiv>
                </Word>
                <TextEquiv>
                    <Unicode>erst angebenen Hanß Schweider von Si¬</Unicode>
                </TextEquiv>
            </TextLine>
            <TextLine id="r1l20" custom="readingOrder {index:19;}">
                <Coords points="769,2085 1204,2108 1361,2073 1412,2113 1526,2041 1627,2048 1743,1996 1738,1929 1690,1910 1600,1977 1483,1994 1331,1973 1163,2037 900,1991 766,2049"/>
                <Baseline points="776,2070 823,2072 871,2072 919,2073 967,2073 1015,2073 1063,2073 1110,2073 1158,2072 1206,2072 1254,2069 1302,2066 1350,2063 1398,2058 1445,2052 1493,2045 1541,2038 1589,2028 1637,2018 1685,2005 1733,1992"/>
                <Word id="r1l20_w1" custom="readingOrder {index:0;}">
                    <Coords points="771,2032 771,2092 896,2092 896,2032"/>
                    <TextEquiv>
                        <Unicode>Inaus</Unicode>
                    </TextEquiv>
                </Word>
                <Word id="r1l20_w2" custom="readingOrder {index:1;}">
                    <Coords points="914,2033 914,2093 993,2093 993,2033"/>
                    <TextEquiv>
                        <Unicode>alß</Unicode>
                    </TextEquiv>
                </Word>
                <Word id="r1l20_w3" custom="readingOrder {index:2;}">
                    <Coords points="1024,2033 1024,2093 1166,2093 1166,2033"/>
                    <TextEquiv>
                        <Unicode>vatter</Unicode>
                    </TextEquiv>
                </Word>
                <Word id="r1l20_w4" custom="readingOrder {index:3;}">
                    <Coords points="1197,2028 1197,2088 1340,2088 1340,2028"/>
                    <TextEquiv>
                        <Unicode>deßsen</Unicode>
                    </TextEquiv>
                </Word>
                <Word id="r1l20_w5" custom="readingOrder {index:4;}">
                    <Coords points="1373,2005 1373,2065 1610,2065 1610,2005"/>
                    <TextEquiv>
                        <Unicode>verharret</Unicode>
                    </TextEquiv>
                </Word>
                <Word id="r1l20_w6" custom="readingOrder {index:5;}">
                    <Coords points="1625,1972 1625,2032 1689,2032 1689,1972"/>
                    <TextEquiv>
                        <Unicode>seyi</Unicode>
                    </TextEquiv>
                </Word>
                <TextEquiv>
                    <Unicode>Inaus alß vatter deßsen verharret seyi</Unicode>
                </TextEquiv>
            </TextLine>
            <TextLine id="r1l21" custom="readingOrder {index:20;}">
                <Coords points="759,2176 1022,2222 1087,2156 1203,2187 1556,2113 1679,2124 1773,2084 1769,2027 1519,2046 1410,2114 1364,2076 1178,2113 1114,2081 754,2108"/>
                <Baseline points="767,2157 816,2159 866,2160 916,2160 966,2160 1016,2160 1065,2159 1115,2157 1165,2156 1215,2154 1265,2150 1314,2146 1364,2142 1414,2136 1464,2131 1514,2123 1563,2116 1613,2107 1663,2098 1713,2086 1763,2075"/>
                <Word id="r1l21_w1" custom="readingOrder {index:0;}">
                    <Coords points="757,2117 757,2177 770,2177 770,2117"/>
                    <TextEquiv>
                        <Unicode>w</Unicode>
                    </TextEquiv>
                </Word>
                <Word id="r1l21_w2" custom="readingOrder {index:1;}">
                    <Coords points="866,2120 866,2180 933,2180 933,2120"/>
                    <TextEquiv>
                        <Unicode>en</Unicode>
                    </TextEquiv>
                </Word>
                <Word id="r1l21_w3" custom="readingOrder {index:2;}">
                    <Coords points="962,2120 962,2180 1058,2180 1058,2120"/>
                    <TextEquiv>
                        <Unicode>gndie</Unicode>
                    </TextEquiv>
                </Word>
                <Word id="r1l21_w4" custom="readingOrder {index:3;}">
                    <Coords points="1085,2116 1085,2176 1181,2176 1181,2116"/>
                    <TextEquiv>
                        <Unicode>Herrn</Unicode>
                    </TextEquiv>
                </Word>
                <Word id="r1l21_w5" custom="readingOrder {index:4;}">
                    <Coords points="1194,2113 1194,2173 1248,2173 1248,2113"/>
                    <TextEquiv>
                        <Unicode>Sie</Unicode>
                    </TextEquiv>
                </Word>
                <Word id="r1l21_w6" custom="readingOrder {index:5;}">
                    <Coords points="1276,2101 1276,2161 1453,2161 1453,2101"/>
                    <TextEquiv>
                        <Unicode>ansinmen</Unicode>
                    </TextEquiv>
                </Word>
                <Word id="r1l21_w7" custom="readingOrder {index:6;}">
                    <Coords points="1466,2079 1466,2139 1618,2139 1618,2079"/>
                    <TextEquiv>
                        <Unicode>wollen</Unicode>
                    </TextEquiv>
                </Word>
                <Word id="r1l21_w8" custom="readingOrder {index:7;}">
                    <Coords points="1645,2052 1645,2112 1727,2112 1727,2052"/>
                    <TextEquiv>
                        <Unicode>wan</Unicode>
                    </TextEquiv>
                </Word>
                <TextEquiv>
                    <Unicode>w en gndie Herrn Sie ansinmen wollen wan</Unicode>
                </TextEquiv>
            </TextLine>
            <TextLine id="r1l22" custom="readingOrder {index:21;}">
                <Coords points="760,2263 947,2247 1028,2314 1133,2243 1368,2240 1429,2282 1553,2207 1661,2244 1717,2187 1792,2189 1784,2086 1677,2135 1558,2111 1485,2160 1076,2168 1026,2222 888,2172 755,2208"/>
                <Baseline points="767,2241 817,2243 868,2243 919,2244 969,2244 1020,2243 1071,2241 1121,2240 1172,2238 1223,2235 1274,2232 1324,2228 1375,2224 1426,2218 1476,2213 1527,2206 1578,2199 1628,2191 1679,2183 1730,2173 1781,2162"/>
                <Word id="r1l22_w1" custom="readingOrder {index:0;}">
                    <Coords points="779,2202 779,2262 850,2262 850,2202"/>
                    <TextEquiv>
                        <Unicode>die</Unicode>
                    </TextEquiv>
                </Word>
                <Word id="r1l22_w2" custom="readingOrder {index:1;}">
                    <Coords points="867,2204 867,2264 972,2264 972,2204"/>
                    <TextEquiv>
                        <Unicode>Staub</Unicode>
                    </TextEquiv>
                </Word>
                <Word id="r1l22_w3" custom="readingOrder {index:2;}">
                    <Coords points="1008,2202 1008,2262 1060,2262 1060,2202"/>
                    <TextEquiv>
                        <Unicode>ein</Unicode>
                    </TextEquiv>
                </Word>
                <Word id="r1l22_w4" custom="readingOrder {index:3;}">
                    <Coords points="1096,2197 1096,2257 1255,2257 1255,2197"/>
                    <TextEquiv>
                        <Unicode>standt</Unicode>
                    </TextEquiv>
                </Word>
                <Word id="r1l22_w5" custom="readingOrder {index:4;}">
                    <Coords points="1272,2189 1272,2249 1343,2249 1343,2189"/>
                    <TextEquiv>
                        <Unicode>sein</Unicode>
                    </TextEquiv>
                </Word>
                <Word id="r1l22_w6" custom="readingOrder {index:5;}">
                    <Coords points="1360,2179 1360,2239 1465,2239 1465,2179"/>
                    <TextEquiv>
                        <Unicode>vndt</Unicode>
                    </TextEquiv>
                </Word>
                <Word id="r1l22_w7" custom="readingOrder {index:6;}">
                    <Coords points="1484,2163 1484,2223 1606,2223 1606,2163"/>
                    <TextEquiv>
                        <Unicode>selbe</Unicode>
                    </TextEquiv>
                </Word>
                <Word id="r1l22_w8" custom="readingOrder {index:7;}">
                    <Coords points="1624,2136 1624,2196 1802,2196 1802,2136"/>
                    <TextEquiv>
                        <Unicode>alsor¬</Unicode>
                    </TextEquiv>
                </Word>
                <TextEquiv>
                    <Unicode>die Staub ein standt sein vndt selbe alsor¬</Unicode>
                </TextEquiv>
            </TextLine>
            <TextLine id="r1l23" custom="readingOrder {index:22;}">
                <Coords points="750,2394 823,2394 859,2369 903,2367 944,2330 972,2339 1018,2328 1017,2271 988,2274 949,2245 903,2249 875,2271 811,2258 787,2274 748,2279"/>
                <Baseline points="758,2333 783,2332 808,2330 833,2329 858,2327 884,2327 909,2325 934,2325 959,2327 984,2327 1010,2330"/>
                <Word id="r1l23_w1" custom="readingOrder {index:0;}">
                    <Coords points="766,2286 766,2346 1011,2346 1011,2286"/>
                    <TextEquiv>
                        <Unicode>zuhalten.</Unicode>
                    </TextEquiv>
                </Word>
                <TextEquiv>
                    <Unicode>zuhalten.</Unicode>
                </TextEquiv>
            </TextLine>
            <TextEquiv>
                <Unicode></Unicode>
            </TextEquiv>
        </TextRegion>
        <TextRegion orientation="0.0" id="r2" custom="readingOrder {index:1;}">
            <Coords points="1827,220 1827,2601 3263,2601 3263,220"/>
            <TextLine id="r2l1" custom="readingOrder {index:0;}">
                <Coords points="3046,294 3060,294 3086,319 3122,310 3144,327 3155,322 3161,330 3181,322 3197,211 3171,220 3163,213 3151,217 3140,207 3125,213 3100,197 3076,206 3059,200"/>
                <Baseline points="3060,257 3090,260 3120,267 3150,273 3180,269"/>
                <Word id="r2l1_w1" custom="readingOrder {index:0;}">
                    <Coords points="3051,228 3051,288 3207,288 3207,228"/>
                    <TextEquiv>
                        <Unicode>235.</Unicode>
                    </TextEquiv>
                </Word>
                <TextEquiv>
                    <Unicode>235.</Unicode>
                </TextEquiv>
            </TextLine>
            <TextLine id="r2l2" custom="readingOrder {index:1;}">
                <Coords points="2009,402 2416,354 3158,356 3020,287 2675,289 2473,241 2322,291 2007,276"/>
                <Baseline points="2018,392 2074,380 2131,372 2187,363 2244,358 2300,353 2357,350 2413,348 2470,347 2526,347 2583,347 2640,348 2696,350 2753,351 2809,353 2866,354 2922,354 2979,356 3035,356 3092,354 3149,353"/>
                <Word id="r2l2_w1" custom="readingOrder {index:0;}">
                    <Coords points="2035,320 2035,380 2407,380 2407,320"/>
                    <TextEquiv>
                        <Unicode>Homainmosties</Unicode>
                    </TextEquiv>
                </Word>
                <Word id="r2l2_w2" custom="readingOrder {index:1;}">
                    <Coords points="2420,307 2420,367 2561,367 2561,307"/>
                    <TextEquiv>
                        <Unicode>Prat.</Unicode>
                    </TextEquiv>
                </Word>
                <Word id="r2l2_w3" custom="readingOrder {index:2;}">
                    <Coords points="2588,307 2588,367 2677,367 2677,307"/>
                    <TextEquiv>
                        <Unicode>Auß</Unicode>
                    </TextEquiv>
                </Word>
                <Word id="r2l2_w4" custom="readingOrder {index:3;}">
                    <Coords points="2717,313 2717,373 2909,373 2909,313"/>
                    <TextEquiv>
                        <Unicode>deßelben</Unicode>
                    </TextEquiv>
                </Word>
                <Word id="r2l2_w5" custom="readingOrder {index:4;}">
                    <Coords points="2936,316 2936,376 3090,376 3090,316"/>
                    <TextEquiv>
                        <Unicode>schreiben</Unicode>
                    </TextEquiv>
                </Word>
                <TextEquiv>
                    <Unicode>Homainmosties Prat. Auß deßelben schreiben</Unicode>
                </TextEquiv>
            </TextLine>
            <TextLine id="r2l3" custom="readingOrder {index:2;}">
                <Coords points="2037,476 2562,417 3132,444 3130,367 3049,360 3008,392 2918,362 2879,403 2610,354 2525,391 2478,352 2035,395"/>
                <Baseline points="2045,462 2098,453 2152,444 2206,438 2260,432 2314,428 2368,425 2421,423 2475,422 2529,420 2583,420 2637,422 2691,422 2745,423 2798,424 2852,425 2906,426 2960,426 3014,426 3068,426 3122,425"/>
                <Word id="r2l3_w1" custom="readingOrder {index:0;}">
                    <Coords points="2044,416 2044,476 2112,476 2112,416"/>
                    <TextEquiv>
                        <Unicode>undt</Unicode>
                    </TextEquiv>
                </Word>
                <Word id="r2l3_w2" custom="readingOrder {index:1;}">
                    <Coords points="2141,393 2141,453 2347,453 2347,393"/>
                    <TextEquiv>
                        <Unicode>beygelegener</Unicode>
                    </TextEquiv>
                </Word>
                <Word id="r2l3_w3" custom="readingOrder {index:2;}">
                    <Coords points="2367,381 2367,441 2631,441 2631,381"/>
                    <TextEquiv>
                        <Unicode>Information</Unicode>
                    </TextEquiv>
                </Word>
                <Word id="r2l3_w4" custom="readingOrder {index:3;}">
                    <Coords points="2671,382 2671,442 2749,442 2749,382"/>
                    <TextEquiv>
                        <Unicode>Soon</Unicode>
                    </TextEquiv>
                </Word>
                <Word id="r2l3_w5" custom="readingOrder {index:4;}">
                    <Coords points="2789,384 2789,444 2847,444 2847,384"/>
                    <TextEquiv>
                        <Unicode>der</Unicode>
                    </TextEquiv>
                </Word>
                <Word id="r2l3_w6" custom="readingOrder {index:5;}">
                    <Coords points="2866,386 2866,446 3063,446 3063,386"/>
                    <TextEquiv>
                        <Unicode>Ehebarkeit</Unicode>
                    </TextEquiv>
                </Word>
                <Word id="r2l3_w7" custom="readingOrder {index:6;}">
                    <Coords points="3082,385 3082,445 3111,445 3111,385"/>
                    <TextEquiv>
                        <Unicode>zu</Unicode>
                    </TextEquiv>
                </Word>
                <TextEquiv>
                    <Unicode>undt beygelegener Information Soon der Ehebarkeit zu</Unicode>
                </TextEquiv>
            </TextLine>
            <TextLine id="r2l4" custom="readingOrder {index:3;}">
                <Coords points="1836,571 1887,524 1925,524 1957,504 1999,510 2007,492 2043,491 2009,393 1985,397 1967,417 1934,408 1877,468 1846,480 1833,505 1814,508"/>
                <Baseline points="1835,545 1862,534 1890,523 1918,512 1946,503 1974,494 2002,486 2030,477"/>
                <Word id="r2l4_w1" custom="readingOrder {index:0;}">
                    <Coords points="1823,469 1823,529 2031,529 2031,469"/>
                    <TextEquiv>
                        <Unicode>stoe</Unicode>
                    </TextEquiv>
                </Word>
                <TextEquiv>
                    <Unicode>stoe</Unicode>
                </TextEquiv>
            </TextLine>
            <TextLine id="r2l5" custom="readingOrder {index:4;}">
                <Coords points="2044,561 2470,500 2585,574 2688,503 3099,521 3140,508 3138,449 2237,436 2043,529"/>
                <Baseline points="2052,555 2108,541 2165,530 2222,521 2279,514 2335,508 2392,504 2449,503 2506,500 2563,500 2619,500 2676,500 2733,501 2790,503 2847,503 2903,503 2960,503 3017,502 3074,500 3131,497"/>
                <Word id="r2l5_w1" custom="readingOrder {index:0;}">
                    <Coords points="2060,507 2060,567 2101,567 2101,507"/>
                    <TextEquiv>
                        <Unicode>as</Unicode>
                    </TextEquiv>
                </Word>
                <Word id="r2l5_w2" custom="readingOrder {index:1;}">
                    <Coords points="2130,492 2130,552 2171,552 2171,492"/>
                    <TextEquiv>
                        <Unicode>Se</Unicode>
                    </TextEquiv>
                </Word>
                <Word id="r2l5_w3" custom="readingOrder {index:2;}">
                    <Coords points="2198,477 2198,537 2298,537 2298,477"/>
                    <TextEquiv>
                        <Unicode>danie</Unicode>
                    </TextEquiv>
                </Word>
                <Word id="r2l5_w4" custom="readingOrder {index:3;}">
                    <Coords points="2339,463 2339,523 2493,523 2493,463"/>
                    <TextEquiv>
                        <Unicode>habinde</Unicode>
                    </TextEquiv>
                </Word>
                <Word id="r2l5_w5" custom="readingOrder {index:4;}">
                    <Coords points="2520,460 2520,520 2701,520 2701,460"/>
                    <TextEquiv>
                        <Unicode>MeHrer</Unicode>
                    </TextEquiv>
                </Word>
                <Word id="r2l5_w6" custom="readingOrder {index:5;}">
                    <Coords points="2730,462 2730,522 2842,522 2842,462"/>
                    <TextEquiv>
                        <Unicode>sehen,</Unicode>
                    </TextEquiv>
                </Word>
                <Word id="r2l5_w7" custom="readingOrder {index:6;}">
                    <Coords points="2855,463 2855,523 2939,523 2939,463"/>
                    <TextEquiv>
                        <Unicode>wie,</Unicode>
                    </TextEquiv>
                </Word>
                <Word id="r2l5_w8" custom="readingOrder {index:7;}">
                    <Coords points="2953,462 2953,522 3023,522 3023,462"/>
                    <TextEquiv>
                        <Unicode>daß</Unicode>
                    </TextEquiv>
                </Word>
                <Word id="r2l5_w9" custom="readingOrder {index:8;}">
                    <Coords points="3066,459 3066,519 3120,519 3120,459"/>
                    <TextEquiv>
                        <Unicode>die</Unicode>
                    </TextEquiv>
                </Word>
                <TextEquiv>
                    <Unicode>as Se danie habinde MeHrer sehen, wie, daß die</Unicode>
                </TextEquiv>
            </TextLine>
            <TextLine id="r2l6" custom="readingOrder {index:5;}">
                <Coords points="1837,676 1862,670 1889,624 1919,611 1966,608 1988,570 2026,582 2039,568 2016,497 1996,508 1984,504 1937,533 1921,527 1891,537 1852,568 1832,561 1808,587"/>
                <Baseline points="1827,618 1852,612 1877,604 1902,595 1927,586 1952,577 1977,569 2002,562 2027,557"/>
                <TextEquiv>
                    <Unicode></Unicode>
                </TextEquiv>
            </TextLine>
            <TextLine id="r2l7" custom="readingOrder {index:6;}">
                <Coords points="2010,649 2354,594 2693,621 2777,588 2897,637 3006,595 3066,644 3188,614 3158,534 3049,513 2985,555 2640,498 2541,564 2469,500 2335,504 2009,594"/>
                <Baseline points="2018,644 2076,629 2134,618 2192,607 2250,600 2308,594 2366,590 2424,587 2482,587 2540,587 2598,587 2656,588 2714,590 2772,591 2830,593 2888,594 2946,596 3004,596 3062,596 3120,594 3179,591"/>
                <Word id="r2l7_w1" custom="readingOrder {index:0;}">
                    <Coords points="2026,585 2026,645 2166,645 2166,585"/>
                    <TextEquiv>
                        <Unicode>Marie</Unicode>
                    </TextEquiv>
                </Word>
                <Word id="r2l7_w2" custom="readingOrder {index:1;}">
                    <Coords points="2196,556 2196,616 2379,616 2379,556"/>
                    <TextEquiv>
                        <Unicode>Guighard</Unicode>
                    </TextEquiv>
                </Word>
                <Word id="r2l7_w3" custom="readingOrder {index:2;}">
                    <Coords points="2407,547 2407,607 2464,607 2464,547"/>
                    <TextEquiv>
                        <Unicode>deß</Unicode>
                    </TextEquiv>
                </Word>
                <Word id="r2l7_w4" custom="readingOrder {index:3;}">
                    <Coords points="2492,547 2492,607 2647,607 2647,547"/>
                    <TextEquiv>
                        <Unicode>außert</Unicode>
                    </TextEquiv>
                </Word>
                <Word id="r2l7_w5" custom="readingOrder {index:4;}">
                    <Coords points="2661,550 2661,610 2801,610 2801,550"/>
                    <TextEquiv>
                        <Unicode>Landts</Unicode>
                    </TextEquiv>
                </Word>
                <Word id="r2l7_w6" custom="readingOrder {index:5;}">
                    <Coords points="2815,553 2815,613 2886,613 2886,553"/>
                    <TextEquiv>
                        <Unicode>sich</Unicode>
                    </TextEquiv>
                </Word>
                <Word id="r2l7_w7" custom="readingOrder {index:6;}">
                    <Coords points="2900,556 2900,616 3168,616 3168,556"/>
                    <TextEquiv>
                        <Unicode>befindtlichen</Unicode>
                    </TextEquiv>
                </Word>
                <TextEquiv>
                    <Unicode>Marie Guighard deß außert Landts sich befindtlichen</Unicode>
                </TextEquiv>
            </TextLine>
            <TextLine id="r2l8" custom="readingOrder {index:7;}">
                <Coords points="2016,744 2333,678 2418,742 2540,674 3186,672 3184,612 3067,645 3017,599 2882,642 2793,598 2696,641 2448,601 2013,653"/>
                <Baseline points="2024,731 2081,717 2139,703 2196,693 2254,685 2312,680 2369,676 2427,672 2484,671 2542,671 2600,671 2657,671 2715,671 2772,672 2830,673 2888,674 2945,672 3003,672 3060,669 3118,666 3176,660"/>
                <Word id="r2l8_w1" custom="readingOrder {index:0;}">
                    <Coords points="2038,666 2038,726 2214,726 2214,666"/>
                    <TextEquiv>
                        <Unicode>Atraham</Unicode>
                    </TextEquiv>
                </Word>
                <Word id="r2l8_w2" custom="readingOrder {index:1;}">
                    <Coords points="2250,638 2250,698 2404,698 2404,638"/>
                    <TextEquiv>
                        <Unicode>Aubert</Unicode>
                    </TextEquiv>
                </Word>
                <Word id="r2l8_w3" custom="readingOrder {index:2;}">
                    <Coords points="2439,631 2439,691 2568,691 2568,631"/>
                    <TextEquiv>
                        <Unicode>Frauto</Unicode>
                    </TextEquiv>
                </Word>
                <Word id="r2l8_w4" custom="readingOrder {index:3;}">
                    <Coords points="2592,631 2592,691 2663,691 2663,631"/>
                    <TextEquiv>
                        <Unicode>seith</Unicode>
                    </TextEquiv>
                </Word>
                <Word id="r2l8_w5" custom="readingOrder {index:4;}">
                    <Coords points="2687,631 2687,691 2828,691 2828,631"/>
                    <TextEquiv>
                        <Unicode>mitten</Unicode>
                    </TextEquiv>
                </Word>
                <Word id="r2l8_w6" custom="readingOrder {index:5;}">
                    <Coords points="2876,630 2876,690 3171,690 3171,630"/>
                    <TextEquiv>
                        <Unicode>Heobstmonats</Unicode>
                    </TextEquiv>
                </Word>
                <TextEquiv>
                    <Unicode>Atraham Aubert Frauto seith mitten Heobstmonats</Unicode>
                </TextEquiv>
            </TextLine>
            <TextLine id="r2l9" custom="readingOrder {index:8;}">
                <Coords points="2023,873 2082,817 2197,841 2282,774 2431,814 2471,772 2884,751 2978,803 3212,743 3209,695 3026,714 2960,673 2899,708 2859,672 2017,746"/>
                <Baseline points="2028,816 2086,803 2145,792 2204,781 2263,774 2321,767 2380,762 2439,759 2498,756 2556,754 2615,753 2674,752 2733,752 2791,752 2850,750 2909,750 2968,749 3026,747 3085,744 3144,741 3203,735"/>
                <Word id="r2l9_w1" custom="readingOrder {index:0;}">
                    <Coords points="2035,759 2035,819 2177,819 2177,759"/>
                    <TextEquiv>
                        <Unicode>bestehin</Unicode>
                    </TextEquiv>
                </Word>
                <Word id="r2l9_w2" custom="readingOrder {index:1;}">
                    <Coords points="2191,729 2191,789 2406,789 2406,729"/>
                    <TextEquiv>
                        <Unicode>sichwanger</Unicode>
                    </TextEquiv>
                </Word>
                <Word id="r2l9_w3" custom="readingOrder {index:2;}">
                    <Coords points="2420,715 2420,775 2606,775 2606,715"/>
                    <TextEquiv>
                        <Unicode>befinden</Unicode>
                    </TextEquiv>
                </Word>
                <Word id="r2l9_w4" custom="readingOrder {index:3;}">
                    <Coords points="2634,712 2634,772 2720,772 2720,712"/>
                    <TextEquiv>
                        <Unicode>Von</Unicode>
                    </TextEquiv>
                </Word>
                <Word id="r2l9_w5" custom="readingOrder {index:4;}">
                    <Coords points="2763,710 2763,770 2893,770 2893,710"/>
                    <TextEquiv>
                        <Unicode>Abtam</Unicode>
                    </TextEquiv>
                </Word>
                <Word id="r2l9_w6" custom="readingOrder {index:5;}">
                    <Coords points="2949,706 2949,766 3121,766 3121,706"/>
                    <TextEquiv>
                        <Unicode>Depra,</Unicode>
                    </TextEquiv>
                </Word>
                <Word id="r2l9_w7" custom="readingOrder {index:6;}">
                    <Coords points="3135,699 3135,759 3192,759 3192,699"/>
                    <TextEquiv>
                        <Unicode>dan</Unicode>
                    </TextEquiv>
                </Word>
                <TextEquiv>
                    <Unicode>bestehin sichwanger befinden Von Abtam Depra, dan</Unicode>
                </TextEquiv>
            </TextLine>
            <TextLine id="r2l10" custom="readingOrder {index:9;}">
                <Coords points="2033,917 2132,934 2318,856 2759,840 2942,896 2999,837 3176,822 3173,764 2973,809 2856,750 2803,788 2508,769 2435,817 2288,780 2174,859 2031,881"/>
                <Baseline points="2040,906 2096,892 2152,880 2209,871 2265,863 2321,856 2378,851 2434,847 2490,844 2547,842 2603,839 2659,838 2716,837 2772,836 2828,835 2885,834 2941,833 2997,831 3054,830 3110,826 3167,822"/>
                <Word id="r2l10_w1" custom="readingOrder {index:0;}">
                    <Coords points="2045,848 2045,908 2179,908 2179,848"/>
                    <TextEquiv>
                        <Unicode>sien,</Unicode>
                    </TextEquiv>
                </Word>
                <Word id="r2l10_w2" custom="readingOrder {index:1;}">
                    <Coords points="2191,826 2191,886 2290,886 2290,826"/>
                    <TextEquiv>
                        <Unicode>undt</Unicode>
                    </TextEquiv>
                </Word>
                <Word id="r2l10_w3" custom="readingOrder {index:2;}">
                    <Coords points="2314,808 2314,868 2523,868 2523,808"/>
                    <TextEquiv>
                        <Unicode>Einandern</Unicode>
                    </TextEquiv>
                </Word>
                <Word id="r2l10_w4" custom="readingOrder {index:3;}">
                    <Coords points="2547,800 2547,860 2595,860 2595,800"/>
                    <TextEquiv>
                        <Unicode>die</Unicode>
                    </TextEquiv>
                </Word>
                <Word id="r2l10_w5" custom="readingOrder {index:4;}">
                    <Coords points="2621,798 2621,858 2682,858 2682,798"/>
                    <TextEquiv>
                        <Unicode>Ehe</Unicode>
                    </TextEquiv>
                </Word>
                <Word id="r2l10_w6" custom="readingOrder {index:5;}">
                    <Coords points="2706,794 2706,854 2953,854 2953,794"/>
                    <TextEquiv>
                        <Unicode>versprochen,</Unicode>
                    </TextEquiv>
                </Word>
                <Word id="r2l10_w7" custom="readingOrder {index:6;}">
                    <Coords points="2977,788 2977,848 3160,848 3160,788"/>
                    <TextEquiv>
                        <Unicode>hierüber</Unicode>
                    </TextEquiv>
                </Word>
                <TextEquiv>
                    <Unicode>sien, undt Einandern die Ehe versprochen, hierüber</Unicode>
                </TextEquiv>
            </TextLine>
            <TextLine id="r2l11" custom="readingOrder {index:10;}">
                <Coords points="2012,1000 2163,970 2336,1008 2416,958 2514,984 2709,935 2813,994 2867,951 3031,991 3218,937 3216,882 2316,859 2010,948"/>
                <Baseline points="2021,993 2080,982 2139,973 2199,964 2258,956 2318,950 2377,944 2436,940 2496,938 2555,935 2615,933 2674,932 2733,932 2793,932 2852,932 2912,932 2971,933 3030,933 3090,933 3149,935 3209,935"/>
                <Word id="r2l11_w1" custom="readingOrder {index:0;}">
                    <Coords points="2028,936 2028,996 2201,996 2201,936"/>
                    <TextEquiv>
                        <Unicode>vollandt</Unicode>
                    </TextEquiv>
                </Word>
                <Word id="r2l11_w2" custom="readingOrder {index:1;}">
                    <Coords points="2230,910 2230,970 2403,970 2403,910"/>
                    <TextEquiv>
                        <Unicode>MeHrer</Unicode>
                    </TextEquiv>
                </Word>
                <Word id="r2l11_w3" custom="readingOrder {index:2;}">
                    <Coords points="2418,899 2418,959 2461,959 2461,899"/>
                    <TextEquiv>
                        <Unicode>en</Unicode>
                    </TextEquiv>
                </Word>
                <Word id="r2l11_w4" custom="readingOrder {index:3;}">
                    <Coords points="2489,896 2489,956 2548,956 2548,896"/>
                    <TextEquiv>
                        <Unicode>H.</Unicode>
                    </TextEquiv>
                </Word>
                <Word id="r2l11_w5" custom="readingOrder {index:4;}">
                    <Coords points="2577,892 2577,952 2663,952 2663,892"/>
                    <TextEquiv>
                        <Unicode>roch.</Unicode>
                    </TextEquiv>
                </Word>
                <Word id="r2l11_w6" custom="readingOrder {index:5;}">
                    <Coords points="2677,892 2677,952 2895,952 2895,892"/>
                    <TextEquiv>
                        <Unicode>freündtlich</Unicode>
                    </TextEquiv>
                </Word>
                <Word id="r2l11_w7" custom="readingOrder {index:6;}">
                    <Coords points="2909,893 2909,953 3054,953 3054,893"/>
                    <TextEquiv>
                        <Unicode>ersucht</Unicode>
                    </TextEquiv>
                </Word>
                <Word id="r2l11_w8" custom="readingOrder {index:7;}">
                    <Coords points="3068,894 3068,954 3183,954 3183,894"/>
                    <TextEquiv>
                        <Unicode>haben</Unicode>
                    </TextEquiv>
                </Word>
                <TextEquiv>
                    <Unicode>vollandt MeHrer en H. roch. freündtlich ersucht haben</Unicode>
                </TextEquiv>
            </TextLine>
            <TextLine id="r2l12" custom="readingOrder {index:11;}">
                <Coords points="2015,1129 2264,1044 3185,1026 3181,945 2981,993 2867,953 2814,996 2582,941 2513,986 2010,1018"/>
                <Baseline points="2022,1092 2079,1079 2137,1068 2195,1060 2252,1052 2310,1047 2368,1042 2425,1037 2483,1035 2541,1032 2599,1031 2656,1029 2714,1029 2772,1029 2829,1028 2887,1028 2945,1026 3002,1026 3060,1023 3118,1021 3176,1017"/>
                <Word id="r2l12_w1" custom="readingOrder {index:0;}">
                    <Coords points="2025,1028 2025,1088 2243,1088 2243,1028"/>
                    <TextEquiv>
                        <Unicode>Vortheyen</Unicode>
                    </TextEquiv>
                </Word>
                <Word id="r2l12_w2" custom="readingOrder {index:1;}">
                    <Coords points="2282,1006 2282,1066 2358,1066 2358,1006"/>
                    <TextEquiv>
                        <Unicode>von</Unicode>
                    </TextEquiv>
                </Word>
                <Word id="r2l12_w3" custom="readingOrder {index:2;}">
                    <Coords points="2410,995 2410,1055 2513,1055 2513,995"/>
                    <TextEquiv>
                        <Unicode>heut</Unicode>
                    </TextEquiv>
                </Word>
                <Word id="r2l12_w4" custom="readingOrder {index:3;}">
                    <Coords points="2538,991 2538,1051 2628,1051 2628,991"/>
                    <TextEquiv>
                        <Unicode>über</Unicode>
                    </TextEquiv>
                </Word>
                <Word id="r2l12_w5" custom="readingOrder {index:4;}">
                    <Coords points="2655,989 2655,1049 2693,1049 2693,989"/>
                    <TextEquiv>
                        <Unicode>14</Unicode>
                    </TextEquiv>
                </Word>
                <Word id="r2l12_w6" custom="readingOrder {index:5;}">
                    <Coords points="2718,989 2718,1049 2782,1049 2782,989"/>
                    <TextEquiv>
                        <Unicode>tag</Unicode>
                    </TextEquiv>
                </Word>
                <Word id="r2l12_w7" custom="readingOrder {index:6;}">
                    <Coords points="2808,988 2808,1048 2898,1048 2898,988"/>
                    <TextEquiv>
                        <Unicode>vos</Unicode>
                    </TextEquiv>
                </Word>
                <Word id="r2l12_w8" custom="readingOrder {index:7;}">
                    <Coords points="2925,986 2925,1046 3000,1046 3000,986"/>
                    <TextEquiv>
                        <Unicode>Unß</Unicode>
                    </TextEquiv>
                </Word>
                <Word id="r2l12_w9" custom="readingOrder {index:8;}">
                    <Coords points="3027,981 3027,1041 3155,1041 3155,981"/>
                    <TextEquiv>
                        <Unicode>halten</Unicode>
                    </TextEquiv>
                </Word>
                <TextEquiv>
                    <Unicode>Vortheyen von heut über 14 tag vos Unß halten</Unicode>
                </TextEquiv>
            </TextLine>
            <TextLine id="r2l13" custom="readingOrder {index:12;}">
                <Coords points="2017,1207 2095,1246 2177,1173 2441,1117 2606,1164 2725,1118 2906,1152 3228,1097 3224,1047 2852,1027 2790,1065 2389,1057 2248,1126 2171,1072 2011,1131"/>
                <Baseline points="2025,1191 2084,1178 2144,1164 2203,1152 2263,1143 2323,1135 2382,1128 2442,1121 2502,1116 2561,1112 2621,1108 2681,1104 2740,1102 2800,1100 2860,1097 2919,1094 2979,1092 3039,1088 3098,1086 3158,1081 3218,1077"/>
                <Word id="r2l13_w1" custom="readingOrder {index:0;}">
                    <Coords points="2035,1127 2035,1187 2226,1187 2226,1127"/>
                    <TextEquiv>
                        <Unicode>zukassen</Unicode>
                    </TextEquiv>
                </Word>
                <Word id="r2l13_w2" custom="readingOrder {index:1;}">
                    <Coords points="2260,1084 2260,1144 2557,1144 2557,1084"/>
                    <TextEquiv>
                        <Unicode>vrmitwoligen</Unicode>
                    </TextEquiv>
                </Word>
                <Word id="r2l13_w3" custom="readingOrder {index:2;}">
                    <Coords points="2591,1065 2591,1125 2713,1125 2713,1065"/>
                    <TextEquiv>
                        <Unicode>bricht</Unicode>
                    </TextEquiv>
                </Word>
                <Word id="r2l13_w4" custom="readingOrder {index:3;}">
                    <Coords points="2748,1060 2748,1120 2802,1120 2802,1060"/>
                    <TextEquiv>
                        <Unicode>wie</Unicode>
                    </TextEquiv>
                </Word>
                <Word id="r2l13_w5" custom="readingOrder {index:4;}">
                    <Coords points="2819,1057 2819,1117 2870,1117 2870,1057"/>
                    <TextEquiv>
                        <Unicode>der</Unicode>
                    </TextEquiv>
                </Word>
                <Word id="r2l13_w6" custom="readingOrder {index:5;}">
                    <Coords points="2887,1052 2887,1112 3044,1112 3044,1052"/>
                    <TextEquiv>
                        <Unicode>Atubet</Unicode>
                    </TextEquiv>
                </Word>
                <Word id="r2l13_w7" custom="readingOrder {index:6;}">
                    <Coords points="3061,1043 3061,1103 3184,1103 3184,1043"/>
                    <TextEquiv>
                        <Unicode>Cirior</Unicode>
                    </TextEquiv>
                </Word>
                <TextEquiv>
                    <Unicode>zukassen vrmitwoligen bricht wie der Atubet Cirior</Unicode>
                </TextEquiv>
            </TextLine>
            <TextLine id="r2l14" custom="readingOrder {index:13;}">
                <Coords points="2222,1253 2284,1209 2336,1216 2391,1189 2478,1213 2511,1191 2502,1115 2462,1135 2437,1124 2412,1138 2360,1134 2338,1158 2323,1148 2301,1161 2277,1152 2243,1184 2213,1180"/>
                <Baseline points="2225,1208 2250,1204 2275,1200 2300,1196 2325,1192 2350,1189 2375,1185 2400,1182 2425,1179 2450,1176 2475,1175 2501,1172"/>
                <Word id="r2l14_w1" custom="readingOrder {index:0;}">
                    <Coords points="2217,1148 2217,1208 2490,1208 2490,1148"/>
                    <TextEquiv>
                        <Unicode>dlerittondtt</Unicode>
                    </TextEquiv>
                </Word>
                <TextEquiv>
                    <Unicode>dlerittondtt</Unicode>
                </TextEquiv>
            </TextLine>
            <TextLine id="r2l15" custom="readingOrder {index:14;}">
                <Coords points="2003,1386 2349,1310 3134,1284 3173,1276 3169,1214 2982,1183 2721,1231 2623,1194 1994,1247"/>
                <Baseline points="2010,1359 2067,1347 2125,1338 2183,1329 2240,1322 2298,1315 2356,1310 2413,1305 2471,1301 2529,1297 2587,1293 2644,1290 2702,1289 2760,1286 2817,1283 2875,1281 2933,1278 2990,1276 3048,1273 3106,1270 3164,1265"/>
                <Word id="r2l15_w1" custom="readingOrder {index:0;}">
                    <Coords points="2008,1301 2008,1361 2198,1361 2198,1301"/>
                    <TextEquiv>
                        <Unicode>Wilden</Unicode>
                    </TextEquiv>
                </Word>
                <Word id="r2l15_w2" custom="readingOrder {index:1;}">
                    <Coords points="2235,1274 2235,1334 2362,1334 2362,1274"/>
                    <TextEquiv>
                        <Unicode>Prof.</Unicode>
                    </TextEquiv>
                </Word>
                <Word id="r2l15_w3" custom="readingOrder {index:2;}">
                    <Coords points="2387,1262 2387,1322 2500,1322 2500,1262"/>
                    <TextEquiv>
                        <Unicode>Was</Unicode>
                    </TextEquiv>
                </Word>
                <Word id="r2l15_w4" custom="readingOrder {index:3;}">
                    <Coords points="2539,1252 2539,1312 2664,1312 2664,1252"/>
                    <TextEquiv>
                        <Unicode>Abram</Unicode>
                    </TextEquiv>
                </Word>
                <Word id="r2l15_w5" custom="readingOrder {index:4;}">
                    <Coords points="2728,1243 2728,1303 2891,1303 2891,1243"/>
                    <TextEquiv>
                        <Unicode>Trosard</Unicode>
                    </TextEquiv>
                </Word>
                <Word id="r2l15_w6" custom="readingOrder {index:5;}">
                    <Coords points="2917,1237 2917,1297 2979,1297 2979,1237"/>
                    <TextEquiv>
                        <Unicode>von</Unicode>
                    </TextEquiv>
                </Word>
                <Word id="r2l15_w7" custom="readingOrder {index:6;}">
                    <Coords points="3006,1230 3006,1290 3183,1290 3183,1230"/>
                    <TextEquiv>
                        <Unicode>Brenles¬</Unicode>
                    </TextEquiv>
                </Word>
                <TextEquiv>
                    <Unicode>Wilden Prof. Was Abram Trosard von Brenles¬</Unicode>
                </TextEquiv>
            </TextLine>
            <TextLine id="r2l16" custom="readingOrder {index:15;}">
                <Coords points="2069,1491 2194,1413 2566,1377 2727,1411 2798,1370 3149,1345 3160,1292 2419,1306 2060,1384"/>
                <Baseline points="2073,1433 2127,1424 2181,1415 2235,1407 2289,1400 2343,1394 2397,1388 2451,1383 2505,1379 2559,1374 2614,1371 2668,1367 2722,1364 2776,1360 2830,1358 2884,1354 2938,1350 2992,1347 3046,1343 3100,1338 3155,1334"/>
                <Word id="r2l16_w1" custom="readingOrder {index:0;}">
                    <Coords points="2069,1380 2069,1440 2230,1440 2230,1380"/>
                    <TextEquiv>
                        <Unicode>Mech.</Unicode>
                    </TextEquiv>
                </Word>
                <Word id="r2l16_w2" custom="readingOrder {index:1;}">
                    <Coords points="2269,1350 2269,1410 2489,1410 2489,1350"/>
                    <TextEquiv>
                        <Unicode>Abewoagen</Unicode>
                    </TextEquiv>
                </Word>
                <Word id="r2l16_w3" custom="readingOrder {index:2;}">
                    <Coords points="2531,1331 2531,1391 2692,1391 2692,1331"/>
                    <TextEquiv>
                        <Unicode>laße,</Unicode>
                    </TextEquiv>
                </Word>
                <Word id="r2l16_w4" custom="readingOrder {index:3;}">
                    <Coords points="2712,1322 2712,1382 2771,1382 2771,1322"/>
                    <TextEquiv>
                        <Unicode>daß</Unicode>
                    </TextEquiv>
                </Word>
                <Word id="r2l16_w5" custom="readingOrder {index:4;}">
                    <Coords points="2810,1315 2810,1375 2912,1375 2912,1315"/>
                    <TextEquiv>
                        <Unicode>wate</Unicode>
                    </TextEquiv>
                </Word>
                <Word id="r2l16_w6" custom="readingOrder {index:5;}">
                    <Coords points="2931,1304 2931,1364 3132,1364 3132,1304"/>
                    <TextEquiv>
                        <Unicode>deselbe</Unicode>
                    </TextEquiv>
                </Word>
                <TextEquiv>
                    <Unicode>Mech. Abewoagen laße, daß wate deselbe</Unicode>
                </TextEquiv>
            </TextLine>
            <TextLine id="r2l17" custom="readingOrder {index:16;}">
                <Coords points="2033,1541 2458,1468 2552,1524 2653,1459 2830,1448 2922,1494 2984,1444 3215,1461 3221,1367 2387,1392 2029,1492"/>
                <Baseline points="2039,1517 2097,1507 2156,1499 2215,1491 2274,1485 2333,1478 2391,1473 2450,1468 2509,1464 2568,1461 2627,1457 2685,1453 2744,1451 2803,1448 2862,1445 2921,1442 2979,1438 3038,1434 3097,1431 3156,1427 3215,1422"/>
                <Word id="r2l17_w1" custom="readingOrder {index:0;}">
                    <Coords points="2045,1469 2045,1529 2125,1529 2125,1469"/>
                    <TextEquiv>
                        <Unicode>auß</Unicode>
                    </TextEquiv>
                </Word>
                <Word id="r2l17_w2" custom="readingOrder {index:1;}">
                    <Coords points="2167,1439 2167,1499 2477,1499 2477,1439"/>
                    <TextEquiv>
                        <Unicode>mittkammender</Unicode>
                    </TextEquiv>
                </Word>
                <Word id="r2l17_w3" custom="readingOrder {index:2;}">
                    <Coords points="2506,1416 2506,1476 2776,1476 2776,1416"/>
                    <TextEquiv>
                        <Unicode>bittschrfft</Unicode>
                    </TextEquiv>
                </Word>
                <Word id="r2l17_w4" custom="readingOrder {index:3;}">
                    <Coords points="2789,1407 2789,1467 2829,1467 2829,1407"/>
                    <TextEquiv>
                        <Unicode>an</Unicode>
                    </TextEquiv>
                </Word>
                <Word id="r2l17_w5" custom="readingOrder {index:4;}">
                    <Coords points="2871,1400 2871,1460 3006,1460 3006,1400"/>
                    <TextEquiv>
                        <Unicode>NH.</Unicode>
                    </TextEquiv>
                </Word>
                <Word id="r2l17_w6" custom="readingOrder {index:5;}">
                    <Coords points="3033,1388 3033,1448 3221,1448 3221,1388"/>
                    <TextEquiv>
                        <Unicode>Grandentz</Unicode>
                    </TextEquiv>
                </Word>
                <TextEquiv>
                    <Unicode>auß mittkammender bittschrfft an NH. Grandentz</Unicode>
                </TextEquiv>
            </TextLine>
            <TextLine id="r2l18" custom="readingOrder {index:17;}">
                <Coords points="1851,1527 1861,1526 1912,1471 1972,1487 2046,1484 2035,1386 1980,1380 1960,1397 1905,1389 1889,1400 1869,1391 1838,1412"/>
                <Baseline points="1853,1469 1878,1469 1904,1467 1930,1464 1955,1460 1981,1457 2007,1454 2033,1451"/>
                <Word id="r2l18_w1" custom="readingOrder {index:0;}">
                    <Coords points="1839,1428 1839,1488 1928,1488 1928,1428"/>
                    <TextEquiv>
                        <Unicode>Sohrd</Unicode>
                    </TextEquiv>
                </Word>
                <Word id="r2l18_w2" custom="readingOrder {index:1;}">
                    <Coords points="1942,1416 1942,1476 2029,1476 2029,1416"/>
                    <TextEquiv>
                        <Unicode>Aram</Unicode>
                    </TextEquiv>
                </Word>
                <TextEquiv>
                    <Unicode>Sohrd Aram</Unicode>
                </TextEquiv>
            </TextLine>
            <TextLine id="r2l19" custom="readingOrder {index:18;}">
                <Coords points="2044,1604 2189,1578 2306,1611 2634,1542 2682,1576 2756,1532 2837,1563 3160,1496 3156,1446 3011,1447 2925,1499 2865,1455 2792,1499 2680,1461 2554,1526 2459,1467 2195,1549 2039,1537"/>
                <Baseline points="2051,1589 2106,1584 2161,1580 2216,1575 2271,1572 2326,1568 2381,1565 2436,1562 2491,1558 2546,1554 2601,1550 2656,1547 2711,1543 2766,1539 2821,1534 2876,1528 2931,1523 2986,1517 3041,1510 3096,1504 3152,1496"/>
                <Word id="r2l19_w1" custom="readingOrder {index:0;}">
                    <Coords points="2053,1541 2053,1601 2239,1601 2239,1541"/>
                    <TextEquiv>
                        <Unicode>dinigert</Unicode>
                    </TextEquiv>
                </Word>
                <Word id="r2l19_w2" custom="readingOrder {index:1;}">
                    <Coords points="2275,1529 2275,1589 2338,1589 2338,1529"/>
                    <TextEquiv>
                        <Unicode>deß</Unicode>
                    </TextEquiv>
                </Word>
                <Word id="r2l19_w3" custom="readingOrder {index:2;}">
                    <Coords points="2387,1520 2387,1580 2524,1580 2524,1520"/>
                    <TextEquiv>
                        <Unicode>fernern</Unicode>
                    </TextEquiv>
                </Word>
                <Word id="r2l19_w4" custom="readingOrder {index:3;}">
                    <Coords points="2548,1507 2548,1567 2734,1567 2734,1507"/>
                    <TextEquiv>
                        <Unicode>zuersechen</Unicode>
                    </TextEquiv>
                </Word>
                <Word id="r2l19_w5" custom="readingOrder {index:4;}">
                    <Coords points="2772,1491 2772,1551 2909,1551 2909,1491"/>
                    <TextEquiv>
                        <Unicode>haben,</Unicode>
                    </TextEquiv>
                </Word>
                <Word id="r2l19_w6" custom="readingOrder {index:5;}">
                    <Coords points="2946,1471 2946,1531 3119,1531 3119,1471"/>
                    <TextEquiv>
                        <Unicode>hieüber</Unicode>
                    </TextEquiv>
                </Word>
                <TextEquiv>
                    <Unicode>dinigert deß fernern zuersechen haben, hieüber</Unicode>
                </TextEquiv>
            </TextLine>
            <TextLine id="r2l20" custom="readingOrder {index:19;}">
                <Coords points="2034,1687 2501,1650 2591,1701 2682,1628 2734,1668 2828,1614 3133,1617 3108,1513 2794,1544 2732,1599 2635,1543 2307,1610 2115,1584 2031,1631"/>
                <Baseline points="2042,1667 2096,1665 2150,1663 2204,1660 2258,1658 2312,1656 2366,1652 2420,1649 2474,1647 2528,1643 2582,1640 2636,1635 2690,1631 2744,1627 2798,1622 2852,1617 2906,1612 2960,1607 3014,1602 3068,1595 3122,1589"/>
                <Word id="r2l20_w1" custom="readingOrder {index:0;}">
                    <Coords points="2045,1625 2045,1685 2145,1685 2145,1625"/>
                    <TextEquiv>
                        <Unicode>wede</Unicode>
                    </TextEquiv>
                </Word>
                <Word id="r2l20_w2" custom="readingOrder {index:1;}">
                    <Coords points="2184,1619 2184,1679 2247,1679 2247,1619"/>
                    <TextEquiv>
                        <Unicode>der</Unicode>
                    </TextEquiv>
                </Word>
                <Word id="r2l20_w3" custom="readingOrder {index:2;}">
                    <Coords points="2272,1616 2272,1676 2322,1676 2322,1616"/>
                    <TextEquiv>
                        <Unicode>H.</Unicode>
                    </TextEquiv>
                </Word>
                <Word id="r2l20_w4" custom="readingOrder {index:3;}">
                    <Coords points="2348,1610 2348,1670 2448,1670 2448,1610"/>
                    <TextEquiv>
                        <Unicode>Prof.</Unicode>
                    </TextEquiv>
                </Word>
                <Word id="r2l20_w5" custom="readingOrder {index:4;}">
                    <Coords points="2461,1594 2461,1654 2827,1654 2827,1594"/>
                    <TextEquiv>
                        <Unicode>feündtlichersicht</Unicode>
                    </TextEquiv>
                </Word>
                <Word id="r2l20_w6" custom="readingOrder {index:5;}">
                    <Coords points="2865,1573 2865,1633 2915,1633 2915,1573"/>
                    <TextEquiv>
                        <Unicode>den</Unicode>
                    </TextEquiv>
                </Word>
                <Word id="r2l20_w7" custom="readingOrder {index:6;}">
                    <Coords points="2940,1559 2940,1619 3128,1619 3128,1559"/>
                    <TextEquiv>
                        <Unicode>Frossard</Unicode>
                    </TextEquiv>
                </Word>
                <TextEquiv>
                    <Unicode>wede der H. Prof. feündtlichersicht den Frossard</Unicode>
                </TextEquiv>
            </TextLine>
            <TextLine id="r2l21" custom="readingOrder {index:20;}">
                <Coords points="2028,1798 2149,1756 2210,1800 2278,1747 2590,1775 2653,1722 2978,1693 3057,1732 3236,1677 3231,1612 2652,1650 2595,1703 2353,1654 2020,1707"/>
                <Baseline points="2033,1761 2092,1758 2152,1755 2212,1752 2271,1748 2331,1743 2391,1739 2450,1733 2510,1728 2570,1723 2630,1719 2689,1713 2749,1707 2809,1701 2868,1697 2928,1691 2988,1686 3047,1681 3107,1674 3167,1670 3227,1665"/>
                <Word id="r2l21_w1" custom="readingOrder {index:0;}">
                    <Coords points="2027,1719 2027,1779 2115,1779 2115,1719"/>
                    <TextEquiv>
                        <Unicode>Hre</Unicode>
                    </TextEquiv>
                </Word>
                <Word id="r2l21_w2" custom="readingOrder {index:1;}">
                    <Coords points="2149,1712 2149,1772 2274,1772 2274,1712"/>
                    <TextEquiv>
                        <Unicode>Schloß</Unicode>
                    </TextEquiv>
                </Word>
                <Word id="r2l21_w3" custom="readingOrder {index:2;}">
                    <Coords points="2326,1698 2326,1758 2468,1758 2468,1698"/>
                    <TextEquiv>
                        <Unicode>kinteg</Unicode>
                    </TextEquiv>
                </Word>
                <Word id="r2l21_w4" custom="readingOrder {index:3;}">
                    <Coords points="2503,1679 2503,1739 2733,1739 2733,1679"/>
                    <TextEquiv>
                        <Unicode>zumahlen,</Unicode>
                    </TextEquiv>
                </Word>
                <Word id="r2l21_w5" custom="readingOrder {index:4;}">
                    <Coords points="2750,1662 2750,1722 2839,1722 2839,1662"/>
                    <TextEquiv>
                        <Unicode>das</Unicode>
                    </TextEquiv>
                </Word>
                <Word id="r2l21_w6" custom="readingOrder {index:5;}">
                    <Coords points="2873,1647 2873,1707 3069,1707 3069,1647"/>
                    <TextEquiv>
                        <Unicode>Delitem</Unicode>
                    </TextEquiv>
                </Word>
                <Word id="r2l21_w7" custom="readingOrder {index:6;}">
                    <Coords points="3103,1630 3103,1690 3226,1690 3226,1630"/>
                    <TextEquiv>
                        <Unicode>hinder</Unicode>
                    </TextEquiv>
                </Word>
                <TextEquiv>
                    <Unicode>Hre Schloß kinteg zumahlen, das Delitem hinder</Unicode>
                </TextEquiv>
            </TextLine>
            <TextLine id="r2l22" custom="readingOrder {index:21;}">
                <Coords points="2030,1884 2164,1852 2249,1895 2306,1838 2956,1777 3131,1803 3245,1760 3238,1674 3063,1734 3011,1695 2854,1746 2701,1714 2562,1786 2362,1801 2270,1751 2210,1800 2158,1762 2023,1803"/>
                <Baseline points="2036,1854 2096,1850 2156,1845 2216,1840 2276,1834 2336,1830 2396,1824 2456,1820 2516,1814 2576,1809 2636,1804 2696,1799 2756,1795 2816,1789 2876,1785 2936,1779 2996,1774 3056,1770 3116,1765 3176,1760 3236,1755"/>
                <Word id="r2l22_w1" custom="readingOrder {index:0;}">
                    <Coords points="2039,1808 2039,1868 2197,1868 2197,1808"/>
                    <TextEquiv>
                        <Unicode>Milden</Unicode>
                    </TextEquiv>
                </Word>
                <Word id="r2l22_w2" custom="readingOrder {index:1;}">
                    <Coords points="2211,1790 2211,1850 2435,1850 2435,1790"/>
                    <TextEquiv>
                        <Unicode>Vergangen,</Unicode>
                    </TextEquiv>
                </Word>
                <Word id="r2l22_w3" custom="readingOrder {index:2;}">
                    <Coords points="2461,1775 2461,1835 2539,1835 2539,1775"/>
                    <TextEquiv>
                        <Unicode>zur</Unicode>
                    </TextEquiv>
                </Word>
                <Word id="r2l22_w4" custom="readingOrder {index:3;}">
                    <Coords points="2567,1758 2567,1818 2831,1818 2831,1758"/>
                    <TextEquiv>
                        <Unicode>abbießung</Unicode>
                    </TextEquiv>
                </Word>
                <Word id="r2l22_w5" custom="readingOrder {index:4;}">
                    <Coords points="2870,1738 2870,1798 3016,1798 3016,1738"/>
                    <TextEquiv>
                        <Unicode>halten</Unicode>
                    </TextEquiv>
                </Word>
                <Word id="r2l22_w6" custom="readingOrder {index:5;}">
                    <Coords points="3042,1729 3042,1789 3083,1789 3083,1729"/>
                    <TextEquiv>
                        <Unicode>zu</Unicode>
                    </TextEquiv>
                </Word>
                <Word id="r2l22_w7" custom="readingOrder {index:6;}">
                    <Coords points="3109,1720 3109,1780 3227,1780 3227,1720"/>
                    <TextEquiv>
                        <Unicode>laßen</Unicode>
                    </TextEquiv>
                </Word>
                <TextEquiv>
                    <Unicode>Milden Vergangen, zur abbießung halten zu laßen</Unicode>
                </TextEquiv>
            </TextLine>
            <TextLine id="r2l23" custom="readingOrder {index:22;}">
                <Coords points="2032,1956 3105,1881 3183,1814 3062,1779 2569,1818 2494,1877 2430,1835 2026,1888"/>
                <Baseline points="2039,1944 2095,1940 2152,1936 2209,1931 2266,1928 2323,1923 2380,1920 2436,1916 2493,1911 2550,1906 2607,1902 2664,1896 2721,1892 2778,1886 2834,1880 2891,1876 2948,1870 3005,1863 3062,1858 3119,1851 3176,1844"/>
                <Word id="r2l23_w1" custom="readingOrder {index:0;}">
                    <Coords points="2048,1898 2048,1958 2181,1958 2181,1898"/>
                    <TextEquiv>
                        <Unicode>Mitt</Unicode>
                    </TextEquiv>
                </Word>
                <Word id="r2l23_w2" custom="readingOrder {index:1;}">
                    <Coords points="2197,1890 2197,1950 2246,1950 2246,1890"/>
                    <TextEquiv>
                        <Unicode>hin</Unicode>
                    </TextEquiv>
                </Word>
                <Word id="r2l23_w3" custom="readingOrder {index:2;}">
                    <Coords points="2281,1884 2281,1944 2330,1944 2330,1884"/>
                    <TextEquiv>
                        <Unicode>dem</Unicode>
                    </TextEquiv>
                </Word>
                <Word id="r2l23_w4" custom="readingOrder {index:3;}">
                    <Coords points="2379,1875 2379,1935 2496,1935 2496,1875"/>
                    <TextEquiv>
                        <Unicode>Ruge</Unicode>
                    </TextEquiv>
                </Word>
                <Word id="r2l23_w5" custom="readingOrder {index:4;}">
                    <Coords points="2528,1865 2528,1925 2596,1925 2596,1865"/>
                    <TextEquiv>
                        <Unicode>deß</Unicode>
                    </TextEquiv>
                </Word>
                <Word id="r2l23_w6" custom="readingOrder {index:5;}">
                    <Coords points="2645,1853 2645,1913 2745,1913 2745,1853"/>
                    <TextEquiv>
                        <Unicode>Eer</Unicode>
                    </TextEquiv>
                </Word>
                <Word id="r2l23_w7" custom="readingOrder {index:6;}">
                    <Coords points="2778,1838 2778,1898 2927,1898 2927,1838"/>
                    <TextEquiv>
                        <Unicode>Göidts</Unicode>
                    </TextEquiv>
                </Word>
                <Word id="r2l23_w8" custom="readingOrder {index:7;}">
                    <Coords points="2945,1828 2945,1888 2978,1888 2978,1828"/>
                    <TextEquiv>
                        <Unicode>zu</Unicode>
                    </TextEquiv>
                </Word>
                <Word id="r2l23_w9" custom="readingOrder {index:8;}">
                    <Coords points="3011,1815 3011,1875 3160,1875 3160,1815"/>
                    <TextEquiv>
                        <Unicode>Perger</Unicode>
                    </TextEquiv>
                </Word>
                <TextEquiv>
                    <Unicode>Mitt hin dem Ruge deß Eer Göidts zu Perger</Unicode>
                </TextEquiv>
            </TextLine>
            <TextLine id="r2l24" custom="readingOrder {index:23;}">
                <Coords points="2035,2052 2575,2053 2923,1964 3058,2005 3239,1920 3235,1872 3183,1904 3065,1860 2704,1957 2557,1912 2484,1951 2107,1942 2030,1985"/>
                <Baseline points="2042,2022 2101,2021 2160,2018 2220,2016 2279,2012 2339,2009 2398,2005 2458,2001 2517,1996 2577,1991 2636,1985 2695,1980 2755,1974 2814,1968 2874,1962 2933,1956 2993,1951 3052,1944 3112,1938 3171,1932 3231,1926"/>
                <Word id="r2l24_w1" custom="readingOrder {index:0;}">
                    <Coords points="2048,1976 2048,2036 2355,2036 2355,1976"/>
                    <TextEquiv>
                        <Unicode>zubedeuten,</Unicode>
                    </TextEquiv>
                </Word>
                <Word id="r2l24_w2" custom="readingOrder {index:1;}">
                    <Coords points="2384,1963 2384,2023 2472,2023 2472,1963"/>
                    <TextEquiv>
                        <Unicode>daß</Unicode>
                    </TextEquiv>
                </Word>
                <Word id="r2l24_w3" custom="readingOrder {index:2;}">
                    <Coords points="2516,1954 2516,2014 2559,2014 2559,1954"/>
                    <TextEquiv>
                        <Unicode>Es</Unicode>
                    </TextEquiv>
                </Word>
                <Word id="r2l24_w4" custom="readingOrder {index:3;}">
                    <Coords points="2575,1949 2575,2009 2604,2009 2604,1949"/>
                    <TextEquiv>
                        <Unicode>in</Unicode>
                    </TextEquiv>
                </Word>
                <Word id="r2l24_w5" custom="readingOrder {index:4;}">
                    <Coords points="2633,1940 2633,2000 2736,2000 2736,1940"/>
                    <TextEquiv>
                        <Unicode>seine</Unicode>
                    </TextEquiv>
                </Word>
                <Word id="r2l24_w6" custom="readingOrder {index:5;}">
                    <Coords points="2750,1922 2750,1982 2985,1982 2985,1922"/>
                    <TextEquiv>
                        <Unicode>pratelsion</Unicode>
                    </TextEquiv>
                </Word>
                <Word id="r2l24_w7" custom="readingOrder {index:6;}">
                    <Coords points="2999,1897 2999,1957 3232,1957 3232,1897"/>
                    <TextEquiv>
                        <Unicode>ohnbgründe</Unicode>
                    </TextEquiv>
                </Word>
                <TextEquiv>
                    <Unicode>zubedeuten, daß Es in seine pratelsion ohnbgründe</Unicode>
                </TextEquiv>
            </TextLine>
            <TextLine id="r2l25" custom="readingOrder {index:24;}">
                <Coords points="2040,2182 2059,2178 2081,2183 2098,2162 2109,2167 2119,2154 2129,2154 2141,2141 2150,2140 2127,2024 2099,2033 2071,2067 2059,2062 2034,2093 2024,2097"/>
                <Baseline points="2039,2129 2071,2115 2103,2112 2135,2108"/>
                <Word id="r2l25_w1" custom="readingOrder {index:0;}">
                    <Coords points="2031,2073 2031,2133 2140,2133 2140,2073"/>
                    <TextEquiv>
                        <Unicode>seye</Unicode>
                    </TextEquiv>
                </Word>
                <TextEquiv>
                    <Unicode>seye</Unicode>
                </TextEquiv>
            </TextLine>
            <TextLine id="r2l26" custom="readingOrder {index:25;}">
                <Coords points="2021,2336 2210,2303 2370,2338 2525,2285 2614,2334 2698,2280 2836,2296 2895,2241 3201,2253 3269,2219 3264,2154 2820,2147 2661,2230 2439,2205 2323,2248 2108,2180 2010,2211"/>
                <Baseline points="2027,2312 2088,2310 2150,2309 2212,2306 2273,2303 2335,2299 2397,2294 2458,2288 2520,2282 2582,2277 2644,2270 2705,2264 2767,2258 2829,2252 2890,2246 2952,2240 3014,2235 3075,2229 3137,2226 3199,2222 3261,2219"/>
                <Word id="r2l26_w1" custom="readingOrder {index:0;}">
                    <Coords points="2035,2266 2035,2326 2354,2326 2354,2266"/>
                    <TextEquiv>
                        <Unicode>Reutingen.</Unicode>
                    </TextEquiv>
                </Word>
                <Word id="r2l26_w2" custom="readingOrder {index:1;}">
                    <Coords points="2372,2244 2372,2304 2619,2304 2619,2244"/>
                    <TextEquiv>
                        <Unicode>Ehscheiben</Unicode>
                    </TextEquiv>
                </Word>
                <Word id="r2l26_w3" custom="readingOrder {index:2;}">
                    <Coords points="2657,2224 2657,2284 2744,2284 2744,2224"/>
                    <TextEquiv>
                        <Unicode>habe</Unicode>
                    </TextEquiv>
                </Word>
                <Word id="r2l26_w4" custom="readingOrder {index:3;}">
                    <Coords points="2762,2211 2762,2271 2904,2271 2904,2211"/>
                    <TextEquiv>
                        <Unicode>Machs</Unicode>
                    </TextEquiv>
                </Word>
                <Word id="r2l26_w5" custom="readingOrder {index:4;}">
                    <Coords points="2939,2196 2939,2256 3046,2256 3046,2196"/>
                    <TextEquiv>
                        <Unicode>röter</Unicode>
                    </TextEquiv>
                </Word>
                <Word id="r2l26_w6" custom="readingOrder {index:5;}">
                    <Coords points="3081,2186 3081,2246 3154,2246 3154,2186"/>
                    <TextEquiv>
                        <Unicode>wie</Unicode>
                    </TextEquiv>
                </Word>
                <Word id="r2l26_w7" custom="readingOrder {index:6;}">
                    <Coords points="3171,2182 3171,2242 3224,2242 3224,2182"/>
                    <TextEquiv>
                        <Unicode>daß</Unicode>
                    </TextEquiv>
                </Word>
                <TextEquiv>
                    <Unicode>Reutingen. Ehscheiben habe Machs röter wie daß</Unicode>
                </TextEquiv>
            </TextLine>
            <TextLine id="r2l27" custom="readingOrder {index:26;}">
                <Coords points="1879,2451 1968,2476 2097,2402 2228,2460 2321,2394 2524,2376 2615,2424 2752,2354 3274,2320 3260,2222 2894,2241 2615,2334 2524,2285 2301,2343 2199,2305 2092,2372 1868,2326"/>
                <Baseline points="1884,2409 1956,2409 2029,2408 2101,2405 2174,2401 2246,2396 2319,2389 2392,2383 2464,2375 2537,2367 2609,2359 2682,2352 2754,2343 2827,2336 2900,2329 2972,2322 3045,2316 3117,2311 3190,2308 3263,2306"/>
                <Word id="r2l27_w1" custom="readingOrder {index:0;}">
                    <Coords points="1873,2369 1873,2429 1936,2429 1936,2369"/>
                    <TextEquiv>
                        <Unicode>der</Unicode>
                    </TextEquiv>
                </Word>
                <Word id="r2l27_w2" custom="readingOrder {index:1;}">
                    <Coords points="1952,2368 1952,2428 2079,2428 2079,2368"/>
                    <TextEquiv>
                        <Unicode>Estbeg</Unicode>
                    </TextEquiv>
                </Word>
                <Word id="r2l27_w3" custom="readingOrder {index:2;}">
                    <Coords points="2110,2359 2110,2419 2285,2419 2285,2359"/>
                    <TextEquiv>
                        <Unicode>Elstbeth</Unicode>
                    </TextEquiv>
                </Word>
                <Word id="r2l27_w4" custom="readingOrder {index:3;}">
                    <Coords points="2316,2343 2316,2403 2459,2403 2459,2343"/>
                    <TextEquiv>
                        <Unicode>Mauner</Unicode>
                    </TextEquiv>
                </Word>
                <Word id="r2l27_w5" custom="readingOrder {index:4;}">
                    <Coords points="2490,2328 2490,2388 2553,2388 2553,2328"/>
                    <TextEquiv>
                        <Unicode>Ihr</Unicode>
                    </TextEquiv>
                </Word>
                <Word id="r2l27_w6" custom="readingOrder {index:5;}">
                    <Coords points="2586,2309 2586,2369 2823,2369 2823,2309"/>
                    <TextEquiv>
                        <Unicode>angehöge</Unicode>
                    </TextEquiv>
                </Word>
                <Word id="r2l27_w7" custom="readingOrder {index:6;}">
                    <Coords points="2855,2289 2855,2349 2935,2349 2935,2289"/>
                    <TextEquiv>
                        <Unicode>Wir</Unicode>
                    </TextEquiv>
                </Word>
                <Word id="r2l27_w8" custom="readingOrder {index:7;}">
                    <Coords points="2951,2279 2951,2339 3045,2339 3045,2279"/>
                    <TextEquiv>
                        <Unicode>Ihne</Unicode>
                    </TextEquiv>
                </Word>
                <Word id="r2l27_w9" custom="readingOrder {index:8;}">
                    <Coords points="3076,2268 3076,2328 3266,2328 3266,2268"/>
                    <TextEquiv>
                        <Unicode>bekant¬</Unicode>
                    </TextEquiv>
                </Word>
                <TextEquiv>
                    <Unicode>der Estbeg Elstbeth Mauner Ihr angehöge Wir Ihne bekant¬</Unicode>
                </TextEquiv>
            </TextLine>
            <TextLine id="r2l28" custom="readingOrder {index:27;}">
                <Coords points="2048,2555 2208,2489 2598,2454 2759,2501 3248,2397 3241,2330 3086,2332 2753,2355 2616,2426 2462,2384 2239,2465 2127,2424 2040,2467"/>
                <Baseline points="2052,2499 2111,2496 2170,2493 2230,2489 2289,2484 2348,2479 2408,2474 2467,2467 2526,2462 2586,2455 2645,2449 2704,2442 2764,2436 2823,2429 2882,2423 2942,2417 3001,2411 3060,2406 3120,2400 3179,2395 3239,2391"/>
                <Word id="r2l28_w1" custom="readingOrder {index:0;}">
                    <Coords points="2058,2454 2058,2514 2209,2514 2209,2454"/>
                    <TextEquiv>
                        <Unicode>sehe</Unicode>
                    </TextEquiv>
                </Word>
                <Word id="r2l28_w2" custom="readingOrder {index:1;}">
                    <Coords points="2238,2441 2238,2501 2389,2501 2389,2441"/>
                    <TextEquiv>
                        <Unicode>nise</Unicode>
                    </TextEquiv>
                </Word>
                <Word id="r2l28_w3" custom="readingOrder {index:2;}">
                    <Coords points="2446,2418 2446,2478 2658,2478 2658,2418"/>
                    <TextEquiv>
                        <Unicode>hene</Unicode>
                    </TextEquiv>
                </Word>
                <Word id="r2l28_w4" custom="readingOrder {index:3;}">
                    <Coords points="2715,2397 2715,2457 2776,2457 2776,2397"/>
                    <TextEquiv>
                        <Unicode>e</Unicode>
                    </TextEquiv>
                </Word>
                <Word id="r2l28_w5" custom="readingOrder {index:4;}">
                    <Coords points="2805,2383 2805,2443 2956,2443 2956,2383"/>
                    <TextEquiv>
                        <Unicode>sehe</Unicode>
                    </TextEquiv>
                </Word>
                <Word id="r2l28_w6" custom="readingOrder {index:5;}">
                    <Coords points="3017,2358 3017,2418 3258,2418 3258,2358"/>
                    <TextEquiv>
                        <Unicode>eniet</Unicode>
                    </TextEquiv>
                </Word>
                <TextEquiv>
                    <Unicode>sehe nise hene e sehe eniet</Unicode>
                </TextEquiv>
            </TextLine>
            <TextLine id="r2l29" custom="readingOrder {index:28;}">
                <Coords points="1879,2530 1895,2540 1920,2530 1935,2533 1952,2521 1972,2529 1983,2525 2009,2554 2018,2555 2032,2433 2023,2432 1964,2477 1939,2467 1907,2431 1890,2425"/>
                <Baseline points="1893,2483 1923,2486 1954,2491 1985,2495 2016,2495"/>
                <Word id="r2l29_w1" custom="readingOrder {index:0;}">
                    <Coords points="1879,2443 1879,2503 1891,2503 1891,2443"/>
                    <TextEquiv>
                        <Unicode>1</Unicode>
                    </TextEquiv>
                </Word>
                <Word id="r2l29_w2" custom="readingOrder {index:1;}">
                    <Coords points="1914,2454 1914,2514 2042,2514 2042,2454"/>
                    <TextEquiv>
                        <Unicode>Jacob.</Unicode>
                    </TextEquiv>
                </Word>
                <TextEquiv>
                    <Unicode>1 Jacob.</Unicode>
                </TextEquiv>
            </TextLine>
            <TextLine id="r2l30" custom="readingOrder {index:29;}">
                <Coords points="2055,2632 2494,2566 2570,2598 2720,2530 2870,2564 2935,2516 2984,2545 3169,2498 3164,2450 2996,2427 2834,2496 2626,2457 2262,2522 2109,2499 2047,2546"/>
                <Baseline points="2060,2583 2114,2579 2169,2574 2224,2570 2279,2564 2334,2560 2389,2555 2444,2551 2499,2546 2554,2541 2609,2537 2663,2532 2718,2526 2773,2522 2828,2517 2883,2511 2938,2505 2993,2501 3048,2494 3103,2488 3158,2483"/>
                <Word id="r2l30_w1" custom="readingOrder {index:0;}">
                    <Coords points="2064,2540 2064,2600 2136,2600 2136,2540"/>
                    <TextEquiv>
                        <Unicode>daß</Unicode>
                    </TextEquiv>
                </Word>
                <Word id="r2l30_w2" custom="readingOrder {index:1;}">
                    <Coords points="2178,2531 2178,2591 2236,2591 2236,2531"/>
                    <TextEquiv>
                        <Unicode>Sie</Unicode>
                    </TextEquiv>
                </Word>
                <Word id="r2l30_w3" custom="readingOrder {index:2;}">
                    <Coords points="2264,2522 2264,2582 2335,2582 2335,2522"/>
                    <TextEquiv>
                        <Unicode>zum</Unicode>
                    </TextEquiv>
                </Word>
                <Word id="r2l30_w4" custom="readingOrder {index:3;}">
                    <Coords points="2365,2511 2365,2571 2506,2571 2506,2511"/>
                    <TextEquiv>
                        <Unicode>drhebet</Unicode>
                    </TextEquiv>
                </Word>
                <Word id="r2l30_w5" custom="readingOrder {index:4;}">
                    <Coords points="2536,2495 2536,2555 2721,2555 2721,2495"/>
                    <TextEquiv>
                        <Unicode>derselben</Unicode>
                    </TextEquiv>
                </Word>
                <Word id="r2l30_w6" custom="readingOrder {index:5;}">
                    <Coords points="2735,2473 2735,2533 2978,2533 2978,2473"/>
                    <TextEquiv>
                        <Unicode>ernambset</Unicode>
                    </TextEquiv>
                </Word>
                <Word id="r2l30_w7" custom="readingOrder {index:6;}">
                    <Coords points="3006,2450 3006,2510 3149,2510 3149,2450"/>
                    <TextEquiv>
                        <Unicode>haben</Unicode>
                    </TextEquiv>
                </Word>
                <TextEquiv>
                    <Unicode>daß Sie zum drhebet derselben ernambset haben</Unicode>
                </TextEquiv>
            </TextLine>
            <TextEquiv>
                <Unicode></Unicode>
            </TextEquiv>
        </TextRegion>
    </Page>
</PcGts>
