4032 3024
434 330 574 390 176f.

725 399 922 459 Paobshry
956 373 1071 433 Einen
1105 350 1303 410 Ehemann
1337 341 1436 401 von
1470 348 1652 408 Eebebeh
1684 378 1769 438 ee¬

720 493 768 553 Sie
781 486 817 546 an
855 476 916 536 der
928 459 1087 519 Auffartht
1112 437 1309 497 vergangen
1333 426 1432 486 Jahrs
1456 429 1664 489 beschloffen

728 568 839 628 habe,
863 556 974 616 fahlt
1000 544 1061 604 nun
1099 531 1172 591 Sie
1185 525 1222 585 in
1246 518 1321 578 der
1345 512 1629 572 Geißtauff
1641 526 1691 586 Ihm

753 644 839 704 ae
898 625 1015 685 eit
1043 612 1101 672 n
1160 603 1215 663 er
1274 597 1305 657 e
1333 595 1740 655 beitentin

751 717 896 777 wollte,
918 702 1017 762 wle
1039 691 1106 751 Mein
1117 683 1206 743 gnädigen
1217 674 1307 734 Herren
1329 669 1406 729 Ihne
1428 665 1683 725 auffgetragen

749 798 847 858 haben
889 781 1001 841 beyde
1028 771 1071 831 im
1112 756 1393 816 Jurgation,
1421 749 1518 809 Eydt
1532 749 1602 809 undt
1631 752 1686 812 der

735 876 954 936 wichtigkeit
975 857 1162 917 denßelben
1185 842 1271 902 wohl
1305 833 1393 893 undt
1425 827 1611 887 grundtlich
1644 832 1731 892 durch

718 973 787 1033 Ihr
813 964 882 1024 Hr
909 952 1059 1012 Pfarhl.
1072 933 1251 993 Geaminitz
1278 920 1386 980 undt
1401 913 1618 973 nachkertt
1647 916 1768 976 beyden

742 1051 834 1111 auff
847 1043 924 1103 fün
951 1033 1043 1093 ihnen
1056 1020 1250 1080 ansezende
1277 1009 1329 1069 tag
1382 1002 1472 1062 mit
1486 1000 1642 1060 nötigen
1668 1002 1772 1062 bricht

754 1143 790 1203 so
804 1135 890 1195 lehl
914 1126 988 1186 Iher
1012 1112 1273 1172 empfangenn
1297 1097 1433 1157 füdet,
1445 1085 1668 1145 Inttentig
1693 1076 1742 1136 alß

751 1219 893 1279 habende
928 1201 1094 1261 lümbden
1118 1193 1166 1253 vo
1177 1188 1249 1248 Mine
1260 1183 1355 1243 gnädigen
1367 1178 1461 1238 Herrn
1486 1171 1627 1231 halten
1640 1161 1795 1221 zulaßen

750 1385 966 1445 Lausanne
993 1380 1128 1440 Pnecf.
1155 1370 1317 1430 Weilen
1359 1357 1562 1417 ohngecht
1575 1348 1777 1408 altwanges

778 1465 915 1525 wendten
943 1456 1219 1516 Vermahnungen
1237 1443 1347 1503 undt
1376 1435 1532 1495 sensuda
1578 1430 1624 1490 der
1642 1430 1716 1490 Jean

471 1518 548 1578 Bor
581 1507 646 1567 Jean

776 1544 940 1604 Boundt
959 1533 1143 1593 Phemette
1171 1522 1345 1582 Givardet
1413 1510 1490 1570 von
1528 1500 1730 1560 Romanel

457 1591 599 1651 Girardet
617 1588 759 1648 Berneth

770 1612 852 1672 mehr
874 1609 936 1669 alß
989 1603 1186 1663 Zehmaten
1239 1595 1270 1655 in
1301 1591 1405 1651 Ihren
1499 1575 1739 1635 Ehebraherihen

776 1696 960 1756 läbliesen
995 1690 1225 1750 fortfahren
1272 1682 1386 1742 wolind
1421 1676 1466 1736 ein
1478 1669 1571 1729 gnädigen
1582 1663 1662 1723 Herre
1674 1655 1720 1715 den

775 1783 831 1843 H.
841 1780 956 1840 Praes.
974 1778 1060 1838 über
1097 1774 1173 1834 sein
1212 1768 1344 1828 schieben
1392 1758 1496 1818 undt
1534 1741 1772 1801 beygelogenen

779 1855 992 1915 Memonal:
1023 1852 1104 1912 Van
1135 1851 1186 1911 der
1206 1849 1267 1909 do
1308 1840 1512 1900 Ehebarb.
1532 1827 1624 1887 Gon
1644 1809 1796 1869 Romancs

770 1936 997 1996 freündtlich
1022 1933 1165 1993 ersucht
1190 1929 1333 1989 haben,
1358 1921 1465 1981 beyde
1489 1913 1561 1973 über
1585 1907 1608 1967 14
1645 1900 1680 1960 tag
1706 1891 1764 1951 Ror

762 2020 949 2080 MeHe
979 2020 1095 2080 en
1125 2018 1153 2078 u
1181 2015 1343 2075 aese.

744 2201 1019 2261 Bürglen.
1053 2198 1134 2258 Auß
1182 2195 1281 2255 Ihrem
1313 2190 1460 2250 scheiben
1510 2173 1655 2233 habend
1689 2146 1785 2206 Mehs

781 2281 943 2341 gestehen,
957 2279 1106 2339 welches
1119 2278 1322 2338 gestalten
1348 2268 1513 2328 Mara
1553 2246 1662 2306 Lösfel
1688 2220 1755 2280 von

476 2325 583 2385 Löffel
612 2326 728 2386 Maria

815 2362 1130 2422 Schwandemauth
1147 2362 1195 2422 in
1228 2362 1311 2422 Ihre
1346 2356 1495 2416 geißt
1527 2341 1562 2401 in
1578 2322 1710 2382 beshen

467 2402 625 2462 Schnieder
638 2405 783 2465 Abrahan

804 2437 899 2497 Kryes
924 2444 1283 2504 ohnkfartheyischer
1308 2444 1535 2504 Männern
1572 2425 1643 2485 auff
1667 2408 1728 2468 dem

793 2513 905 2573 Erst
936 2521 1160 2581 beklagter
1176 2533 1448 2593 Aberhamb
1480 2519 1656 2579 Schnede
1688 2490 1721 2550 Er

3037 218 3105 278 27
3132 228 3201 288 f.

2029 322 2215 382 Ehemann
2265 306 2333 366 von
2367 301 2589 361 deselbsten
2622 304 2707 364 zum
2740 309 2875 369 Votteo
2893 314 2976 374 ihr
3011 318 3182 378 zur¬

2049 412 2135 472 solt
2147 392 2331 452 gebehrnen
2357 383 2516 443 Kincks
2540 390 2725 450 verharet
2737 397 2836 457 syy,
2848 403 2972 463 fahls
2997 406 3045 466 Er
3057 404 3156 464 nun

2031 513 2086 573 die
2115 494 2198 554 that
2226 477 2421 537 laugnen,
2434 473 2534 533 undt
2561 475 2602 535 Er
2617 478 2672 538 das
2701 484 2799 544 Kind
2840 489 2937 549 nicht
2951 492 3035 552 füd
3064 488 3218 548 das¬

2028 582 2167 642 seinige
2196 560 2348 620 anena
2404 554 2557 614 wollte
2570 558 2752 618 eolein
2766 563 2879 623 gnädigen
2892 567 3003 627 Herren
3017 566 3101 626 ihren

2027 665 2288 725 aufgetragen
2328 642 2495 702 haben,
2508 638 2549 698 zu
2578 638 2880 698 veranstalten,
2907 638 2976 698 daß
3017 636 3114 696 beyde

2026 762 2072 822 im
2107 742 2355 802 Parzations-
2368 729 2461 789 Eydt
2486 724 2568 784 wohl
2604 721 2697 781 undt
2721 719 2910 779 grundtlich
2933 719 3181 779 underchtet

2033 833 2132 893 undt
2153 820 2372 880 nachwertt
2427 811 2536 871 beyde
2568 808 2842 868 mitnötigen
2919 805 3062 865 beicht
3094 802 3150 862 so¬

2028 927 2132 987 wehl
2157 915 2248 975 Ihro
2261 901 2559 961 Empfangenen
2610 896 2726 956 Eydes
2753 894 3012 954 Insteution
3050 888 3181 948 alß¬

2034 1014 2225 1074 habenden
2254 992 2488 1052 Lümbdens
2519 981 2622 1041 auff
2651 977 2768 1037 Einen
2813 974 3062 1034 ansetzenden
3076 972 3179 1032 sage

2031 1102 2178 1162 allhero
2206 1077 2383 1137 gehalten
2413 1063 2516 1123 werde
2530 1057 2708 1117 sollind.

1998 1314 2139 1374 Gegs
2279 1287 2343 1347 n
2358 1278 2453 1338 ndigen
2468 1270 2578 1330 Herrn
2611 1263 2720 1323 bendt
2736 1257 2799 1317 der
2830 1250 2986 1310 baerbare
3004 1239 3175 1299 hubahrt

2081 1384 2393 1444 vetschinnen,
2407 1369 2524 1429 welche
2549 1356 2785 1416 nochmahlen
2824 1344 2888 1404 auf
2928 1338 2980 1398 dem
3019 1327 3227 1387 Hauß¬

1849 1449 1938 1509 Wahr
1951 1437 2053 1497 bckren

2038 1495 2169 1555 Rupp
2203 1482 2278 1542 alß
2334 1470 2498 1530 Vatter
2542 1461 2640 1521 Ihre
2674 1454 2816 1514 Kindts
2849 1441 3047 1501 verherret
3079 1425 3156 1485 Ihra

1843 1522 2036 1582 verhaß.

2051 1575 2231 1635 daßelbe
2252 1568 2283 1628 so
2315 1563 2422 1623 lang
2443 1551 2738 1611 überlaßen,
2770 1539 2844 1599 biß
2886 1531 2918 1591 Er
2939 1527 2981 1587 im
3014 1517 3140 1577 landt

2048 1660 2156 1720 undt
2199 1649 2349 1709 deßen
2403 1637 2651 1697 bekandtlich
2695 1624 2791 1684 Vor
2825 1617 2878 1677 dem
2933 1603 3094 1663 Richter
3115 1590 3179 1650 sein

2049 1744 2185 1804 ferde,
2210 1735 2273 1795 da
2311 1725 2523 1785 Indeßen
2586 1715 2659 1775 Sie
2685 1709 2759 1769 zur
2785 1697 3084 1757 abbüßung

2055 1832 2244 1892 gehalten
2262 1811 2434 1871 worden.

2062 2022 2400 2082 Whalheumb.
2449 2003 2669 2063 Elßbeth
2686 1989 2854 2049 lickelchß
2906 1973 3006 2033 undt
3023 1957 3192 2017 Gabeil

2090 2113 2241 2173 Werh.
2275 2106 2341 2166 Ihr
2374 2094 2594 2154 angehöäge
2627 2077 2762 2137 seyind
2795 2065 2861 2125 mit
2895 2055 3029 2115 Einen
3046 2042 3233 2102 behäit¬

1880 2138 1976 2198 soelbeß
2013 2143 2075 2203 Elß.

2054 2209 2241 2269 rscheiben
2280 2196 2362 2256 vton
2388 2187 2467 2247 Ihne
2509 2180 2535 2240 or
2549 2175 2628 2235 Min
2641 2167 2749 2227 gnädigen
2762 2159 2870 2219 Herren
2883 2148 3083 2208 rschinmen
3111 2136 3230 2196 undt

1890 2201 1980 2261 Obeth.

2089 2295 2248 2355 habindt
2271 2286 2373 2346 auff
2408 2271 2716 2331 vielfaltiges
2738 2251 2931 2311 hußfrehr
3001 2228 3217 2288 angelobt

1885 2275 1921 2335 d.
1941 2286 2049 2346 Gabiel

2034 2389 2359 2449 künsttighin
2397 2374 2485 2434 mit
2522 2360 2761 2420 Einandern,
2785 2348 2848 2408 wie
2885 2335 3099 2395 Christenh.
3124 2320 3263 2380 Ehe¬

2093 2481 2268 2541 leuthen
2295 2471 2403 2531 wohl
2429 2462 2631 2522 anstehet,
2659 2452 2874 2512 zuleben,
2927 2435 3088 2495 deßen
3130 2420 3197 2480 Sie
