<?xml version="1.0" encoding="UTF-8" standalone="yes"?>
<PcGts xmlns="http://schema.primaresearch.org/PAGE/gts/pagecontent/2013-07-15" xmlns:xsi="http://www.w3.org/2001/XMLSchema-instance" xsi:schemaLocation="http://schema.primaresearch.org/PAGE/gts/pagecontent/2013-07-15 http://schema.primaresearch.org/PAGE/gts/pagecontent/2013-07-15/pagecontent.xsd">
    <Metadata>
        <Creator>prov=READ-COOP:name=PyLaia@TranskribusPlatform:version=0.6.0:model_id=38215:lm=none:date=22_11_2021_11:08
prov=READ-COOP:name=PyLaia@Transkribus:version=0.6.0:model_id=38215:date=22_11_2021_11:05
prov=University of Rostock/Institute of Mathematics/CITlab|PLANET AI GmbH/Tobias Gruening/tobias.gruening@planet-ai.de:name=de.uros.citlab.module.baseline2polygon.B2PSeamMultiOriented:v=2.6.7</Creator>
        <Created>2021-08-09T15:16:23.148+02:00</Created>
        <LastChange>2021-11-22T11:08:03.706+01:00</LastChange>
        <TranskribusMetadata docId="746917" pageId="28279472" pageNr="141" tsid="68400913" status="IN_PROGRESS" userId="537" imgUrl="https://files.transkribus.eu/Get?id=XHNQVQPUIOROSCUJPCFYNVZY&amp;fileType=view" xmlUrl="https://files.transkribus.eu/Get?id=JCBLVHJZZTNGAWZVEUOTFUQS" imageId="22024969"/>
    </Metadata>
    <Page imageFilename="141.jpg" imageWidth="4032" imageHeight="3024">
        <ReadingOrder>
            <OrderedGroup id="ro_1687514954885" caption="Regions reading order">
                <RegionRefIndexed index="0" regionRef="r1"/>
                <RegionRefIndexed index="1" regionRef="r2"/>
                <RegionRefIndexed index="2" regionRef="r3"/>
                <RegionRefIndexed index="3" regionRef="r4"/>
            </OrderedGroup>
        </ReadingOrder>
        <TextRegion orientation="0.0" id="r1" custom="readingOrder {index:0;}">
            <Coords points="453,334 453,2052 770,2052 770,334"/>
            <TextLine id="r1l1" custom="readingOrder {index:0;}">
                <Coords points="491,420 505,411 519,411 523,403 539,407 550,394 571,393 552,321 544,323 531,315 518,322 501,314 490,324 479,322 466,328"/>
                <Baseline points="488,377 521,366 554,359"/>
                <Word id="r1l1_w1" custom="readingOrder {index:0;}">
                    <Coords points="483,331 483,391 524,391 524,331"/>
                    <TextEquiv>
                        <Unicode>18</Unicode>
                    </TextEquiv>
                </Word>
                <TextEquiv>
                    <Unicode>18</Unicode>
                </TextEquiv>
            </TextLine>
            <TextLine id="r1l2" custom="readingOrder {index:1;}">
                <Coords points="505,953 549,925 556,929 567,922 601,938 614,931 601,856 583,856 570,864 543,862 539,868 523,861 513,865 502,857 489,862"/>
                <Baseline points="507,924 539,921 571,914 603,909"/>
                <Word id="r1l2_w1" custom="readingOrder {index:0;}">
                    <Coords points="516,877 516,937 595,937 595,877"/>
                    <TextEquiv>
                        <Unicode>Wis</Unicode>
                    </TextEquiv>
                </Word>
                <TextEquiv>
                    <Unicode>Wis</Unicode>
                </TextEquiv>
            </TextLine>
            <TextLine id="r1l3" custom="readingOrder {index:2;}">
                <Coords points="452,989 560,986 589,1007 625,971 662,962 684,972 728,956 723,901 654,884 594,939 579,928 565,937 519,909 495,928 447,929"/>
                <Baseline points="458,975 484,975 510,972 536,971 562,969 589,965 615,963 641,961 667,959 693,957 720,954"/>
                <Word id="r1l3_w1" custom="readingOrder {index:0;}">
                    <Coords points="455,931 455,991 586,991 586,931"/>
                    <TextEquiv>
                        <Unicode>Schwk</Unicode>
                    </TextEquiv>
                </Word>
                <Word id="r1l3_w2" custom="readingOrder {index:1;}">
                    <Coords points="624,917 624,977 738,977 738,917"/>
                    <TextEquiv>
                        <Unicode>Johann</Unicode>
                    </TextEquiv>
                </Word>
                <TextEquiv>
                    <Unicode>Schwk Johann</Unicode>
                </TextEquiv>
            </TextLine>
            <TextLine id="r1l4" custom="readingOrder {index:3;}">
                <Coords points="449,1051 498,1064 534,1094 632,1087 658,1063 731,1055 722,959 684,972 664,963 647,978 628,972 590,1009 568,1010 522,984 444,997"/>
                <Baseline points="455,1037 481,1037 508,1037 534,1035 561,1033 587,1030 614,1027 640,1023 667,1021 693,1018 720,1014"/>
                <Word id="r1l4_w1" custom="readingOrder {index:0;}">
                    <Coords points="457,996 457,1056 580,1056 580,996"/>
                    <TextEquiv>
                        <Unicode>Ainge</Unicode>
                    </TextEquiv>
                </Word>
                <Word id="r1l4_w2" custom="readingOrder {index:1;}">
                    <Coords points="605,981 605,1041 727,1041 727,981"/>
                    <TextEquiv>
                        <Unicode>Estbeth</Unicode>
                    </TextEquiv>
                </Word>
                <TextEquiv>
                    <Unicode>Ainge Estbeth</Unicode>
                </TextEquiv>
            </TextLine>
            <TextLine id="r1l5" custom="readingOrder {index:4;}">
                <Coords points="464,1384 489,1369 518,1374 529,1365 563,1376 593,1361 605,1370 614,1360 626,1367 653,1357 717,1363 710,1285 669,1280 640,1292 600,1277 559,1292 537,1287 484,1330 459,1329"/>
                <Baseline points="471,1368 497,1366 523,1364 550,1362 576,1359 602,1357 629,1354 655,1352 681,1350 708,1347"/>
                <Word id="r1l5_w1" custom="readingOrder {index:0;}">
                    <Coords points="465,1324 465,1384 561,1384 561,1324"/>
                    <TextEquiv>
                        <Unicode>Bloch</Unicode>
                    </TextEquiv>
                </Word>
                <Word id="r1l5_w2" custom="readingOrder {index:1;}">
                    <Coords points="587,1312 587,1372 717,1372 717,1312"/>
                    <TextEquiv>
                        <Unicode>Salome</Unicode>
                    </TextEquiv>
                </Word>
                <TextEquiv>
                    <Unicode>Bloch Salome</Unicode>
                </TextEquiv>
            </TextLine>
            <TextLine id="r1l6" custom="readingOrder {index:5;}">
                <Coords points="464,1498 485,1498 505,1474 620,1496 676,1442 706,1453 736,1444 733,1404 666,1373 646,1387 606,1372 549,1381 534,1369 507,1379 489,1368 455,1389"/>
                <Baseline points="467,1451 493,1447 519,1443 545,1440 571,1438 597,1435 623,1433 649,1431 675,1430 701,1430 728,1430"/>
                <Word id="r1l6_w1" custom="readingOrder {index:0;}">
                    <Coords points="468,1400 468,1460 606,1460 606,1400"/>
                    <TextEquiv>
                        <Unicode>Istler</Unicode>
                    </TextEquiv>
                </Word>
                <Word id="r1l6_w2" custom="readingOrder {index:1;}">
                    <Coords points="632,1390 632,1450 732,1450 732,1390"/>
                    <TextEquiv>
                        <Unicode>Haus</Unicode>
                    </TextEquiv>
                </Word>
                <TextEquiv>
                    <Unicode>Istler Haus</Unicode>
                </TextEquiv>
            </TextLine>
            <TextLine id="r1l7" custom="readingOrder {index:6;}">
                <Coords points="457,1981 535,1952 570,1985 628,1950 695,1948 727,1970 778,1946 777,1888 697,1883 666,1864 631,1883 522,1870 456,1916"/>
                <Baseline points="464,1958 489,1955 515,1953 540,1951 566,1949 591,1949 617,1949 642,1949 668,1949 693,1950 719,1950 744,1949 770,1949"/>
                <Word id="r1l7_w1" custom="readingOrder {index:0;}">
                    <Coords points="466,1909 466,1969 680,1969 680,1909"/>
                    <TextEquiv>
                        <Unicode>Bankhauser</Unicode>
                    </TextEquiv>
                </Word>
                <Word id="r1l7_w2" custom="readingOrder {index:1;}">
                    <Coords points="691,1909 691,1969 788,1969 788,1909"/>
                    <TextEquiv>
                        <Unicode>Ehisen</Unicode>
                    </TextEquiv>
                </Word>
                <TextEquiv>
                    <Unicode>Bankhauser Ehisen</Unicode>
                </TextEquiv>
            </TextLine>
            <TextLine id="r1l8" custom="readingOrder {index:7;}">
                <Coords points="447,2075 507,2100 565,2050 601,2073 769,2067 767,1982 695,1948 638,1991 609,1974 576,1990 512,1960 445,2012"/>
                <Baseline points="453,2040 478,2037 504,2034 530,2033 555,2032 581,2031 607,2033 632,2033 658,2033 684,2031 709,2031 735,2028 761,2024"/>
                <Word id="r1l8_w1" custom="readingOrder {index:0;}">
                    <Coords points="458,1992 458,2052 642,2052 642,1992"/>
                    <TextEquiv>
                        <Unicode>Ereigenbuchl</Unicode>
                    </TextEquiv>
                </Word>
                <Word id="r1l8_w2" custom="readingOrder {index:1;}">
                    <Coords points="667,1990 667,2050 765,2050 765,1990"/>
                    <TextEquiv>
                        <Unicode>Sran</Unicode>
                    </TextEquiv>
                </Word>
                <TextEquiv>
                    <Unicode>Ereigenbuchl Sran</Unicode>
                </TextEquiv>
            </TextLine>
            <TextEquiv>
                <Unicode></Unicode>
            </TextEquiv>
        </TextRegion>
        <TextRegion orientation="0.0" id="r2" custom="readingOrder {index:1;}">
            <Coords points="728,329 728,2560 1805,2560 1805,329"/>
            <TextLine id="r2l1" custom="readingOrder {index:0;}">
                <Coords points="725,453 1263,363 1372,414 1503,380 1727,419 1724,353 1553,347 1414,289 1289,318 1143,282 1055,331 801,328 722,378"/>
                <Baseline points="731,437 780,431 829,423 879,416 928,409 978,402 1027,395 1076,389 1126,382 1175,378 1225,374 1274,371 1323,369 1373,368 1422,369 1472,372 1521,377 1570,384 1620,392 1669,404 1719,417"/>
                <Word id="r2l1_w1" custom="readingOrder {index:0;}">
                    <Coords points="726,387 726,447 872,447 872,387"/>
                    <TextEquiv>
                        <Unicode>hemit</Unicode>
                    </TextEquiv>
                </Word>
                <Word id="r2l1_w2" custom="readingOrder {index:1;}">
                    <Coords points="901,359 901,419 1091,419 1091,359"/>
                    <TextEquiv>
                        <Unicode>berichtet</Unicode>
                    </TextEquiv>
                </Word>
                <Word id="r2l1_w3" custom="readingOrder {index:2;}">
                    <Coords points="1121,336 1121,396 1268,396 1268,336"/>
                    <TextEquiv>
                        <Unicode>werdinkt</Unicode>
                    </TextEquiv>
                </Word>
                <Word id="r2l1_w4" custom="readingOrder {index:3;}">
                    <Coords points="1296,328 1296,388 1384,388 1384,328"/>
                    <TextEquiv>
                        <Unicode>mit</Unicode>
                    </TextEquiv>
                </Word>
                <Word id="r2l1_w5" custom="readingOrder {index:4;}">
                    <Coords points="1398,332 1398,392 1559,392 1559,332"/>
                    <TextEquiv>
                        <Unicode>gesinnen</Unicode>
                    </TextEquiv>
                </Word>
                <Word id="r2l1_w6" custom="readingOrder {index:5;}">
                    <Coords points="1574,351 1574,411 1663,411 1663,351"/>
                    <TextEquiv>
                        <Unicode>auf</Unicode>
                    </TextEquiv>
                </Word>
                <Word id="r2l1_w7" custom="readingOrder {index:6;}">
                    <Coords points="1677,373 1677,433 1737,433 1737,373"/>
                    <TextEquiv>
                        <Unicode>be¬</Unicode>
                    </TextEquiv>
                </Word>
                <TextEquiv>
                    <Unicode>hemit berichtet werdinkt mit gesinnen auf be¬</Unicode>
                </TextEquiv>
            </TextLine>
            <TextLine id="r2l2" custom="readingOrder {index:1;}">
                <Coords points="744,542 864,543 998,477 1263,462 1314,501 1392,449 1459,474 1539,445 1725,504 1744,449 1502,381 1343,420 1264,363 1214,401 1130,387 1041,456 826,417 741,473"/>
                <Baseline points="749,504 798,501 847,497 897,492 946,487 996,481 1045,475 1094,469 1144,464 1193,459 1243,456 1292,453 1341,450 1391,449 1440,450 1490,451 1539,455 1588,460 1638,468 1687,477 1737,489"/>
                <Word id="r2l2_w1" custom="readingOrder {index:0;}">
                    <Coords points="744,454 744,514 992,514 992,454"/>
                    <TextEquiv>
                        <Unicode>ichtesclaßen</Unicode>
                    </TextEquiv>
                </Word>
                <Word id="r2l2_w2" custom="readingOrder {index:1;}">
                    <Coords points="1021,432 1021,492 1118,492 1118,432"/>
                    <TextEquiv>
                        <Unicode>undt</Unicode>
                    </TextEquiv>
                </Word>
                <Word id="r2l2_w3" custom="readingOrder {index:2;}">
                    <Coords points="1145,421 1145,481 1186,481 1186,421"/>
                    <TextEquiv>
                        <Unicode>zu</Unicode>
                    </TextEquiv>
                </Word>
                <Word id="r2l2_w4" custom="readingOrder {index:3;}">
                    <Coords points="1215,409 1215,469 1575,469 1575,409"/>
                    <TextEquiv>
                        <Unicode>veraaßalten,</Unicode>
                    </TextEquiv>
                </Word>
                <Word id="r2l2_w5" custom="readingOrder {index:4;}">
                    <Coords points="1589,431 1589,491 1727,491 1727,431"/>
                    <TextEquiv>
                        <Unicode>daße</Unicode>
                    </TextEquiv>
                </Word>
                <TextEquiv>
                    <Unicode>ichtesclaßen undt zu veraaßalten, daße</Unicode>
                </TextEquiv>
            </TextLine>
            <TextLine id="r2l3" custom="readingOrder {index:2;}">
                <Coords points="727,603 850,620 1063,558 1133,596 1235,544 1575,581 1759,557 1757,519 1532,446 1351,462 1314,501 1128,461 1013,522 917,503 724,550"/>
                <Baseline points="734,593 784,588 835,583 886,578 937,572 988,567 1039,561 1089,555 1140,549 1191,543 1242,540 1293,536 1344,532 1395,530 1445,529 1496,530 1547,531 1598,534 1649,539 1700,545 1751,554"/>
                <Word id="r2l3_w1" custom="readingOrder {index:0;}">
                    <Coords points="726,544 726,604 921,604 921,544"/>
                    <TextEquiv>
                        <Unicode>heitlichen</Unicode>
                    </TextEquiv>
                </Word>
                <Word id="r2l3_w2" custom="readingOrder {index:1;}">
                    <Coords points="960,520 960,580 1129,580 1129,520"/>
                    <TextEquiv>
                        <Unicode>mittlen</Unicode>
                    </TextEquiv>
                </Word>
                <Word id="r2l3_w3" custom="readingOrder {index:2;}">
                    <Coords points="1142,502 1142,562 1247,562 1247,502"/>
                    <TextEquiv>
                        <Unicode>halb</Unicode>
                    </TextEquiv>
                </Word>
                <Word id="r2l3_w4" custom="readingOrder {index:3;}">
                    <Coords points="1285,493 1285,553 1364,553 1364,493"/>
                    <TextEquiv>
                        <Unicode>die</Unicode>
                    </TextEquiv>
                </Word>
                <Word id="r2l3_w5" custom="readingOrder {index:4;}">
                    <Coords points="1390,489 1390,549 1598,549 1598,489"/>
                    <TextEquiv>
                        <Unicode>gebührent</Unicode>
                    </TextEquiv>
                </Word>
                <Word id="r2l3_w6" custom="readingOrder {index:5;}">
                    <Coords points="1625,504 1625,564 1769,564 1769,504"/>
                    <TextEquiv>
                        <Unicode>wonederen</Unicode>
                    </TextEquiv>
                </Word>
                <TextEquiv>
                    <Unicode>heitlichen mittlen halb die gebührent wonederen</Unicode>
                </TextEquiv>
            </TextLine>
            <TextLine id="r2l4" custom="readingOrder {index:3;}">
                <Coords points="741,737 803,698 853,722 945,658 1007,659 1038,641 1071,660 1115,648 1109,585 1057,570 1039,584 957,577 926,596 892,581 850,620 815,592 778,592 748,629 728,628"/>
                <Baseline points="740,668 766,667 792,666 818,663 844,662 870,659 896,655 923,652 949,647 975,644 1001,641 1027,637 1053,634 1079,632 1106,630"/>
                <Word id="r2l4_w1" custom="readingOrder {index:0;}">
                    <Coords points="732,622 732,682 952,682 952,622"/>
                    <TextEquiv>
                        <Unicode>vrgebehrt</Unicode>
                    </TextEquiv>
                </Word>
                <Word id="r2l4_w2" custom="readingOrder {index:1;}">
                    <Coords points="969,594 969,654 1126,654 1126,594"/>
                    <TextEquiv>
                        <Unicode>werde.</Unicode>
                    </TextEquiv>
                </Word>
                <TextEquiv>
                    <Unicode>vrgebehrt werde.</Unicode>
                </TextEquiv>
            </TextLine>
            <TextLine id="r2l5" custom="readingOrder {index:4;}">
                <Coords points="722,868 802,883 886,815 1190,824 1450,767 1725,814 1787,798 1784,740 1624,677 1358,737 1213,674 889,758 823,711 716,765"/>
                <Baseline points="728,840 780,834 833,826 885,820 938,814 990,807 1043,801 1095,795 1148,789 1200,785 1253,781 1306,779 1358,776 1411,774 1463,773 1516,773 1568,774 1621,777 1673,780 1726,786 1779,792"/>
                <Word id="r2l5_w1" custom="readingOrder {index:0;}">
                    <Coords points="748,790 748,850 863,850 863,790"/>
                    <TextEquiv>
                        <Unicode>Zurch</Unicode>
                    </TextEquiv>
                </Word>
                <Word id="r2l5_w2" custom="readingOrder {index:1;}">
                    <Coords points="878,778 878,838 920,838 920,778"/>
                    <TextEquiv>
                        <Unicode>fin</Unicode>
                    </TextEquiv>
                </Word>
                <Word id="r2l5_w3" custom="readingOrder {index:2;}">
                    <Coords points="949,769 949,829 991,829 991,769"/>
                    <TextEquiv>
                        <Unicode>S.</Unicode>
                    </TextEquiv>
                </Word>
                <Word id="r2l5_w4" custom="readingOrder {index:3;}">
                    <Coords points="1005,761 1005,821 1078,821 1078,761"/>
                    <TextEquiv>
                        <Unicode>Von</Unicode>
                    </TextEquiv>
                </Word>
                <Word id="r2l5_w5" custom="readingOrder {index:4;}">
                    <Coords points="1106,749 1106,809 1179,809 1179,749"/>
                    <TextEquiv>
                        <Unicode>St.</Unicode>
                    </TextEquiv>
                </Word>
                <Word id="r2l5_w6" custom="readingOrder {index:5;}">
                    <Coords points="1193,740 1193,800 1337,800 1337,740"/>
                    <TextEquiv>
                        <Unicode>Geller</Unicode>
                    </TextEquiv>
                </Word>
                <Word id="r2l5_w7" custom="readingOrder {index:6;}">
                    <Coords points="1351,733 1351,793 1495,793 1495,733"/>
                    <TextEquiv>
                        <Unicode>wurden</Unicode>
                    </TextEquiv>
                </Word>
                <Word id="r2l5_w8" custom="readingOrder {index:7;}">
                    <Coords points="1523,735 1523,795 1667,795 1667,735"/>
                    <TextEquiv>
                        <Unicode>meHle</Unicode>
                    </TextEquiv>
                </Word>
                <Word id="r2l5_w9" custom="readingOrder {index:8;}">
                    <Coords points="1695,748 1695,808 1797,808 1797,748"/>
                    <TextEquiv>
                        <Unicode>esten</Unicode>
                    </TextEquiv>
                </Word>
                <TextEquiv>
                    <Unicode>Zurch fin S. Von St. Geller wurden meHle esten</Unicode>
                </TextEquiv>
            </TextLine>
            <TextLine id="r2l6" custom="readingOrder {index:5;}">
                <Coords points="736,915 855,937 1228,861 1490,890 1576,845 1701,882 1752,856 1749,802 1385,771 733,867"/>
                <Baseline points="743,909 793,905 843,900 893,895 943,889 993,884 1043,879 1093,873 1143,869 1193,865 1244,860 1294,855 1344,853 1394,851 1444,848 1494,848 1544,848 1594,848 1644,850 1694,852 1745,857"/>
                <Word id="r2l6_w1" custom="readingOrder {index:0;}">
                    <Coords points="746,866 746,926 803,926 803,866"/>
                    <TextEquiv>
                        <Unicode>wie</Unicode>
                    </TextEquiv>
                </Word>
                <Word id="r2l6_w2" custom="readingOrder {index:1;}">
                    <Coords points="826,858 826,918 885,918 885,858"/>
                    <TextEquiv>
                        <Unicode>daß</Unicode>
                    </TextEquiv>
                </Word>
                <Word id="r2l6_w3" custom="readingOrder {index:2;}">
                    <Coords points="920,848 920,908 967,908 967,848"/>
                    <TextEquiv>
                        <Unicode>der</Unicode>
                    </TextEquiv>
                </Word>
                <Word id="r2l6_w4" custom="readingOrder {index:3;}">
                    <Coords points="991,833 991,893 1189,893 1189,833"/>
                    <TextEquiv>
                        <Unicode>Johanneß</Unicode>
                    </TextEquiv>
                </Word>
                <Word id="r2l6_w5" custom="readingOrder {index:4;}">
                    <Coords points="1236,813 1236,873 1434,873 1434,813"/>
                    <TextEquiv>
                        <Unicode>Schorde,</Unicode>
                    </TextEquiv>
                </Word>
                <Word id="r2l6_w6" custom="readingOrder {index:5;}">
                    <Coords points="1457,808 1457,868 1574,868 1574,808"/>
                    <TextEquiv>
                        <Unicode>welcher</Unicode>
                    </TextEquiv>
                </Word>
                <Word id="r2l6_w7" custom="readingOrder {index:6;}">
                    <Coords points="1597,811 1597,871 1749,871 1749,811"/>
                    <TextEquiv>
                        <Unicode>Elßbath</Unicode>
                    </TextEquiv>
                </Word>
                <TextEquiv>
                    <Unicode>wie daß der Johanneß Schorde, welcher Elßbath</Unicode>
                </TextEquiv>
            </TextLine>
            <TextLine id="r2l7" custom="readingOrder {index:6;}">
                <Coords points="755,1009 833,1031 883,978 1169,956 1224,1000 1360,934 1464,970 1630,926 1747,972 1775,901 1610,855 1449,913 1346,917 1279,871 751,931"/>
                <Baseline points="761,981 811,977 861,974 912,969 962,965 1013,960 1063,956 1113,953 1164,949 1214,945 1265,942 1315,939 1365,936 1416,934 1466,933 1517,932 1567,932 1617,932 1668,932 1718,933 1769,936"/>
                <Word id="r2l7_w1" custom="readingOrder {index:0;}">
                    <Coords points="762,935 762,995 915,995 915,935"/>
                    <TextEquiv>
                        <Unicode>Wenger</Unicode>
                    </TextEquiv>
                </Word>
                <Word id="r2l7_w2" custom="readingOrder {index:1;}">
                    <Coords points="936,925 936,985 980,985 980,925"/>
                    <TextEquiv>
                        <Unicode>der</Unicode>
                    </TextEquiv>
                </Word>
                <Word id="r2l7_w3" custom="readingOrder {index:2;}">
                    <Coords points="1001,917 1001,977 1089,977 1089,917"/>
                    <TextEquiv>
                        <Unicode>Ehe-</Unicode>
                    </TextEquiv>
                </Word>
                <Word id="r2l7_w4" custom="readingOrder {index:3;}">
                    <Coords points="1100,910 1100,970 1198,970 1198,910"/>
                    <TextEquiv>
                        <Unicode>undt</Unicode>
                    </TextEquiv>
                </Word>
                <Word id="r2l7_w5" custom="readingOrder {index:4;}">
                    <Coords points="1220,896 1220,956 1481,956 1481,896"/>
                    <TextEquiv>
                        <Unicode>schwangerung</Unicode>
                    </TextEquiv>
                </Word>
                <Word id="r2l7_w6" custom="readingOrder {index:5;}">
                    <Coords points="1515,892 1515,952 1590,952 1590,892"/>
                    <TextEquiv>
                        <Unicode>halb</Unicode>
                    </TextEquiv>
                </Word>
                <Word id="r2l7_w7" custom="readingOrder {index:6;}">
                    <Coords points="1612,892 1612,952 1754,952 1754,892"/>
                    <TextEquiv>
                        <Unicode>beklaget</Unicode>
                    </TextEquiv>
                </Word>
                <TextEquiv>
                    <Unicode>Wenger der Ehe- undt schwangerung halb beklaget</Unicode>
                </TextEquiv>
            </TextLine>
            <TextLine id="r2l8" custom="readingOrder {index:7;}">
                <Coords points="750,1103 1144,1034 1261,1085 1546,1087 1737,1012 1735,968 1518,942 1429,989 1272,966 1222,1000 1169,956 1004,1014 892,987 840,1041 745,1009"/>
                <Baseline points="756,1068 804,1063 853,1057 902,1053 950,1049 999,1045 1048,1042 1096,1038 1145,1035 1194,1033 1243,1031 1291,1028 1340,1026 1389,1025 1437,1023 1486,1022 1535,1020 1583,1017 1632,1016 1681,1014 1730,1013"/>
                <Word id="r2l8_w1" custom="readingOrder {index:0;}">
                    <Coords points="747,1026 747,1086 795,1086 795,1026"/>
                    <TextEquiv>
                        <Unicode>sich</Unicode>
                    </TextEquiv>
                </Word>
                <Word id="r2l8_w2" custom="readingOrder {index:1;}">
                    <Coords points="807,1018 807,1078 870,1078 870,1018"/>
                    <TextEquiv>
                        <Unicode>nit</Unicode>
                    </TextEquiv>
                </Word>
                <Word id="r2l8_w3" custom="readingOrder {index:2;}">
                    <Coords points="882,1010 882,1070 980,1070 980,1010"/>
                    <TextEquiv>
                        <Unicode>mehr</Unicode>
                    </TextEquiv>
                </Word>
                <Word id="r2l8_w4" custom="readingOrder {index:3;}">
                    <Coords points="992,998 992,1058 1178,1058 1178,998"/>
                    <TextEquiv>
                        <Unicode>alldorten</Unicode>
                    </TextEquiv>
                </Word>
                <Word id="r2l8_w5" custom="readingOrder {index:4;}">
                    <Coords points="1228,986 1228,1046 1413,1046 1413,986"/>
                    <TextEquiv>
                        <Unicode>befinde.</Unicode>
                    </TextEquiv>
                </Word>
                <Word id="r2l8_w6" custom="readingOrder {index:5;}">
                    <Coords points="1437,981 1437,1041 1536,1041 1536,981"/>
                    <TextEquiv>
                        <Unicode>Cogl.</Unicode>
                    </TextEquiv>
                </Word>
                <Word id="r2l8_w7" custom="readingOrder {index:6;}">
                    <Coords points="1548,976 1548,1036 1709,1036 1709,976"/>
                    <TextEquiv>
                        <Unicode>Wwerthen</Unicode>
                    </TextEquiv>
                </Word>
                <TextEquiv>
                    <Unicode>sich nit mehr alldorten befinde. Cogl. Wwerthen</Unicode>
                </TextEquiv>
            </TextLine>
            <TextLine id="r2l9" custom="readingOrder {index:8;}">
                <Coords points="758,1208 834,1144 882,1146 941,1182 1063,1163 1091,1139 1215,1156 1216,1045 1167,1040 1070,1098 1026,1062 970,1074 936,1051 836,1092 803,1075 749,1105"/>
                <Baseline points="761,1148 786,1143 811,1139 836,1136 861,1132 886,1130 912,1127 937,1125 962,1123 987,1122 1012,1119 1037,1119 1063,1117 1088,1116 1113,1113 1138,1112 1163,1110 1188,1107 1214,1104"/>
                <Word id="r2l9_w1" custom="readingOrder {index:0;}">
                    <Coords points="753,1103 753,1163 813,1163 813,1103"/>
                    <TextEquiv>
                        <Unicode>biß</Unicode>
                    </TextEquiv>
                </Word>
                <Word id="r2l9_w2" custom="readingOrder {index:1;}">
                    <Coords points="858,1090 858,1150 903,1150 903,1090"/>
                    <TextEquiv>
                        <Unicode>kie</Unicode>
                    </TextEquiv>
                </Word>
                <Word id="r2l9_w3" custom="readingOrder {index:2;}">
                    <Coords points="918,1081 918,1141 1068,1141 1068,1081"/>
                    <TextEquiv>
                        <Unicode>erschein</Unicode>
                    </TextEquiv>
                </Word>
                <Word id="r2l9_w4" custom="readingOrder {index:3;}">
                    <Coords points="1099,1069 1099,1129 1235,1129 1235,1069"/>
                    <TextEquiv>
                        <Unicode>wird.</Unicode>
                    </TextEquiv>
                </Word>
                <TextEquiv>
                    <Unicode>biß kie erschein wird.</Unicode>
                </TextEquiv>
            </TextLine>
            <TextLine id="r2l10" custom="readingOrder {index:9;}">
                <Coords points="740,1289 1150,1254 1218,1314 1280,1253 1395,1239 1683,1274 1763,1255 1757,1147 1681,1189 1518,1151 1405,1200 1233,1184 1147,1237 1066,1182 736,1223"/>
                <Baseline points="746,1280 796,1280 846,1278 897,1277 947,1275 998,1271 1048,1268 1098,1265 1149,1261 1199,1256 1250,1251 1300,1248 1350,1245 1401,1241 1451,1238 1502,1236 1552,1235 1602,1235 1653,1235 1703,1236 1754,1239"/>
                <Word id="r2l10_w1" custom="readingOrder {index:0;}">
                    <Coords points="760,1238 760,1298 892,1298 892,1238"/>
                    <TextEquiv>
                        <Unicode>Wart</Unicode>
                    </TextEquiv>
                </Word>
                <Word id="r2l10_w2" custom="readingOrder {index:1;}">
                    <Coords points="927,1234 927,1294 975,1294 975,1234"/>
                    <TextEquiv>
                        <Unicode>der</Unicode>
                    </TextEquiv>
                </Word>
                <Word id="r2l10_w3" custom="readingOrder {index:2;}">
                    <Coords points="998,1226 998,1286 1141,1286 1141,1226"/>
                    <TextEquiv>
                        <Unicode>Salome</Unicode>
                    </TextEquiv>
                </Word>
                <Word id="r2l10_w4" custom="readingOrder {index:3;}">
                    <Coords points="1178,1213 1178,1273 1272,1273 1272,1213"/>
                    <TextEquiv>
                        <Unicode>bloch</Unicode>
                    </TextEquiv>
                </Word>
                <Word id="r2l10_w5" custom="readingOrder {index:4;}">
                    <Coords points="1307,1205 1307,1265 1390,1265 1390,1205"/>
                    <TextEquiv>
                        <Unicode>Bon</Unicode>
                    </TextEquiv>
                </Word>
                <Word id="r2l10_w6" custom="readingOrder {index:5;}">
                    <Coords points="1427,1195 1427,1255 1616,1255 1616,1195"/>
                    <TextEquiv>
                        <Unicode>Bineltz,</Unicode>
                    </TextEquiv>
                </Word>
                <Word id="r2l10_w7" custom="readingOrder {index:6;}">
                    <Coords points="1630,1195 1630,1255 1759,1255 1759,1195"/>
                    <TextEquiv>
                        <Unicode>welchen</Unicode>
                    </TextEquiv>
                </Word>
                <TextEquiv>
                    <Unicode>Wart der Salome bloch Bon Bineltz, welchen</Unicode>
                </TextEquiv>
            </TextLine>
            <TextLine id="r2l11" custom="readingOrder {index:10;}">
                <Coords points="773,1383 873,1361 952,1407 999,1359 1088,1394 1137,1361 1396,1366 1473,1318 1711,1333 1711,1266 1366,1257 1217,1315 1137,1278 849,1277 770,1320"/>
                <Baseline points="779,1364 825,1361 871,1359 918,1356 964,1354 1010,1350 1057,1347 1103,1345 1149,1343 1196,1340 1242,1337 1288,1334 1335,1331 1381,1330 1427,1328 1474,1325 1520,1323 1566,1322 1613,1320 1659,1319 1706,1317"/>
                <Word id="r2l11_w1" custom="readingOrder {index:0;}">
                    <Coords points="781,1317 781,1377 1002,1377 1002,1317"/>
                    <TextEquiv>
                        <Unicode>formbblich</Unicode>
                    </TextEquiv>
                </Word>
                <Word id="r2l11_w2" custom="readingOrder {index:1;}">
                    <Coords points="1036,1302 1036,1362 1291,1362 1291,1302"/>
                    <TextEquiv>
                        <Unicode>bescheiniget,</Unicode>
                    </TextEquiv>
                </Word>
                <Word id="r2l11_w3" custom="readingOrder {index:2;}">
                    <Coords points="1324,1290 1324,1350 1402,1350 1402,1290"/>
                    <TextEquiv>
                        <Unicode>daß</Unicode>
                    </TextEquiv>
                </Word>
                <Word id="r2l11_w4" custom="readingOrder {index:3;}">
                    <Coords points="1469,1284 1469,1344 1523,1344 1523,1284"/>
                    <TextEquiv>
                        <Unicode>die</Unicode>
                    </TextEquiv>
                </Word>
                <Word id="r2l11_w5" custom="readingOrder {index:4;}">
                    <Coords points="1557,1279 1557,1339 1689,1339 1689,1279"/>
                    <TextEquiv>
                        <Unicode>Rüeff</Unicode>
                    </TextEquiv>
                </Word>
                <TextEquiv>
                    <Unicode>formbblich bescheiniget, daß die Rüeff</Unicode>
                </TextEquiv>
            </TextLine>
            <TextLine id="r2l12" custom="readingOrder {index:11;}">
                <Coords points="778,1457 891,1455 960,1499 1128,1423 1343,1471 1562,1400 1750,1410 1747,1357 1632,1321 1445,1323 1268,1386 1017,1374 955,1412 912,1377 774,1382"/>
                <Baseline points="785,1445 832,1443 880,1441 928,1439 976,1436 1024,1434 1072,1431 1119,1429 1167,1427 1215,1424 1263,1421 1311,1419 1359,1416 1407,1413 1454,1410 1502,1407 1550,1405 1598,1402 1646,1399 1694,1397 1742,1394"/>
                <Word id="r2l12_w1" custom="readingOrder {index:0;}">
                    <Coords points="775,1403 775,1463 843,1463 843,1403"/>
                    <TextEquiv>
                        <Unicode>wider</Unicode>
                    </TextEquiv>
                </Word>
                <Word id="r2l12_w2" custom="readingOrder {index:1;}">
                    <Coords points="868,1400 868,1460 936,1460 936,1400"/>
                    <TextEquiv>
                        <Unicode>Ihren</Unicode>
                    </TextEquiv>
                </Word>
                <Word id="r2l12_w3" custom="readingOrder {index:2;}">
                    <Coords points="972,1392 972,1452 1122,1452 1122,1392"/>
                    <TextEquiv>
                        <Unicode>Ehemann</Unicode>
                    </TextEquiv>
                </Word>
                <Word id="r2l12_w4" custom="readingOrder {index:3;}">
                    <Coords points="1156,1386 1156,1446 1192,1446 1192,1386"/>
                    <TextEquiv>
                        <Unicode>zu</Unicode>
                    </TextEquiv>
                </Word>
                <Word id="r2l12_w5" custom="readingOrder {index:4;}">
                    <Coords points="1226,1380 1226,1440 1330,1440 1330,1380"/>
                    <TextEquiv>
                        <Unicode>Aschi</Unicode>
                    </TextEquiv>
                </Word>
                <Word id="r2l12_w6" custom="readingOrder {index:5;}">
                    <Coords points="1377,1371 1377,1431 1481,1431 1481,1371"/>
                    <TextEquiv>
                        <Unicode>Hanß</Unicode>
                    </TextEquiv>
                </Word>
                <Word id="r2l12_w7" custom="readingOrder {index:6;}">
                    <Coords points="1527,1363 1527,1423 1620,1423 1620,1363"/>
                    <TextEquiv>
                        <Unicode>Ister</Unicode>
                    </TextEquiv>
                </Word>
                <Word id="r2l12_w8" custom="readingOrder {index:7;}">
                    <Coords points="1642,1357 1642,1417 1712,1417 1712,1357"/>
                    <TextEquiv>
                        <Unicode>von</Unicode>
                    </TextEquiv>
                </Word>
                <TextEquiv>
                    <Unicode>wider Ihren Ehemann zu Aschi Hanß Ister von</Unicode>
                </TextEquiv>
            </TextLine>
            <TextLine id="r2l13" custom="readingOrder {index:12;}">
                <Coords points="758,1544 1219,1541 1501,1491 1609,1530 1661,1487 1763,1541 1802,1513 1797,1408 1719,1442 1559,1400 1481,1465 1415,1434 1372,1472 1192,1476 1142,1433 960,1499 828,1454 755,1487"/>
                <Baseline points="764,1526 815,1525 866,1524 918,1521 969,1520 1021,1517 1072,1514 1124,1511 1175,1508 1227,1505 1278,1502 1329,1499 1381,1496 1432,1493 1484,1491 1535,1489 1587,1488 1638,1487 1690,1485 1741,1485 1793,1487"/>
                <Word id="r2l13_w1" custom="readingOrder {index:0;}">
                    <Coords points="766,1485 766,1545 861,1545 861,1485"/>
                    <TextEquiv>
                        <Unicode>allda</Unicode>
                    </TextEquiv>
                </Word>
                <Word id="r2l13_w2" custom="readingOrder {index:1;}">
                    <Coords points="904,1479 904,1539 1054,1539 1054,1479"/>
                    <TextEquiv>
                        <Unicode>ergangen,</Unicode>
                    </TextEquiv>
                </Word>
                <Word id="r2l13_w3" custom="readingOrder {index:2;}">
                    <Coords points="1085,1471 1085,1531 1150,1531 1150,1471"/>
                    <TextEquiv>
                        <Unicode>dem</Unicode>
                    </TextEquiv>
                </Word>
                <Word id="r2l13_w4" custom="readingOrder {index:3;}">
                    <Coords points="1192,1463 1192,1523 1320,1523 1320,1463"/>
                    <TextEquiv>
                        <Unicode>Rechten</Unicode>
                    </TextEquiv>
                </Word>
                <Word id="r2l13_w5" custom="readingOrder {index:4;}">
                    <Coords points="1352,1455 1352,1515 1438,1515 1438,1455"/>
                    <TextEquiv>
                        <Unicode>aber</Unicode>
                    </TextEquiv>
                </Word>
                <Word id="r2l13_w6" custom="readingOrder {index:5;}">
                    <Coords points="1469,1450 1469,1510 1545,1510 1545,1450"/>
                    <TextEquiv>
                        <Unicode>mit</Unicode>
                    </TextEquiv>
                </Word>
                <Word id="r2l13_w7" custom="readingOrder {index:6;}">
                    <Coords points="1576,1445 1576,1505 1757,1505 1757,1445"/>
                    <TextEquiv>
                        <Unicode>begegnet</Unicode>
                    </TextEquiv>
                </Word>
                <TextEquiv>
                    <Unicode>allda ergangen, dem Rechten aber mit begegnet</Unicode>
                </TextEquiv>
            </TextLine>
            <TextLine id="r2l14" custom="readingOrder {index:13;}">
                <Coords points="751,1660 1118,1662 1233,1595 1303,1615 1447,1568 1538,1625 1624,1579 1727,1586 1721,1497 1595,1530 1508,1487 1422,1555 1291,1516 1097,1573 963,1526 746,1582"/>
                <Baseline points="756,1623 804,1620 852,1617 900,1614 948,1610 996,1607 1044,1602 1092,1600 1140,1597 1188,1592 1237,1589 1285,1587 1333,1584 1381,1580 1429,1577 1477,1575 1525,1572 1573,1569 1621,1567 1669,1564 1718,1562"/>
                <Word id="r2l14_w1" custom="readingOrder {index:0;}">
                    <Coords points="764,1580 764,1640 820,1640 820,1580"/>
                    <TextEquiv>
                        <Unicode>die</Unicode>
                    </TextEquiv>
                </Word>
                <Word id="r2l14_w2" custom="readingOrder {index:1;}">
                    <Coords points="850,1569 850,1629 1078,1629 1078,1569"/>
                    <TextEquiv>
                        <Unicode>Schidigung</Unicode>
                    </TextEquiv>
                </Word>
                <Word id="r2l14_w3" custom="readingOrder {index:2;}">
                    <Coords points="1106,1549 1106,1609 1336,1609 1336,1549"/>
                    <TextEquiv>
                        <Unicode>ertheilt.</Unicode>
                    </TextEquiv>
                </Word>
                <Word id="r2l14_w4" custom="readingOrder {index:3;}">
                    <Coords points="1478,1533 1478,1593 1536,1593 1536,1533"/>
                    <TextEquiv>
                        <Unicode>ad</Unicode>
                    </TextEquiv>
                </Word>
                <Word id="r2l14_w5" custom="readingOrder {index:4;}">
                    <Coords points="1578,1524 1578,1584 1737,1584 1737,1524"/>
                    <TextEquiv>
                        <Unicode>form.</Unicode>
                    </TextEquiv>
                </Word>
                <TextEquiv>
                    <Unicode>die Schidigung ertheilt. ad form.</Unicode>
                </TextEquiv>
            </TextLine>
            <TextLine id="r2l15" custom="readingOrder {index:14;}">
                <Coords points="748,1822 1274,1782 1407,1840 1513,1793 1572,1836 1736,1761 1788,1777 1803,1716 1587,1686 1410,1740 1352,1705 744,1735"/>
                <Baseline points="755,1803 807,1803 859,1802 911,1800 963,1799 1015,1797 1067,1796 1119,1794 1171,1791 1223,1789 1276,1786 1328,1784 1380,1781 1432,1778 1484,1776 1536,1773 1588,1770 1640,1768 1692,1764 1744,1761 1797,1758"/>
                <Word id="r2l15_w1" custom="readingOrder {index:0;}">
                    <Coords points="757,1760 757,1820 1058,1820 1058,1760"/>
                    <TextEquiv>
                        <Unicode>Frachtelwaldt.</Unicode>
                    </TextEquiv>
                </Word>
                <Word id="r2l15_w2" custom="readingOrder {index:1;}">
                    <Coords points="1069,1755 1069,1815 1105,1815 1105,1755"/>
                    <TextEquiv>
                        <Unicode>E.</Unicode>
                    </TextEquiv>
                </Word>
                <Word id="r2l15_w3" custom="readingOrder {index:2;}">
                    <Coords points="1116,1752 1116,1812 1165,1812 1165,1752"/>
                    <TextEquiv>
                        <Unicode>Er</Unicode>
                    </TextEquiv>
                </Word>
                <Word id="r2l15_w4" custom="readingOrder {index:3;}">
                    <Coords points="1189,1748 1189,1808 1274,1808 1274,1748"/>
                    <TextEquiv>
                        <Unicode>habe</Unicode>
                    </TextEquiv>
                </Word>
                <Word id="r2l15_w5" custom="readingOrder {index:4;}">
                    <Coords points="1309,1742 1309,1802 1405,1802 1405,1742"/>
                    <TextEquiv>
                        <Unicode>sas</Unicode>
                    </TextEquiv>
                </Word>
                <Word id="r2l15_w6" custom="readingOrder {index:5;}">
                    <Coords points="1430,1734 1430,1794 1598,1794 1598,1734"/>
                    <TextEquiv>
                        <Unicode>Christen</Unicode>
                    </TextEquiv>
                </Word>
                <Word id="r2l15_w7" custom="readingOrder {index:6;}">
                    <Coords points="1610,1723 1610,1783 1801,1783 1801,1723"/>
                    <TextEquiv>
                        <Unicode>Ehanbauer</Unicode>
                    </TextEquiv>
                </Word>
                <TextEquiv>
                    <Unicode>Frachtelwaldt. E. Er habe sas Christen Ehanbauer</Unicode>
                </TextEquiv>
            </TextLine>
            <TextLine id="r2l16" custom="readingOrder {index:15;}">
                <Coords points="772,1902 1182,1869 1254,1895 1552,1844 1671,1883 1774,1837 1771,1773 1643,1824 1482,1798 1406,1842 1303,1773 1232,1829 1095,1806 1031,1857 938,1807 767,1809"/>
                <Baseline points="779,1884 828,1883 877,1882 927,1881 976,1880 1025,1878 1075,1877 1124,1874 1173,1873 1223,1871 1272,1869 1321,1866 1371,1863 1420,1860 1469,1857 1519,1853 1568,1850 1617,1845 1667,1842 1716,1836 1766,1832"/>
                <Word id="r2l16_w1" custom="readingOrder {index:0;}">
                    <Coords points="779,1843 779,1903 848,1903 848,1843"/>
                    <TextEquiv>
                        <Unicode>Von</Unicode>
                    </TextEquiv>
                </Word>
                <Word id="r2l16_w2" custom="readingOrder {index:1;}">
                    <Coords points="870,1840 870,1900 1052,1900 1052,1840"/>
                    <TextEquiv>
                        <Unicode>Langnaut</Unicode>
                    </TextEquiv>
                </Word>
                <Word id="r2l16_w3" custom="readingOrder {index:2;}">
                    <Coords points="1110,1833 1110,1893 1178,1893 1178,1833"/>
                    <TextEquiv>
                        <Unicode>die</Unicode>
                    </TextEquiv>
                </Word>
                <Word id="r2l16_w4" custom="readingOrder {index:3;}">
                    <Coords points="1201,1827 1201,1887 1407,1887 1407,1827"/>
                    <TextEquiv>
                        <Unicode>schidigung</Unicode>
                    </TextEquiv>
                </Word>
                <Word id="r2l16_w5" custom="readingOrder {index:4;}">
                    <Coords points="1440,1815 1440,1875 1543,1875 1543,1815"/>
                    <TextEquiv>
                        <Unicode>wider</Unicode>
                    </TextEquiv>
                </Word>
                <Word id="r2l16_w6" custom="readingOrder {index:5;}">
                    <Coords points="1566,1805 1566,1865 1657,1865 1657,1805"/>
                    <TextEquiv>
                        <Unicode>seine</Unicode>
                    </TextEquiv>
                </Word>
                <Word id="r2l16_w7" custom="readingOrder {index:6;}">
                    <Coords points="1680,1794 1680,1854 1784,1854 1784,1794"/>
                    <TextEquiv>
                        <Unicode>ohn¬</Unicode>
                    </TextEquiv>
                </Word>
                <TextEquiv>
                    <Unicode>Von Langnaut die schidigung wider seine ohn¬</Unicode>
                </TextEquiv>
            </TextLine>
            <TextLine id="r2l17" custom="readingOrder {index:16;}">
                <Coords points="806,1966 893,1966 938,2007 1080,1960 1379,1949 1479,1981 1724,1934 1749,1894 1549,1850 1445,1915 1381,1869 1249,1907 1180,1873 1140,1916 1066,1878 803,1900"/>
                <Baseline points="812,1959 858,1959 905,1959 951,1959 998,1958 1044,1958 1091,1956 1137,1955 1184,1955 1230,1952 1277,1950 1324,1949 1370,1947 1417,1944 1463,1941 1510,1937 1556,1935 1603,1931 1649,1926 1696,1922 1743,1917"/>
                <Word id="r2l17_w1" custom="readingOrder {index:0;}">
                    <Coords points="804,1919 804,1979 918,1979 918,1919"/>
                    <TextEquiv>
                        <Unicode>freüner</Unicode>
                    </TextEquiv>
                </Word>
                <Word id="r2l17_w2" custom="readingOrder {index:1;}">
                    <Coords points="942,1918 942,1978 1091,1978 1091,1918"/>
                    <TextEquiv>
                        <Unicode>Ehefrauw</Unicode>
                    </TextEquiv>
                </Word>
                <Word id="r2l17_w3" custom="readingOrder {index:2;}">
                    <Coords points="1149,1912 1149,1972 1287,1972 1287,1912"/>
                    <TextEquiv>
                        <Unicode>Berena</Unicode>
                    </TextEquiv>
                </Word>
                <Word id="r2l17_w4" custom="readingOrder {index:3;}">
                    <Coords points="1321,1902 1321,1962 1564,1962 1564,1902"/>
                    <TextEquiv>
                        <Unicode>Kreyenburhl</Unicode>
                    </TextEquiv>
                </Word>
                <Word id="r2l17_w5" custom="readingOrder {index:4;}">
                    <Coords points="1609,1885 1609,1945 1702,1945 1702,1885"/>
                    <TextEquiv>
                        <Unicode>von</Unicode>
                    </TextEquiv>
                </Word>
                <TextEquiv>
                    <Unicode>freüner Ehefrauw Berena Kreyenburhl von</Unicode>
                </TextEquiv>
            </TextLine>
            <TextLine id="r2l18" custom="readingOrder {index:17;}">
                <Coords points="798,2076 1188,2029 1258,2078 1414,2021 1525,2063 1764,1976 1700,1930 1615,1987 1378,1952 1303,1994 1207,1958 1136,1997 998,1969 941,2021 793,1989"/>
                <Baseline points="804,2042 851,2040 899,2040 946,2040 994,2039 1042,2039 1089,2039 1137,2037 1185,2037 1232,2036 1280,2034 1328,2032 1375,2030 1423,2027 1471,2023 1518,2018 1566,2013 1614,2006 1661,1999 1709,1991 1757,1982"/>
                <Word id="r2l18_w1" custom="readingOrder {index:0;}">
                    <Coords points="793,2000 793,2060 942,2060 942,2000"/>
                    <TextEquiv>
                        <Unicode>Mnge</Unicode>
                    </TextEquiv>
                </Word>
                <Word id="r2l18_w2" custom="readingOrder {index:1;}">
                    <Coords points="963,1999 963,2059 1187,2059 1187,1999"/>
                    <TextEquiv>
                        <Unicode>verlanget,</Unicode>
                    </TextEquiv>
                </Word>
                <Word id="r2l18_w3" custom="readingOrder {index:2;}">
                    <Coords points="1208,1994 1208,2054 1315,2054 1315,1994"/>
                    <TextEquiv>
                        <Unicode>wolche</Unicode>
                    </TextEquiv>
                </Word>
                <Word id="r2l18_w4" custom="readingOrder {index:3;}">
                    <Coords points="1347,1989 1347,2049 1422,2049 1422,1989"/>
                    <TextEquiv>
                        <Unicode>aber</Unicode>
                    </TextEquiv>
                </Word>
                <Word id="r2l18_w5" custom="readingOrder {index:4;}">
                    <Coords points="1443,1974 1443,2034 1656,2034 1656,1974"/>
                    <TextEquiv>
                        <Unicode>ohngeacht</Unicode>
                    </TextEquiv>
                </Word>
                <Word id="r2l18_w6" custom="readingOrder {index:5;}">
                    <Coords points="1667,1951 1667,2011 1741,2011 1741,1951"/>
                    <TextEquiv>
                        <Unicode>Ihrer</Unicode>
                    </TextEquiv>
                </Word>
                <TextEquiv>
                    <Unicode>Mnge verlanget, wolche aber ohngeacht Ihrer</Unicode>
                </TextEquiv>
            </TextLine>
            <TextLine id="r2l19" custom="readingOrder {index:18;}">
                <Coords points="768,2180 955,2125 1177,2119 1227,2157 1308,2118 1370,2160 1411,2120 1562,2122 1730,2066 1747,2032 1681,2013 1479,2065 1347,2036 1256,2079 1184,2028 764,2093"/>
                <Baseline points="773,2118 821,2118 869,2118 918,2118 966,2117 1014,2117 1063,2117 1111,2117 1159,2115 1208,2114 1256,2112 1304,2109 1353,2107 1401,2103 1449,2099 1498,2096 1546,2089 1594,2082 1643,2075 1691,2067 1740,2058"/>
                <Word id="r2l19_w1" custom="readingOrder {index:0;}">
                    <Coords points="777,2078 777,2138 989,2138 989,2078"/>
                    <TextEquiv>
                        <Unicode>angelegten</Unicode>
                    </TextEquiv>
                </Word>
                <Word id="r2l19_w2" custom="readingOrder {index:1;}">
                    <Coords points="1013,2077 1013,2137 1178,2137 1178,2077"/>
                    <TextEquiv>
                        <Unicode>Citation</Unicode>
                    </TextEquiv>
                </Word>
                <Word id="r2l19_w3" custom="readingOrder {index:2;}">
                    <Coords points="1225,2070 1225,2130 1320,2130 1320,2070"/>
                    <TextEquiv>
                        <Unicode>nicht</Unicode>
                    </TextEquiv>
                </Word>
                <Word id="r2l19_w4" custom="readingOrder {index:3;}">
                    <Coords points="1343,2057 1343,2117 1592,2117 1592,2057"/>
                    <TextEquiv>
                        <Unicode>erschinnen,</Unicode>
                    </TextEquiv>
                </Word>
                <Word id="r2l19_w5" custom="readingOrder {index:4;}">
                    <Coords points="1615,2031 1615,2091 1709,2091 1709,2031"/>
                    <TextEquiv>
                        <Unicode>Wie</Unicode>
                    </TextEquiv>
                </Word>
                <TextEquiv>
                    <Unicode>angelegten Citation nicht erschinnen, Wie</Unicode>
                </TextEquiv>
            </TextLine>
            <TextLine id="r2l20" custom="readingOrder {index:19;}">
                <Coords points="760,2209 1025,2268 1090,2210 1564,2182 1669,2218 1797,2111 1682,2074 1368,2160 1307,2125 1234,2163 1032,2124 758,2173"/>
                <Baseline points="767,2196 818,2198 869,2199 920,2201 971,2202 1022,2202 1073,2204 1125,2204 1176,2204 1227,2202 1278,2201 1329,2199 1380,2196 1431,2193 1483,2188 1534,2182 1585,2176 1636,2169 1687,2160 1738,2151 1790,2139"/>
                <Word id="r2l20_w1" custom="readingOrder {index:0;}">
                    <Coords points="762,2157 762,2217 838,2217 838,2157"/>
                    <TextEquiv>
                        <Unicode>Meie</Unicode>
                    </TextEquiv>
                </Word>
                <Word id="r2l20_w2" custom="readingOrder {index:1;}">
                    <Coords points="868,2162 868,2222 1079,2222 1079,2162"/>
                    <TextEquiv>
                        <Unicode>nigenHerrn</Unicode>
                    </TextEquiv>
                </Word>
                <Word id="r2l20_w3" custom="readingOrder {index:2;}">
                    <Coords points="1111,2163 1111,2223 1292,2223 1292,2163"/>
                    <TextEquiv>
                        <Unicode>abebant</Unicode>
                    </TextEquiv>
                </Word>
                <Word id="r2l20_w4" custom="readingOrder {index:3;}">
                    <Coords points="1307,2157 1307,2217 1398,2217 1398,2157"/>
                    <TextEquiv>
                        <Unicode>mit</Unicode>
                    </TextEquiv>
                </Word>
                <Word id="r2l20_w5" custom="readingOrder {index:4;}">
                    <Coords points="1413,2150 1413,2210 1504,2210 1504,2150"/>
                    <TextEquiv>
                        <Unicode>wenn</Unicode>
                    </TextEquiv>
                </Word>
                <Word id="r2l20_w6" custom="readingOrder {index:5;}">
                    <Coords points="1533,2138 1533,2198 1594,2198 1594,2138"/>
                    <TextEquiv>
                        <Unicode>Sie</Unicode>
                    </TextEquiv>
                </Word>
                <Word id="r2l20_w7" custom="readingOrder {index:6;}">
                    <Coords points="1624,2127 1624,2187 1670,2187 1670,2127"/>
                    <TextEquiv>
                        <Unicode>die</Unicode>
                    </TextEquiv>
                </Word>
                <Word id="r2l20_w8" custom="readingOrder {index:7;}">
                    <Coords points="1685,2113 1685,2173 1761,2173 1761,2113"/>
                    <TextEquiv>
                        <Unicode>Ehr</Unicode>
                    </TextEquiv>
                </Word>
                <TextEquiv>
                    <Unicode>Meie nigenHerrn abebant mit wenn Sie die Ehr</Unicode>
                </TextEquiv>
            </TextLine>
            <TextLine id="r2l21" custom="readingOrder {index:20;}">
                <Coords points="756,2329 823,2340 958,2274 1459,2322 1805,2247 1802,2171 1666,2219 1309,2207 1249,2243 1149,2210 1000,2265 838,2210 753,2251"/>
                <Baseline points="762,2285 813,2282 865,2280 917,2280 968,2280 1020,2282 1072,2282 1123,2283 1175,2285 1227,2285 1279,2286 1330,2285 1382,2285 1434,2282 1485,2279 1537,2274 1589,2268 1640,2260 1692,2250 1744,2238 1796,2223"/>
                <Word id="r2l21_w1" custom="readingOrder {index:0;}">
                    <Coords points="771,2240 771,2300 971,2300 971,2240"/>
                    <TextEquiv>
                        <Unicode>gebrohen,</Unicode>
                    </TextEquiv>
                </Word>
                <Word id="r2l21_w2" custom="readingOrder {index:1;}">
                    <Coords points="985,2242 985,2302 1085,2302 1085,2242"/>
                    <TextEquiv>
                        <Unicode>unndt</Unicode>
                    </TextEquiv>
                </Word>
                <Word id="r2l21_w3" custom="readingOrder {index:2;}">
                    <Coords points="1113,2244 1113,2304 1228,2304 1228,2244"/>
                    <TextEquiv>
                        <Unicode>welche</Unicode>
                    </TextEquiv>
                </Word>
                <Word id="r2l21_w4" custom="readingOrder {index:3;}">
                    <Coords points="1256,2245 1256,2305 1328,2305 1328,2245"/>
                    <TextEquiv>
                        <Unicode>Sie</Unicode>
                    </TextEquiv>
                </Word>
                <Word id="r2l21_w5" custom="readingOrder {index:4;}">
                    <Coords points="1356,2240 1356,2300 1570,2300 1570,2240"/>
                    <TextEquiv>
                        <Unicode>beklaget,</Unicode>
                    </TextEquiv>
                </Word>
                <Word id="r2l21_w6" custom="readingOrder {index:5;}">
                    <Coords points="1584,2223 1584,2283 1656,2283 1656,2223"/>
                    <TextEquiv>
                        <Unicode>alß</Unicode>
                    </TextEquiv>
                </Word>
                <Word id="r2l21_w7" custom="readingOrder {index:6;}">
                    <Coords points="1684,2200 1684,2260 1785,2260 1785,2200"/>
                    <TextEquiv>
                        <Unicode>were</Unicode>
                    </TextEquiv>
                </Word>
                <TextEquiv>
                    <Unicode>gebrohen, unndt welche Sie beklaget, alß were</Unicode>
                </TextEquiv>
            </TextLine>
            <TextLine id="r2l22" custom="readingOrder {index:21;}">
                <Coords points="747,2386 1263,2363 1451,2424 1608,2352 1704,2369 1813,2320 1811,2272 1740,2249 1575,2316 1347,2326 1153,2283 1087,2321 959,2274 745,2339"/>
                <Baseline points="753,2373 805,2367 858,2364 910,2362 963,2361 1016,2360 1068,2361 1121,2361 1173,2363 1226,2364 1279,2365 1331,2366 1384,2365 1436,2364 1489,2362 1542,2358 1594,2352 1647,2344 1699,2336 1752,2323 1805,2309"/>
                <Word id="r2l22_w1" custom="readingOrder {index:0;}">
                    <Coords points="762,2328 762,2388 819,2388 819,2328"/>
                    <TextEquiv>
                        <Unicode>der</Unicode>
                    </TextEquiv>
                </Word>
                <Word id="r2l22_w2" custom="readingOrder {index:1;}">
                    <Coords points="847,2323 847,2383 918,2383 918,2323"/>
                    <TextEquiv>
                        <Unicode>H.</Unicode>
                    </TextEquiv>
                </Word>
                <Word id="r2l22_w3" custom="readingOrder {index:2;}">
                    <Coords points="945,2320 945,2380 1059,2380 1059,2320"/>
                    <TextEquiv>
                        <Unicode>Praf.</Unicode>
                    </TextEquiv>
                </Word>
                <Word id="r2l22_w4" custom="readingOrder {index:3;}">
                    <Coords points="1073,2323 1073,2383 1299,2383 1299,2323"/>
                    <TextEquiv>
                        <Unicode>freundtlich</Unicode>
                    </TextEquiv>
                </Word>
                <Word id="r2l22_w5" custom="readingOrder {index:4;}">
                    <Coords points="1313,2324 1313,2384 1482,2384 1482,2324"/>
                    <TextEquiv>
                        <Unicode>ersucht,</Unicode>
                    </TextEquiv>
                </Word>
                <Word id="r2l22_w6" custom="readingOrder {index:5;}">
                    <Coords points="1512,2318 1512,2378 1553,2378 1553,2318"/>
                    <TextEquiv>
                        <Unicode>sie</Unicode>
                    </TextEquiv>
                </Word>
                <Word id="r2l22_w7" custom="readingOrder {index:6;}">
                    <Coords points="1596,2297 1596,2357 1779,2357 1779,2297"/>
                    <TextEquiv>
                        <Unicode>zubefage</Unicode>
                    </TextEquiv>
                </Word>
                <TextEquiv>
                    <Unicode>der H. Praf. freundtlich ersucht, sie zubefage</Unicode>
                </TextEquiv>
            </TextLine>
            <TextLine id="r2l23" custom="readingOrder {index:22;}">
                <Coords points="758,2456 1298,2478 1642,2417 1712,2442 1791,2397 1790,2356 1679,2349 1611,2403 1579,2380 1450,2429 1340,2419 1286,2370 1186,2409 1122,2368 940,2398 869,2361 757,2419"/>
                <Baseline points="765,2445 818,2444 872,2444 925,2445 979,2447 1033,2448 1086,2450 1140,2453 1194,2454 1247,2454 1301,2456 1354,2454 1408,2453 1462,2450 1515,2444 1569,2438 1623,2429 1676,2417 1730,2402 1784,2385"/>
                <Word id="r2l23_w1" custom="readingOrder {index:0;}">
                    <Coords points="772,2404 772,2464 862,2464 862,2404"/>
                    <TextEquiv>
                        <Unicode>undt</Unicode>
                    </TextEquiv>
                </Word>
                <Word id="r2l23_w2" custom="readingOrder {index:1;}">
                    <Coords points="875,2404 875,2464 915,2464 915,2404"/>
                    <TextEquiv>
                        <Unicode>zu</Unicode>
                    </TextEquiv>
                </Word>
                <Word id="r2l23_w3" custom="readingOrder {index:2;}">
                    <Coords points="941,2407 941,2467 1020,2467 1020,2407"/>
                    <TextEquiv>
                        <Unicode>sedt</Unicode>
                    </TextEquiv>
                </Word>
                <Word id="r2l23_w4" custom="readingOrder {index:3;}">
                    <Coords points="1045,2411 1045,2471 1175,2471 1175,2411"/>
                    <TextEquiv>
                        <Unicode>stellen</Unicode>
                    </TextEquiv>
                </Word>
                <Word id="r2l23_w5" custom="readingOrder {index:4;}">
                    <Coords points="1201,2415 1201,2475 1396,2475 1396,2415"/>
                    <TextEquiv>
                        <Unicode>zulaßen</Unicode>
                    </TextEquiv>
                </Word>
                <Word id="r2l23_w6" custom="readingOrder {index:5;}">
                    <Coords points="1449,2407 1449,2467 1513,2467 1513,2407"/>
                    <TextEquiv>
                        <Unicode>voer</Unicode>
                    </TextEquiv>
                </Word>
                <Word id="r2l23_w7" custom="readingOrder {index:6;}">
                    <Coords points="1540,2398 1540,2458 1592,2458 1592,2398"/>
                    <TextEquiv>
                        <Unicode>der</Unicode>
                    </TextEquiv>
                </Word>
                <Word id="r2l23_w8" custom="readingOrder {index:7;}">
                    <Coords points="1617,2371 1617,2431 1773,2431 1773,2371"/>
                    <TextEquiv>
                        <Unicode>Erbehe</Unicode>
                    </TextEquiv>
                </Word>
                <TextEquiv>
                    <Unicode>undt zu sedt stellen zulaßen voer der Erbehe</Unicode>
                </TextEquiv>
            </TextLine>
            <TextLine id="r2l24" custom="readingOrder {index:23;}">
                <Coords points="774,2581 968,2556 1068,2612 1188,2544 1291,2592 1701,2555 1810,2505 1808,2443 1644,2416 1502,2492 1464,2463 1270,2516 1164,2455 1044,2494 770,2482"/>
                <Baseline points="779,2523 830,2525 881,2528 932,2530 983,2532 1034,2535 1085,2537 1137,2539 1188,2540 1239,2541 1290,2541 1341,2540 1392,2538 1443,2535 1495,2530 1546,2526 1597,2518 1648,2509 1699,2498 1750,2486 1802,2471"/>
                <Word id="r2l24_w1" custom="readingOrder {index:0;}">
                    <Coords points="775,2484 775,2544 870,2544 870,2484"/>
                    <TextEquiv>
                        <Unicode>sye,</Unicode>
                    </TextEquiv>
                </Word>
                <Word id="r2l24_w2" custom="readingOrder {index:1;}">
                    <Coords points="886,2492 886,2552 1091,2552 1091,2492"/>
                    <TextEquiv>
                        <Unicode>nachterts</Unicode>
                    </TextEquiv>
                </Word>
                <Word id="r2l24_w3" custom="readingOrder {index:2;}">
                    <Coords points="1107,2499 1107,2559 1218,2559 1218,2499"/>
                    <TextEquiv>
                        <Unicode>selbe</Unicode>
                    </TextEquiv>
                </Word>
                <Word id="r2l24_w4" custom="readingOrder {index:3;}">
                    <Coords points="1233,2500 1233,2560 1408,2560 1408,2500"/>
                    <TextEquiv>
                        <Unicode>trichten</Unicode>
                    </TextEquiv>
                </Word>
                <Word id="r2l24_w5" custom="readingOrder {index:4;}">
                    <Coords points="1439,2493 1439,2553 1486,2553 1486,2493"/>
                    <TextEquiv>
                        <Unicode>die</Unicode>
                    </TextEquiv>
                </Word>
                <Word id="r2l24_w6" custom="readingOrder {index:5;}">
                    <Coords points="1503,2481 1503,2541 1645,2541 1645,2481"/>
                    <TextEquiv>
                        <Unicode>berheit</Unicode>
                    </TextEquiv>
                </Word>
                <Word id="r2l24_w7" custom="readingOrder {index:6;}">
                    <Coords points="1660,2448 1660,2508 1820,2508 1820,2448"/>
                    <TextEquiv>
                        <Unicode>husafe,</Unicode>
                    </TextEquiv>
                </Word>
                <TextEquiv>
                    <Unicode>sye, nachterts selbe trichten die berheit husafe,</Unicode>
                </TextEquiv>
            </TextLine>
            <TextEquiv>
                <Unicode></Unicode>
            </TextEquiv>
        </TextRegion>
        <TextRegion orientation="0.0" id="r3" custom="readingOrder {index:2;}">
            <Coords points="1841,980 1841,1645 2027,1645 2027,980"/>
            <TextLine id="r3l1" custom="readingOrder {index:0;}">
                <Coords points="1840,1091 1851,1084 1870,1091 1920,1039 1941,1033 1979,1042 1996,1028 2032,1024 2017,949 2002,958 1978,952 1968,964 1938,963 1917,985 1896,974 1881,981 1847,965 1821,994"/>
                <Baseline points="1841,1055 1867,1048 1893,1042 1919,1035 1945,1029 1971,1025 1997,1021 2024,1019"/>
                <Word id="r3l1_w1" custom="readingOrder {index:0;}">
                    <Coords points="1825,1008 1825,1068 1903,1068 1903,1008"/>
                    <TextEquiv>
                        <Unicode>soch</Unicode>
                    </TextEquiv>
                </Word>
                <Word id="r3l1_w2" custom="readingOrder {index:1;}">
                    <Coords points="1917,983 1917,1043 2042,1043 2042,983"/>
                    <TextEquiv>
                        <Unicode>desten</Unicode>
                    </TextEquiv>
                </Word>
                <TextEquiv>
                    <Unicode>soch desten</Unicode>
                </TextEquiv>
            </TextLine>
            <TextLine id="r3l2" custom="readingOrder {index:1;}">
                <Coords points="1866,1150 1876,1150 1899,1130 1922,1135 1943,1111 1950,1115 1962,1113 1950,1050 1942,1051 1929,1063 1906,1055 1898,1058 1870,1091 1856,1097"/>
                <Baseline points="1871,1133 1899,1121 1927,1118 1955,1115"/>
                <Word id="r3l2_w1" custom="readingOrder {index:0;}">
                    <Coords points="1870,1078 1870,1138 1972,1138 1972,1078"/>
                    <TextEquiv>
                        <Unicode>geh.</Unicode>
                    </TextEquiv>
                </Word>
                <TextEquiv>
                    <Unicode>geh.</Unicode>
                </TextEquiv>
            </TextLine>
            <TextLine id="r3l3" custom="readingOrder {index:2;}">
                <Coords points="1844,1257 1869,1252 1927,1189 1959,1204 1984,1190 1998,1197 2017,1186 2004,1131 1947,1129 1934,1145 1909,1138 1899,1153 1870,1155 1850,1144 1825,1174"/>
                <Baseline points="1842,1215 1869,1208 1897,1201 1924,1194 1952,1188 1979,1183 2007,1179"/>
                <Word id="r3l3_w1" custom="readingOrder {index:0;}">
                    <Coords points="1828,1175 1828,1235 1856,1235 1856,1175"/>
                    <TextEquiv>
                        <Unicode>Re</Unicode>
                    </TextEquiv>
                </Word>
                <Word id="r3l3_w2" custom="readingOrder {index:1;}">
                    <Coords points="1898,1147 1898,1207 2011,1207 2011,1147"/>
                    <TextEquiv>
                        <Unicode>silbur</Unicode>
                    </TextEquiv>
                </Word>
                <TextEquiv>
                    <Unicode>Re silbur</Unicode>
                </TextEquiv>
            </TextLine>
            <TextLine id="r3l4" custom="readingOrder {index:3;}">
                <Coords points="1847,1542 1873,1528 1884,1535 1905,1519 1994,1566 2018,1551 2007,1441 1988,1452 1973,1444 1950,1460 1937,1454 1887,1467 1865,1452 1839,1469"/>
                <Baseline points="1853,1526 1878,1523 1904,1520 1929,1517 1955,1515 1980,1512 2006,1511"/>
                <Word id="r3l4_w1" custom="readingOrder {index:0;}">
                    <Coords points="1839,1476 1839,1536 2028,1536 2028,1476"/>
                    <TextEquiv>
                        <Unicode>Rabsatri.</Unicode>
                    </TextEquiv>
                </Word>
                <TextEquiv>
                    <Unicode>Rabsatri.</Unicode>
                </TextEquiv>
            </TextLine>
            <TextLine id="r3l5" custom="readingOrder {index:4;}">
                <Coords points="1851,1675 1873,1669 1894,1644 1953,1673 2000,1640 2038,1642 2028,1545 1994,1565 1902,1524 1876,1548 1839,1559"/>
                <Baseline points="1853,1625 1882,1618 1911,1615 1940,1613 1969,1611 1998,1609 2027,1604"/>
                <Word id="r3l5_w1" custom="readingOrder {index:0;}">
                    <Coords points="1842,1575 1842,1635 1975,1635 1975,1575"/>
                    <TextEquiv>
                        <Unicode>vesracht</Unicode>
                    </TextEquiv>
                </Word>
                <Word id="r3l5_w2" custom="readingOrder {index:1;}">
                    <Coords points="1988,1566 1988,1626 2032,1626 2032,1566"/>
                    <TextEquiv>
                        <Unicode>han</Unicode>
                    </TextEquiv>
                </Word>
                <TextEquiv>
                    <Unicode>vesracht han</Unicode>
                </TextEquiv>
            </TextLine>
            <TextEquiv>
                <Unicode></Unicode>
            </TextEquiv>
        </TextRegion>
        <TextRegion orientation="0.0" id="r4" custom="readingOrder {index:3;}">
            <Coords points="2004,227 2004,2591 3287,2591 3287,227"/>
            <TextLine id="r4l1" custom="readingOrder {index:0;}">
                <Coords points="3057,304 3100,309 3137,282 3153,290 3176,285 3183,228 3132,225 3116,208 3090,208 3070,198"/>
                <Baseline points="3069,266 3094,265 3119,269 3144,273 3170,276"/>
                <Word id="r4l1_w1" custom="readingOrder {index:0;}">
                    <Coords points="3070,231 3070,291 3193,291 3193,231"/>
                    <TextEquiv>
                        <Unicode>279.</Unicode>
                    </TextEquiv>
                </Word>
                <TextEquiv>
                    <Unicode>279.</Unicode>
                </TextEquiv>
            </TextLine>
            <TextLine id="r4l2" custom="readingOrder {index:1;}">
                <Coords points="1998,391 2280,354 2398,404 2537,335 2871,383 3172,336 2794,234 2483,256 2404,321 2240,263 1997,302"/>
                <Baseline points="2006,386 2063,376 2121,366 2179,358 2237,353 2295,347 2353,344 2411,342 2469,341 2527,341 2585,341 2642,342 2700,344 2758,346 2816,347 2874,350 2932,351 2990,353 3048,353 3106,354 3164,353"/>
                <Word id="r4l2_w1" custom="readingOrder {index:0;}">
                    <Coords points="2011,337 2011,397 2098,397 2098,337"/>
                    <TextEquiv>
                        <Unicode>undt</Unicode>
                    </TextEquiv>
                </Word>
                <Word id="r4l2_w2" custom="readingOrder {index:1;}">
                    <Coords points="2111,325 2111,385 2135,385 2135,325"/>
                    <TextEquiv>
                        <Unicode>so</Unicode>
                    </TextEquiv>
                </Word>
                <Word id="r4l2_w3" custom="readingOrder {index:2;}">
                    <Coords points="2160,318 2160,378 2198,378 2198,318"/>
                    <TextEquiv>
                        <Unicode>Er</Unicode>
                    </TextEquiv>
                </Word>
                <Word id="r4l2_w4" custom="readingOrder {index:3;}">
                    <Coords points="2210,307 2210,367 2371,367 2371,307"/>
                    <TextEquiv>
                        <Unicode>laugnen</Unicode>
                    </TextEquiv>
                </Word>
                <Word id="r4l2_w5" custom="readingOrder {index:4;}">
                    <Coords points="2422,301 2422,361 2521,361 2521,301"/>
                    <TextEquiv>
                        <Unicode>thäte</Unicode>
                    </TextEquiv>
                </Word>
                <Word id="r4l2_w6" custom="readingOrder {index:5;}">
                    <Coords points="2570,301 2570,361 2670,361 2670,301"/>
                    <TextEquiv>
                        <Unicode>beyde</Unicode>
                    </TextEquiv>
                </Word>
                <Word id="r4l2_w7" custom="readingOrder {index:6;}">
                    <Coords points="2684,304 2684,364 2769,364 2769,304"/>
                    <TextEquiv>
                        <Unicode>über</Unicode>
                    </TextEquiv>
                </Word>
                <Word id="r4l2_w8" custom="readingOrder {index:7;}">
                    <Coords points="2783,306 2783,366 2820,366 2820,306"/>
                    <TextEquiv>
                        <Unicode>14</Unicode>
                    </TextEquiv>
                </Word>
                <Word id="r4l2_w9" custom="readingOrder {index:8;}">
                    <Coords points="2844,310 2844,370 2907,370 2907,310"/>
                    <TextEquiv>
                        <Unicode>tag,</Unicode>
                    </TextEquiv>
                </Word>
                <Word id="r4l2_w10" custom="readingOrder {index:9;}">
                    <Coords points="2932,311 2932,371 2982,371 2982,311"/>
                    <TextEquiv>
                        <Unicode>wan</Unicode>
                    </TextEquiv>
                </Word>
                <Word id="r4l2_w11" custom="readingOrder {index:10;}">
                    <Coords points="3007,313 3007,373 3056,373 3056,313"/>
                    <TextEquiv>
                        <Unicode>Sie</Unicode>
                    </TextEquiv>
                </Word>
                <Word id="r4l2_w12" custom="readingOrder {index:11;}">
                    <Coords points="3082,313 3082,373 3119,373 3119,313"/>
                    <TextEquiv>
                        <Unicode>im</Unicode>
                    </TextEquiv>
                </Word>
                <TextEquiv>
                    <Unicode>undt so Er laugnen thäte beyde über 14 tag, wan Sie im</Unicode>
                </TextEquiv>
            </TextLine>
            <TextLine id="r4l3" custom="readingOrder {index:2;}">
                <Coords points="1999,508 2343,425 3019,473 3188,446 3187,374 3071,405 3007,361 2898,394 2734,354 2632,396 2572,348 2397,404 2342,360 2100,366 1997,420"/>
                <Baseline points="2006,482 2064,466 2123,452 2182,443 2240,435 2299,429 2358,426 2416,425 2475,425 2534,425 2593,428 2651,429 2710,432 2769,434 2827,437 2886,438 2945,440 3003,440 3062,438 3121,436 3180,432"/>
                <Word id="r4l3_w1" custom="readingOrder {index:0;}">
                    <Coords points="2036,417 2036,477 2160,477 2160,417"/>
                    <TextEquiv>
                        <Unicode>sandt</Unicode>
                    </TextEquiv>
                </Word>
                <Word id="r4l3_w2" custom="readingOrder {index:1;}">
                    <Coords points="2172,400 2172,460 2223,460 2223,400"/>
                    <TextEquiv>
                        <Unicode>sein</Unicode>
                    </TextEquiv>
                </Word>
                <Word id="r4l3_w3" custom="readingOrder {index:2;}">
                    <Coords points="2248,389 2248,449 2348,449 2348,389"/>
                    <TextEquiv>
                        <Unicode>wird</Unicode>
                    </TextEquiv>
                </Word>
                <Word id="r4l3_w4" custom="readingOrder {index:3;}">
                    <Coords points="2372,385 2372,445 2610,445 2610,385"/>
                    <TextEquiv>
                        <Unicode>mitnötigem</Unicode>
                    </TextEquiv>
                </Word>
                <Word id="r4l3_w5" custom="readingOrder {index:4;}">
                    <Coords points="2660,392 2660,452 2772,452 2772,392"/>
                    <TextEquiv>
                        <Unicode>beicht</Unicode>
                    </TextEquiv>
                </Word>
                <Word id="r4l3_w6" custom="readingOrder {index:5;}">
                    <Coords points="2810,397 2810,457 2847,457 2847,397"/>
                    <TextEquiv>
                        <Unicode>in</Unicode>
                    </TextEquiv>
                </Word>
                <Word id="r4l3_w7" custom="readingOrder {index:6;}">
                    <Coords points="2872,399 2872,459 2972,459 2972,399"/>
                    <TextEquiv>
                        <Unicode>gnädigen</Unicode>
                    </TextEquiv>
                </Word>
                <Word id="r4l3_w8" custom="readingOrder {index:7;}">
                    <Coords points="2984,399 2984,459 3071,459 3071,399"/>
                    <TextEquiv>
                        <Unicode>Herre</Unicode>
                    </TextEquiv>
                </Word>
                <Word id="r4l3_w9" custom="readingOrder {index:8;}">
                    <Coords points="3098,394 3098,454 3184,454 3184,394"/>
                    <TextEquiv>
                        <Unicode>habten</Unicode>
                    </TextEquiv>
                </Word>
                <TextEquiv>
                    <Unicode>sandt sein wird mitnötigem beicht in gnädigen Herre habten</Unicode>
                </TextEquiv>
            </TextLine>
            <TextLine id="r4l4" custom="readingOrder {index:3;}">
                <Coords points="2011,578 2303,532 2348,569 2473,511 2608,546 3202,524 3201,483 3046,449 2997,489 2778,446 2677,485 2544,427 2009,491"/>
                <Baseline points="2018,566 2076,553 2135,541 2194,532 2253,525 2312,520 2370,516 2429,515 2488,513 2547,513 2606,515 2664,516 2723,518 2782,519 2841,519 2900,521 2958,521 3017,521 3076,519 3135,516 3194,512"/>
                <Word id="r4l4_w1" custom="readingOrder {index:0;}">
                    <Coords points="2023,506 2023,566 2192,566 2192,506"/>
                    <TextEquiv>
                        <Unicode>zulaßen,</Unicode>
                    </TextEquiv>
                </Word>
                <Word id="r4l4_w2" custom="readingOrder {index:1;}">
                    <Coords points="2216,485 2216,545 2277,545 2277,485"/>
                    <TextEquiv>
                        <Unicode>die</Unicode>
                    </TextEquiv>
                </Word>
                <Word id="r4l4_w3" custom="readingOrder {index:2;}">
                    <Coords points="2301,475 2301,535 2458,535 2458,475"/>
                    <TextEquiv>
                        <Unicode>begehrte</Unicode>
                    </TextEquiv>
                </Word>
                <Word id="r4l4_w4" custom="readingOrder {index:3;}">
                    <Coords points="2482,473 2482,533 2664,533 2664,473"/>
                    <TextEquiv>
                        <Unicode>schidigung</Unicode>
                    </TextEquiv>
                </Word>
                <Word id="r4l4_w5" custom="readingOrder {index:4;}">
                    <Coords points="2702,478 2702,538 2762,538 2762,478"/>
                    <TextEquiv>
                        <Unicode>biß</Unicode>
                    </TextEquiv>
                </Word>
                <Word id="r4l4_w6" custom="readingOrder {index:5;}">
                    <Coords points="2798,480 2798,540 2956,540 2956,480"/>
                    <TextEquiv>
                        <Unicode>außsong</Unicode>
                    </TextEquiv>
                </Word>
                <Word id="r4l4_w7" custom="readingOrder {index:6;}">
                    <Coords points="2992,479 2992,539 3126,539 3126,479"/>
                    <TextEquiv>
                        <Unicode>handelt</Unicode>
                    </TextEquiv>
                </Word>
                <TextEquiv>
                    <Unicode>zulaßen, die begehrte schidigung biß außsong handelt</Unicode>
                </TextEquiv>
            </TextLine>
            <TextLine id="r4l5" custom="readingOrder {index:4;}">
                <Coords points="1997,658 2096,693 2264,610 2393,655 2632,596 3023,629 3146,607 3145,553 2985,519 2524,547 2468,512 2391,564 2241,538 1996,604"/>
                <Baseline points="2004,659 2060,642 2117,629 2174,620 2230,612 2287,606 2344,602 2400,599 2457,599 2514,599 2571,600 2627,602 2684,603 2741,606 2797,608 2854,609 2911,611 2967,611 3024,609 3081,606 3138,603"/>
                <Word id="r4l5_w1" custom="readingOrder {index:0;}">
                    <Coords points="2011,583 2011,643 2293,643 2293,583"/>
                    <TextEquiv>
                        <Unicode>verschiebende</Unicode>
                    </TextEquiv>
                </Word>
                <Word id="r4l5_w2" custom="readingOrder {index:1;}">
                    <Coords points="2332,561 2332,621 2370,621 2370,561"/>
                    <TextEquiv>
                        <Unicode>so</Unicode>
                    </TextEquiv>
                </Word>
                <Word id="r4l5_w3" custom="readingOrder {index:2;}">
                    <Coords points="2395,559 2395,619 2550,619 2550,559"/>
                    <TextEquiv>
                        <Unicode>hiemit</Unicode>
                    </TextEquiv>
                </Word>
                <Word id="r4l5_w4" custom="readingOrder {index:3;}">
                    <Coords points="2563,560 2563,620 2627,620 2627,560"/>
                    <TextEquiv>
                        <Unicode>dem</Unicode>
                    </TextEquiv>
                </Word>
                <Word id="r4l5_w5" custom="readingOrder {index:4;}">
                    <Coords points="2692,565 2692,625 2769,625 2769,565"/>
                    <TextEquiv>
                        <Unicode>Hhl.</Unicode>
                    </TextEquiv>
                </Word>
                <Word id="r4l5_w6" custom="readingOrder {index:5;}">
                    <Coords points="2794,570 2794,630 3026,630 3026,570"/>
                    <TextEquiv>
                        <Unicode>LandtVogt</Unicode>
                    </TextEquiv>
                </Word>
                <Word id="r4l5_w7" custom="readingOrder {index:6;}">
                    <Coords points="3051,565 3051,625 3141,625 3141,565"/>
                    <TextEquiv>
                        <Unicode>über</Unicode>
                    </TextEquiv>
                </Word>
                <TextEquiv>
                    <Unicode>verschiebende so hiemit dem Hhl. LandtVogt über</Unicode>
                </TextEquiv>
            </TextLine>
            <TextLine id="r4l6" custom="readingOrder {index:5;}">
                <Coords points="2009,780 2110,791 2405,694 2543,733 2610,679 2819,718 2972,687 2968,618 2443,619 2369,671 2260,630 2004,702"/>
                <Baseline points="2015,746 2062,735 2109,725 2157,717 2204,709 2252,704 2299,698 2347,693 2394,690 2442,687 2489,684 2536,683 2584,681 2631,681 2679,681 2726,681 2774,681 2821,681 2869,683 2916,683 2964,684"/>
                <Word id="r4l6_w1" custom="readingOrder {index:0;}">
                    <Coords points="2022,694 2022,754 2109,754 2109,694"/>
                    <TextEquiv>
                        <Unicode>sein</Unicode>
                    </TextEquiv>
                </Word>
                <Word id="r4l6_w2" custom="readingOrder {index:1;}">
                    <Coords points="2124,668 2124,728 2298,728 2298,668"/>
                    <TextEquiv>
                        <Unicode>schriben</Unicode>
                    </TextEquiv>
                </Word>
                <Word id="r4l6_w3" custom="readingOrder {index:2;}">
                    <Coords points="2327,645 2327,705 2618,705 2618,645"/>
                    <TextEquiv>
                        <Unicode>antwortlich</Unicode>
                    </TextEquiv>
                </Word>
                <Word id="r4l6_w4" custom="readingOrder {index:3;}">
                    <Coords points="2632,641 2632,701 2821,701 2821,641"/>
                    <TextEquiv>
                        <Unicode>verdeütet</Unicode>
                    </TextEquiv>
                </Word>
                <Word id="r4l6_w5" custom="readingOrder {index:4;}">
                    <Coords points="2850,643 2850,703 2982,703 2982,643"/>
                    <TextEquiv>
                        <Unicode>werden.</Unicode>
                    </TextEquiv>
                </Word>
                <TextEquiv>
                    <Unicode>sein schriben antwortlich verdeütet werden.</Unicode>
                </TextEquiv>
            </TextLine>
            <TextLine id="r4l7" custom="readingOrder {index:6;}">
                <Coords points="2021,939 2579,859 2664,908 2801,858 2999,900 3159,869 3155,773 3029,736 2871,828 2684,779 2488,802 2398,756 2223,829 2015,810"/>
                <Baseline points="2027,923 2083,911 2139,901 2195,892 2252,885 2308,879 2364,875 2420,872 2477,869 2533,866 2589,864 2645,864 2702,863 2758,863 2814,863 2870,861 2927,861 2983,860 3039,858 3095,857 3152,854"/>
                <Word id="r4l7_w1" custom="readingOrder {index:0;}">
                    <Coords points="2030,862 2030,922 2236,922 2236,862"/>
                    <TextEquiv>
                        <Unicode>Margreth</Unicode>
                    </TextEquiv>
                </Word>
                <Word id="r4l7_w2" custom="readingOrder {index:1;}">
                    <Coords points="2263,836 2263,896 2431,896 2431,836"/>
                    <TextEquiv>
                        <Unicode>Bernhardt</Unicode>
                    </TextEquiv>
                </Word>
                <Word id="r4l7_w3" custom="readingOrder {index:2;}">
                    <Coords points="2456,826 2456,886 2598,886 2598,826"/>
                    <TextEquiv>
                        <Unicode>Vilaus</Unicode>
                    </TextEquiv>
                </Word>
                <Word id="r4l7_w4" custom="readingOrder {index:3;}">
                    <Coords points="2611,823 2611,883 2741,883 2741,823"/>
                    <TextEquiv>
                        <Unicode>Lütl.</Unicode>
                    </TextEquiv>
                </Word>
                <Word id="r4l7_w5" custom="readingOrder {index:4;}">
                    <Coords points="2753,823 2753,883 2819,883 2819,823"/>
                    <TextEquiv>
                        <Unicode>von</Unicode>
                    </TextEquiv>
                </Word>
                <Word id="r4l7_w6" custom="readingOrder {index:5;}">
                    <Coords points="2883,819 2883,879 3129,879 3129,819"/>
                    <TextEquiv>
                        <Unicode>Rüedeßtiel</Unicode>
                    </TextEquiv>
                </Word>
                <TextEquiv>
                    <Unicode>Margreth Bernhardt Vilaus Lütl. von Rüedeßtiel</Unicode>
                </TextEquiv>
            </TextLine>
            <TextLine id="r4l8" custom="readingOrder {index:7;}">
                <Coords points="2072,1048 2375,956 2623,1008 2682,963 2788,993 2861,948 3212,949 3209,886 3112,859 2977,918 2509,881 2314,939 2197,897 2068,941"/>
                <Baseline points="2078,993 2134,986 2190,979 2246,973 2303,968 2359,963 2415,959 2472,956 2528,954 2584,951 2641,950 2697,948 2753,947 2809,947 2866,945 2922,945 2978,944 3035,942 3091,942 3147,941 3204,939"/>
                <Word id="r4l8_w1" custom="readingOrder {index:0;}">
                    <Coords points="2069,944 2069,1004 2225,1004 2225,944"/>
                    <TextEquiv>
                        <Unicode>Ehefrauw</Unicode>
                    </TextEquiv>
                </Word>
                <Word id="r4l8_w2" custom="readingOrder {index:1;}">
                    <Coords points="2273,924 2273,984 2417,984 2417,924"/>
                    <TextEquiv>
                        <Unicode>klagt</Unicode>
                    </TextEquiv>
                </Word>
                <Word id="r4l8_w3" custom="readingOrder {index:2;}">
                    <Coords points="2441,916 2441,976 2489,976 2489,916"/>
                    <TextEquiv>
                        <Unicode>der</Unicode>
                    </TextEquiv>
                </Word>
                <Word id="r4l8_w4" custom="readingOrder {index:3;}">
                    <Coords points="2512,909 2512,969 2789,969 2789,909"/>
                    <TextEquiv>
                        <Unicode>schwängerung</Unicode>
                    </TextEquiv>
                </Word>
                <Word id="r4l8_w5" custom="readingOrder {index:4;}">
                    <Coords points="2825,905 2825,965 2909,965 2909,905"/>
                    <TextEquiv>
                        <Unicode>halb</Unicode>
                    </TextEquiv>
                </Word>
                <Word id="r4l8_w6" custom="readingOrder {index:5;}">
                    <Coords points="2933,904 2933,964 2969,964 2969,904"/>
                    <TextEquiv>
                        <Unicode>an</Unicode>
                    </TextEquiv>
                </Word>
                <Word id="r4l8_w7" custom="readingOrder {index:6;}">
                    <Coords points="3004,902 3004,962 3149,962 3149,902"/>
                    <TextEquiv>
                        <Unicode>Andeß</Unicode>
                    </TextEquiv>
                </Word>
                <Word id="r4l8_w8" custom="readingOrder {index:7;}">
                    <Coords points="3172,899 3172,959 3222,959 3222,899"/>
                    <TextEquiv>
                        <Unicode>.</Unicode>
                    </TextEquiv>
                </Word>
                <TextEquiv>
                    <Unicode>Ehefrauw klagt der schwängerung halb an Andeß .</Unicode>
                </TextEquiv>
            </TextLine>
            <TextLine id="r4l9" custom="readingOrder {index:8;}">
                <Coords points="2050,1093 2380,1046 2665,1082 2771,1031 3133,1054 3199,1020 3197,970 2924,989 2851,955 2788,994 2741,957 2614,1016 2378,955 2048,1060"/>
                <Baseline points="2057,1083 2113,1074 2170,1065 2227,1059 2284,1053 2340,1047 2397,1044 2454,1041 2511,1039 2567,1037 2624,1035 2681,1034 2738,1034 2794,1034 2851,1032 2908,1032 2965,1031 3021,1029 3078,1028 3135,1026 3192,1023"/>
                <Word id="r4l9_w1" custom="readingOrder {index:0;}">
                    <Coords points="2060,1038 2060,1098 2105,1098 2105,1038"/>
                    <TextEquiv>
                        <Unicode>den</Unicode>
                    </TextEquiv>
                </Word>
                <Word id="r4l9_w2" custom="readingOrder {index:1;}">
                    <Coords points="2140,1021 2140,1081 2264,1081 2264,1021"/>
                    <TextEquiv>
                        <Unicode>Seiler</Unicode>
                    </TextEquiv>
                </Word>
                <Word id="r4l9_w3" custom="readingOrder {index:2;}">
                    <Coords points="2299,1007 2299,1067 2378,1067 2378,1007"/>
                    <TextEquiv>
                        <Unicode>Son</Unicode>
                    </TextEquiv>
                </Word>
                <Word id="r4l9_w4" custom="readingOrder {index:3;}">
                    <Coords points="2434,997 2434,1057 2684,1057 2684,997"/>
                    <TextEquiv>
                        <Unicode>eesingen,</Unicode>
                    </TextEquiv>
                </Word>
                <Word id="r4l9_w5" custom="readingOrder {index:4;}">
                    <Coords points="2708,994 2708,1054 2775,1054 2775,994"/>
                    <TextEquiv>
                        <Unicode>der</Unicode>
                    </TextEquiv>
                </Word>
                <Word id="r4l9_w6" custom="readingOrder {index:5;}">
                    <Coords points="2799,992 2799,1052 2866,1052 2866,992"/>
                    <TextEquiv>
                        <Unicode>Sie</Unicode>
                    </TextEquiv>
                </Word>
                <Word id="r4l9_w7" custom="readingOrder {index:6;}">
                    <Coords points="2879,992 2879,1052 2912,1052 2912,992"/>
                    <TextEquiv>
                        <Unicode>in</Unicode>
                    </TextEquiv>
                </Word>
                <Word id="r4l9_w8" custom="readingOrder {index:7;}">
                    <Coords points="2946,990 2946,1050 3014,1050 3014,990"/>
                    <TextEquiv>
                        <Unicode>H.</Unicode>
                    </TextEquiv>
                </Word>
                <Word id="r4l9_w9" custom="readingOrder {index:8;}">
                    <Coords points="3037,986 3037,1046 3196,1046 3196,986"/>
                    <TextEquiv>
                        <Unicode>Hechendes</Unicode>
                    </TextEquiv>
                </Word>
                <TextEquiv>
                    <Unicode>den Seiler Son eesingen, der Sie in H. Hechendes</Unicode>
                </TextEquiv>
            </TextLine>
            <TextLine id="r4l10" custom="readingOrder {index:9;}">
                <Coords points="2041,1171 3109,1099 2992,1027 2910,1070 2808,1033 2627,1110 2461,1052 2378,1096 2321,1062 2038,1116"/>
                <Baseline points="2048,1164 2100,1157 2153,1151 2205,1146 2258,1142 2311,1139 2363,1136 2416,1133 2469,1131 2521,1130 2574,1128 2627,1127 2679,1124 2732,1122 2785,1121 2837,1118 2890,1115 2943,1112 2995,1107 3048,1103 3101,1097"/>
                <Word id="r4l10_w1" custom="readingOrder {index:0;}">
                    <Coords points="2049,1118 2049,1178 2122,1178 2122,1118"/>
                    <TextEquiv>
                        <Unicode>hauß</Unicode>
                    </TextEquiv>
                </Word>
                <Word id="r4l10_w2" custom="readingOrder {index:1;}">
                    <Coords points="2166,1105 2166,1165 2262,1165 2262,1105"/>
                    <TextEquiv>
                        <Unicode>auff</Unicode>
                    </TextEquiv>
                </Word>
                <Word id="r4l10_w3" custom="readingOrder {index:2;}">
                    <Coords points="2283,1099 2283,1159 2338,1159 2338,1099"/>
                    <TextEquiv>
                        <Unicode>dem</Unicode>
                    </TextEquiv>
                </Word>
                <Word id="r4l10_w4" custom="readingOrder {index:3;}">
                    <Coords points="2380,1091 2380,1151 2551,1151 2551,1091"/>
                    <TextEquiv>
                        <Unicode>Stalden</Unicode>
                    </TextEquiv>
                </Word>
                <Word id="r4l10_w5" custom="readingOrder {index:4;}">
                    <Coords points="2583,1082 2583,1142 2851,1142 2851,1082"/>
                    <TextEquiv>
                        <Unicode>außgehendts</Unicode>
                    </TextEquiv>
                </Word>
                <Word id="r4l10_w6" custom="readingOrder {index:5;}">
                    <Coords points="2882,1069 2882,1129 3064,1129 3064,1069"/>
                    <TextEquiv>
                        <Unicode>haberets</Unicode>
                    </TextEquiv>
                </Word>
                <TextEquiv>
                    <Unicode>hauß auff dem Stalden außgehendts haberets</Unicode>
                </TextEquiv>
            </TextLine>
            <TextLine id="r4l11" custom="readingOrder {index:10;}">
                <Coords points="2040,1285 2269,1226 2373,1282 2487,1213 2835,1259 2962,1197 3034,1241 3223,1181 3219,1117 2033,1180"/>
                <Baseline points="2045,1247 2103,1241 2162,1236 2220,1232 2279,1228 2337,1224 2396,1221 2454,1218 2513,1215 2571,1212 2630,1209 2688,1207 2747,1203 2805,1200 2864,1197 2922,1194 2981,1189 3039,1185 3098,1179 3156,1174 3215,1167"/>
                <Word id="r4l11_w1" custom="readingOrder {index:0;}">
                    <Coords points="2048,1195 2048,1255 2289,1255 2289,1195"/>
                    <TextEquiv>
                        <Unicode>beschlaffen</Unicode>
                    </TextEquiv>
                </Word>
                <Word id="r4l11_w2" custom="readingOrder {index:1;}">
                    <Coords points="2352,1180 2352,1240 2467,1240 2467,1180"/>
                    <TextEquiv>
                        <Unicode>Cogl.</Unicode>
                    </TextEquiv>
                </Word>
                <Word id="r4l11_w3" custom="readingOrder {index:2;}">
                    <Coords points="2493,1174 2493,1234 2570,1234 2570,1174"/>
                    <TextEquiv>
                        <Unicode>Ihne</Unicode>
                    </TextEquiv>
                </Word>
                <Word id="r4l11_w4" custom="readingOrder {index:3;}">
                    <Coords points="2595,1168 2595,1228 2709,1228 2709,1168"/>
                    <TextEquiv>
                        <Unicode>Seike,</Unicode>
                    </TextEquiv>
                </Word>
                <Word id="r4l11_w5" custom="readingOrder {index:4;}">
                    <Coords points="2736,1162 2736,1222 2786,1222 2786,1162"/>
                    <TextEquiv>
                        <Unicode>wie</Unicode>
                    </TextEquiv>
                </Word>
                <Word id="r4l11_w6" custom="readingOrder {index:5;}">
                    <Coords points="2811,1157 2811,1217 2889,1217 2889,1157"/>
                    <TextEquiv>
                        <Unicode>auch</Unicode>
                    </TextEquiv>
                </Word>
                <Word id="r4l11_w7" custom="readingOrder {index:6;}">
                    <Coords points="2914,1152 2914,1212 2964,1212 2964,1152"/>
                    <TextEquiv>
                        <Unicode>der</Unicode>
                    </TextEquiv>
                </Word>
                <Word id="r4l11_w8" custom="readingOrder {index:7;}">
                    <Coords points="2990,1142 2990,1202 3130,1202 3130,1142"/>
                    <TextEquiv>
                        <Unicode>luthl.</Unicode>
                    </TextEquiv>
                </Word>
                <Word id="r4l11_w9" custom="readingOrder {index:8;}">
                    <Coords points="3143,1131 3143,1191 3218,1191 3218,1131"/>
                    <TextEquiv>
                        <Unicode>undt</Unicode>
                    </TextEquiv>
                </Word>
                <TextEquiv>
                    <Unicode>beschlaffen Cogl. Ihne Seike, wie auch der luthl. undt</Unicode>
                </TextEquiv>
            </TextLine>
            <TextLine id="r4l12" custom="readingOrder {index:11;}">
                <Coords points="2059,1391 2214,1340 2865,1354 2930,1296 3231,1298 3228,1242 3153,1194 2865,1265 2475,1227 2373,1282 2300,1242 2053,1289"/>
                <Baseline points="2063,1341 2120,1334 2178,1328 2236,1321 2294,1315 2352,1311 2410,1307 2468,1303 2526,1299 2584,1296 2642,1293 2699,1291 2757,1289 2815,1287 2873,1284 2931,1283 2989,1280 3047,1278 3105,1275 3163,1273 3221,1269"/>
                <Word id="r4l12_w1" custom="readingOrder {index:0;}">
                    <Coords points="2055,1298 2055,1358 2119,1358 2119,1298"/>
                    <TextEquiv>
                        <Unicode>H.</Unicode>
                    </TextEquiv>
                </Word>
                <Word id="r4l12_w2" custom="readingOrder {index:1;}">
                    <Coords points="2144,1281 2144,1341 2324,1341 2324,1281"/>
                    <TextEquiv>
                        <Unicode>Zechenters</Unicode>
                    </TextEquiv>
                </Word>
                <Word id="r4l12_w3" custom="readingOrder {index:2;}">
                    <Coords points="2337,1267 2337,1327 2479,1327 2479,1267"/>
                    <TextEquiv>
                        <Unicode>magdt</Unicode>
                    </TextEquiv>
                </Word>
                <Word id="r4l12_w4" custom="readingOrder {index:3;}">
                    <Coords points="2493,1258 2493,1318 2583,1318 2583,1258"/>
                    <TextEquiv>
                        <Unicode>auff</Unicode>
                    </TextEquiv>
                </Word>
                <Word id="r4l12_w5" custom="readingOrder {index:4;}">
                    <Coords points="2621,1250 2621,1310 2788,1310 2788,1250"/>
                    <TextEquiv>
                        <Unicode>dorßag</Unicode>
                    </TextEquiv>
                </Word>
                <Word id="r4l12_w6" custom="readingOrder {index:5;}">
                    <Coords points="2828,1243 2828,1303 2982,1303 2982,1243"/>
                    <TextEquiv>
                        <Unicode>morgens</Unicode>
                    </TextEquiv>
                </Word>
                <Word id="r4l12_w7" custom="readingOrder {index:6;}">
                    <Coords points="3021,1238 3021,1298 3046,1298 3046,1238"/>
                    <TextEquiv>
                        <Unicode>zu</Unicode>
                    </TextEquiv>
                </Word>
                <Word id="r4l12_w8" custom="readingOrder {index:7;}">
                    <Coords points="3084,1233 3084,1293 3241,1293 3241,1233"/>
                    <TextEquiv>
                        <Unicode>Citisen¬</Unicode>
                    </TextEquiv>
                </Word>
                <TextEquiv>
                    <Unicode>H. Zechenters magdt auff dorßag morgens zu Citisen¬</Unicode>
                </TextEquiv>
            </TextLine>
            <TextLine id="r4l13" custom="readingOrder {index:12;}">
                <Coords points="2072,1523 3136,1462 3240,1448 3235,1369 2065,1427"/>
                <Baseline points="2078,1503 2135,1498 2193,1493 2250,1488 2308,1484 2366,1481 2423,1478 2481,1475 2538,1472 2596,1469 2654,1467 2711,1464 2769,1461 2826,1458 2884,1454 2942,1449 2999,1445 3057,1439 3114,1432 3172,1426 3230,1416"/>
                <Word id="r4l13_w1" custom="readingOrder {index:0;}">
                    <Coords points="2065,1459 2065,1519 2177,1519 2177,1459"/>
                    <TextEquiv>
                        <Unicode>Catri</Unicode>
                    </TextEquiv>
                </Word>
                <Word id="r4l13_w2" custom="readingOrder {index:1;}">
                    <Coords points="2217,1442 2217,1502 2472,1502 2472,1442"/>
                    <TextEquiv>
                        <Unicode>Schenkauß</Unicode>
                    </TextEquiv>
                </Word>
                <Word id="r4l13_w3" custom="readingOrder {index:2;}">
                    <Coords points="2514,1431 2514,1491 2564,1491 2564,1431"/>
                    <TextEquiv>
                        <Unicode>dem</Unicode>
                    </TextEquiv>
                </Word>
                <Word id="r4l13_w4" custom="readingOrder {index:3;}">
                    <Coords points="2616,1424 2616,1484 2779,1484 2779,1424"/>
                    <TextEquiv>
                        <Unicode>Eggiuiel</Unicode>
                    </TextEquiv>
                </Word>
                <Word id="r4l13_w5" custom="readingOrder {index:4;}">
                    <Coords points="2820,1413 2820,1473 2953,1473 2953,1413"/>
                    <TextEquiv>
                        <Unicode>bekent</Unicode>
                    </TextEquiv>
                </Word>
                <Word id="r4l13_w6" custom="readingOrder {index:5;}">
                    <Coords points="2973,1404 2973,1464 3035,1464 3035,1404"/>
                    <TextEquiv>
                        <Unicode>mit</Unicode>
                    </TextEquiv>
                </Word>
                <Word id="r4l13_w7" custom="readingOrder {index:6;}">
                    <Coords points="3065,1387 3065,1447 3250,1447 3250,1387"/>
                    <TextEquiv>
                        <Unicode>hauß¬</Unicode>
                    </TextEquiv>
                </Word>
                <TextEquiv>
                    <Unicode>Catri Schenkauß dem Eggiuiel bekent mit hauß¬</Unicode>
                </TextEquiv>
            </TextLine>
            <TextLine id="r4l14" custom="readingOrder {index:13;}">
                <Coords points="2080,1607 2258,1623 2482,1570 2638,1614 2822,1538 3208,1511 3205,1472 3090,1441 2869,1508 2672,1480 2619,1540 2440,1479 2318,1531 2075,1529"/>
                <Baseline points="2087,1593 2142,1588 2198,1583 2253,1578 2309,1574 2365,1570 2420,1566 2476,1563 2532,1560 2587,1556 2643,1553 2699,1550 2754,1547 2810,1542 2866,1537 2921,1533 2977,1527 3033,1522 3088,1515 3144,1509 3200,1500"/>
                <Word id="r4l14_w1" custom="readingOrder {index:0;}">
                    <Coords points="2089,1541 2089,1601 2343,1601 2343,1541"/>
                    <TextEquiv>
                        <Unicode>Nurfenacht</Unicode>
                    </TextEquiv>
                </Word>
                <Word id="r4l14_w2" custom="readingOrder {index:1;}">
                    <Coords points="2379,1525 2379,1585 2464,1585 2464,1525"/>
                    <TextEquiv>
                        <Unicode>von</Unicode>
                    </TextEquiv>
                </Word>
                <Word id="r4l14_w3" custom="readingOrder {index:2;}">
                    <Coords points="2512,1512 2512,1572 2804,1572 2804,1512"/>
                    <TextEquiv>
                        <Unicode>Kürdersweil</Unicode>
                    </TextEquiv>
                </Word>
                <Word id="r4l14_w4" custom="readingOrder {index:3;}">
                    <Coords points="2852,1495 2852,1555 2914,1555 2914,1495"/>
                    <TextEquiv>
                        <Unicode>Ein</Unicode>
                    </TextEquiv>
                </Word>
                <Word id="r4l14_w5" custom="readingOrder {index:4;}">
                    <Coords points="2950,1483 2950,1543 3084,1543 3084,1483"/>
                    <TextEquiv>
                        <Unicode>kint</Unicode>
                    </TextEquiv>
                </Word>
                <Word id="r4l14_w6" custom="readingOrder {index:5;}">
                    <Coords points="3096,1471 3096,1531 3144,1531 3144,1471"/>
                    <TextEquiv>
                        <Unicode>im</Unicode>
                    </TextEquiv>
                </Word>
                <TextEquiv>
                    <Unicode>Nurfenacht von Kürdersweil Ein kint im</Unicode>
                </TextEquiv>
            </TextLine>
            <TextLine id="r4l15" custom="readingOrder {index:14;}">
                <Coords points="2060,1740 2209,1666 2364,1704 2601,1628 2774,1683 2938,1629 2998,1658 3239,1607 3232,1512 2765,1590 2701,1563 2637,1614 2478,1573 2296,1621 2145,1599 2053,1653"/>
                <Baseline points="2063,1688 2121,1682 2179,1676 2238,1669 2296,1664 2354,1659 2413,1654 2471,1650 2529,1646 2588,1643 2646,1638 2704,1634 2763,1631 2821,1626 2879,1622 2938,1618 2996,1613 3054,1607 3113,1602 3171,1596 3230,1589"/>
                <Word id="r4l15_w1" custom="readingOrder {index:0;}">
                    <Coords points="2055,1628 2055,1688 2435,1688 2435,1628"/>
                    <TextEquiv>
                        <Unicode>Ehebrucherzeuget</Unicode>
                    </TextEquiv>
                </Word>
                <Word id="r4l15_w2" custom="readingOrder {index:1;}">
                    <Coords points="2487,1605 2487,1665 2580,1665 2580,1605"/>
                    <TextEquiv>
                        <Unicode>haben</Unicode>
                    </TextEquiv>
                </Word>
                <Word id="r4l15_w3" custom="readingOrder {index:2;}">
                    <Coords points="2645,1595 2645,1655 2710,1655 2710,1595"/>
                    <TextEquiv>
                        <Unicode>der</Unicode>
                    </TextEquiv>
                </Word>
                <Word id="r4l15_w4" custom="readingOrder {index:3;}">
                    <Coords points="2750,1591 2750,1651 2776,1651 2776,1591"/>
                    <TextEquiv>
                        <Unicode>zu</Unicode>
                    </TextEquiv>
                </Word>
                <Word id="r4l15_w5" custom="readingOrder {index:4;}">
                    <Coords points="2841,1577 2841,1637 3050,1637 3050,1577"/>
                    <TextEquiv>
                        <Unicode>dießbach</Unicode>
                    </TextEquiv>
                </Word>
                <Word id="r4l15_w6" custom="readingOrder {index:5;}">
                    <Coords points="3063,1561 3063,1621 3182,1621 3182,1561"/>
                    <TextEquiv>
                        <Unicode>deßen</Unicode>
                    </TextEquiv>
                </Word>
                <TextEquiv>
                    <Unicode>Ehebrucherzeuget haben der zu dießbach deßen</Unicode>
                </TextEquiv>
            </TextLine>
            <TextLine id="r4l16" custom="readingOrder {index:15;}">
                <Coords points="2039,1820 2491,1738 2539,1777 2750,1736 2841,1786 2953,1713 3205,1705 3218,1625 2937,1639 2881,1691 2458,1656 2306,1718 2211,1665 2035,1751"/>
                <Baseline points="2045,1782 2103,1776 2162,1769 2220,1763 2279,1758 2337,1754 2396,1749 2454,1745 2513,1742 2571,1739 2630,1736 2688,1731 2747,1728 2805,1725 2864,1721 2922,1718 2981,1713 3039,1709 3098,1703 3156,1697 3215,1691"/>
                <Word id="r4l16_w1" custom="readingOrder {index:0;}">
                    <Coords points="2051,1728 2051,1788 2289,1788 2289,1728"/>
                    <TextEquiv>
                        <Unicode>geständig</Unicode>
                    </TextEquiv>
                </Word>
                <Word id="r4l16_w2" custom="readingOrder {index:1;}">
                    <Coords points="2315,1709 2315,1769 2476,1769 2476,1709"/>
                    <TextEquiv>
                        <Unicode>gewosen</Unicode>
                    </TextEquiv>
                </Word>
                <Word id="r4l16_w3" custom="readingOrder {index:2;}">
                    <Coords points="2502,1699 2502,1759 2608,1759 2608,1699"/>
                    <TextEquiv>
                        <Unicode>Cogl.</Unicode>
                    </TextEquiv>
                </Word>
                <Word id="r4l16_w4" custom="readingOrder {index:3;}">
                    <Coords points="2634,1692 2634,1752 2701,1752 2701,1692"/>
                    <TextEquiv>
                        <Unicode>Sie</Unicode>
                    </TextEquiv>
                </Word>
                <Word id="r4l16_w5" custom="readingOrder {index:4;}">
                    <Coords points="2740,1682 2740,1742 2953,1742 2953,1682"/>
                    <TextEquiv>
                        <Unicode>abbießen,</Unicode>
                    </TextEquiv>
                </Word>
                <Word id="r4l16_w6" custom="readingOrder {index:5;}">
                    <Coords points="2979,1670 2979,1730 3059,1730 3059,1670"/>
                    <TextEquiv>
                        <Unicode>undt</Unicode>
                    </TextEquiv>
                </Word>
                <Word id="r4l16_w7" custom="readingOrder {index:6;}">
                    <Coords points="3085,1660 3085,1720 3152,1720 3152,1660"/>
                    <TextEquiv>
                        <Unicode>den</Unicode>
                    </TextEquiv>
                </Word>
                <TextEquiv>
                    <Unicode>geständig gewosen Cogl. Sie abbießen, undt den</Unicode>
                </TextEquiv>
            </TextLine>
            <TextLine id="r4l17" custom="readingOrder {index:16;}">
                <Coords points="2039,1897 2102,1930 2183,1886 2226,1905 2333,1870 2486,1900 2586,1868 2668,1886 2805,1813 2858,1819 2855,1782 2775,1787 2721,1749 2540,1777 2489,1743 2287,1800 2234,1761 2034,1834"/>
                <Baseline points="2045,1875 2085,1870 2125,1866 2165,1862 2205,1858 2246,1854 2286,1851 2326,1848 2366,1846 2406,1842 2447,1839 2487,1837 2527,1835 2567,1831 2607,1829 2648,1825 2688,1821 2728,1818 2768,1813 2808,1809 2849,1803"/>
                <Word id="r4l17_w1" custom="readingOrder {index:0;}">
                    <Coords points="2054,1819 2054,1879 2326,1879 2326,1819"/>
                    <TextEquiv>
                        <Unicode>Künffenacht</Unicode>
                    </TextEquiv>
                </Word>
                <Word id="r4l17_w2" custom="readingOrder {index:1;}">
                    <Coords points="2341,1802 2341,1862 2453,1862 2453,1802"/>
                    <TextEquiv>
                        <Unicode>auf</Unicode>
                    </TextEquiv>
                </Word>
                <Word id="r4l17_w3" custom="readingOrder {index:2;}">
                    <Coords points="2469,1796 2469,1856 2532,1856 2532,1796"/>
                    <TextEquiv>
                        <Unicode>den</Unicode>
                    </TextEquiv>
                </Word>
                <Word id="r4l17_w4" custom="readingOrder {index:3;}">
                    <Coords points="2563,1789 2563,1849 2629,1849 2629,1789"/>
                    <TextEquiv>
                        <Unicode>tag</Unicode>
                    </TextEquiv>
                </Word>
                <Word id="r4l17_w5" custom="readingOrder {index:4;}">
                    <Coords points="2659,1773 2659,1833 2868,1833 2868,1773"/>
                    <TextEquiv>
                        <Unicode>Eltiem.</Unicode>
                    </TextEquiv>
                </Word>
                <TextEquiv>
                    <Unicode>Künffenacht auf den tag Eltiem.</Unicode>
                </TextEquiv>
            </TextLine>
            <TextLine id="r4l18" custom="readingOrder {index:17;}">
                <Coords points="2180,2079 2385,2045 2515,1976 2596,2019 2667,1974 2934,2007 2977,1985 2971,1907 2824,1903 2765,1864 2562,1938 2373,1899 2340,1929 2277,1893 2168,1923"/>
                <Baseline points="2183,2018 2222,2013 2261,2008 2300,2004 2339,2001 2378,1997 2417,1993 2457,1989 2496,1987 2535,1983 2574,1980 2613,1976 2652,1974 2691,1972 2731,1968 2770,1965 2809,1962 2848,1960 2887,1958 2926,1955 2966,1952"/>
                <Word id="r4l18_w1" custom="readingOrder {index:0;}">
                    <Coords points="2205,1961 2205,2021 2465,2021 2465,1961"/>
                    <TextEquiv>
                        <Unicode>Sonstags</Unicode>
                    </TextEquiv>
                </Word>
                <Word id="r4l18_w2" custom="readingOrder {index:1;}">
                    <Coords points="2499,1943 2499,2003 2562,2003 2562,1943"/>
                    <TextEquiv>
                        <Unicode>den</Unicode>
                    </TextEquiv>
                </Word>
                <Word id="r4l18_w3" custom="readingOrder {index:2;}">
                    <Coords points="2580,1934 2580,1994 2693,1994 2693,1934"/>
                    <TextEquiv>
                        <Unicode>29ten</Unicode>
                    </TextEquiv>
                </Word>
                <Word id="r4l18_w4" custom="readingOrder {index:3;}">
                    <Coords points="2709,1925 2709,1985 2806,1985 2806,1925"/>
                    <TextEquiv>
                        <Unicode>Jan.</Unicode>
                    </TextEquiv>
                </Word>
                <Word id="r4l18_w5" custom="readingOrder {index:4;}">
                    <Coords points="2824,1916 2824,1976 2987,1976 2987,1916"/>
                    <TextEquiv>
                        <Unicode>1733.</Unicode>
                    </TextEquiv>
                </Word>
                <TextEquiv>
                    <Unicode>Sonstags den 29ten Jan. 1733.</Unicode>
                </TextEquiv>
            </TextLine>
            <TextLine id="r4l19" custom="readingOrder {index:18;}">
                <Coords points="2378,2121 2544,2077 2560,2088 2611,2074 2638,2093 2666,2071 2719,2060 2712,2008 2667,2000 2623,2027 2510,1983 2430,2039 2368,2041"/>
                <Baseline points="2384,2109 2409,2103 2434,2097 2459,2091 2484,2086 2510,2082 2535,2079 2560,2076 2585,2073 2611,2071 2636,2069 2661,2067 2686,2066 2712,2064"/>
                <Word id="r4l19_w1" custom="readingOrder {index:0;}">
                    <Coords points="2411,2036 2411,2096 2701,2096 2701,2036"/>
                    <TextEquiv>
                        <Unicode>Statthalter</Unicode>
                    </TextEquiv>
                </Word>
                <TextEquiv>
                    <Unicode>Statthalter</Unicode>
                </TextEquiv>
            </TextLine>
            <TextLine id="r4l20" custom="readingOrder {index:19;}">
                <Coords points="2207,2220 2268,2240 2374,2173 2489,2172 2531,2194 2598,2154 2810,2143 2807,2083 2722,2105 2617,2088 2527,2123 2342,2107 2310,2138 2289,2123 2200,2158"/>
                <Baseline points="2210,2184 2239,2183 2269,2183 2299,2180 2328,2177 2358,2175 2388,2172 2417,2169 2447,2167 2477,2162 2507,2159 2536,2155 2566,2152 2596,2149 2625,2145 2655,2142 2685,2139 2714,2137 2744,2134 2774,2132 2804,2130"/>
                <Word id="r4l20_w1" custom="readingOrder {index:0;}">
                    <Coords points="2203,2136 2203,2196 2464,2196 2464,2136"/>
                    <TextEquiv>
                        <Unicode>Menger</Unicode>
                    </TextEquiv>
                </Word>
                <Word id="r4l20_w2" custom="readingOrder {index:1;}">
                    <Coords points="2477,2117 2477,2177 2560,2177 2560,2117"/>
                    <TextEquiv>
                        <Unicode>re</Unicode>
                    </TextEquiv>
                </Word>
                <Word id="r4l20_w3" custom="readingOrder {index:2;}">
                    <Coords points="2670,2094 2670,2154 2808,2154 2808,2094"/>
                    <TextEquiv>
                        <Unicode>Muller</Unicode>
                    </TextEquiv>
                </Word>
                <TextEquiv>
                    <Unicode>Menger re  Muller</Unicode>
                </TextEquiv>
            </TextLine>
            <TextLine id="r4l21" custom="readingOrder {index:20;}">
                <Coords points="2427,2299 2451,2283 2477,2290 2535,2268 2558,2272 2588,2235 2626,2229 2674,2201 2722,2199 2717,2165 2654,2172 2619,2158 2575,2187 2505,2169 2463,2192 2412,2195"/>
                <Baseline points="2426,2237 2452,2233 2478,2229 2504,2225 2530,2220 2556,2216 2583,2212 2609,2208 2635,2205 2661,2202 2687,2199 2714,2198"/>
                <Word id="r4l21_w1" custom="readingOrder {index:0;}">
                    <Coords points="2442,2172 2442,2232 2717,2232 2717,2172"/>
                    <TextEquiv>
                        <Unicode>Apsessores</Unicode>
                    </TextEquiv>
                </Word>
                <TextEquiv>
                    <Unicode>Apsessores</Unicode>
                </TextEquiv>
            </TextLine>
            <TextLine id="r4l22" custom="readingOrder {index:21;}">
                <Coords points="2065,2385 2104,2392 2147,2383 2190,2347 2243,2358 2237,2260 2208,2268 2174,2257 2149,2272 2126,2258 2096,2268 2076,2257 2057,2261"/>
                <Baseline points="2069,2336 2096,2335 2124,2334 2151,2331 2179,2329 2206,2328 2234,2327"/>
                <Word id="r4l22_w1" custom="readingOrder {index:0;}">
                    <Coords points="2060,2294 2060,2354 2134,2354 2134,2294"/>
                    <TextEquiv>
                        <Unicode>Me</Unicode>
                    </TextEquiv>
                </Word>
                <Word id="r4l22_w2" custom="readingOrder {index:1;}">
                    <Coords points="2149,2288 2149,2348 2253,2348 2253,2288"/>
                    <TextEquiv>
                        <Unicode>gdg</Unicode>
                    </TextEquiv>
                </Word>
                <TextEquiv>
                    <Unicode>Me gdg</Unicode>
                </TextEquiv>
            </TextLine>
            <TextLine id="r4l23" custom="readingOrder {index:22;}">
                <Coords points="2066,2554 2140,2486 2520,2504 2575,2456 2657,2484 2741,2440 3184,2427 3228,2410 3224,2346 2775,2361 2686,2419 2564,2355 2397,2420 2167,2382 2059,2451"/>
                <Baseline points="2069,2484 2126,2483 2184,2480 2241,2477 2299,2473 2357,2469 2414,2466 2472,2461 2529,2456 2587,2452 2645,2448 2702,2442 2760,2438 2817,2433 2875,2429 2933,2425 2990,2421 3048,2418 3105,2415 3163,2412 3221,2411"/>
                <Word id="r4l23_w1" custom="readingOrder {index:0;}">
                    <Coords points="2072,2440 2072,2500 2285,2500 2285,2440"/>
                    <TextEquiv>
                        <Unicode>Erscheint</Unicode>
                    </TextEquiv>
                </Word>
                <Word id="r4l23_w2" custom="readingOrder {index:1;}">
                    <Coords points="2309,2429 2309,2489 2404,2489 2404,2429"/>
                    <TextEquiv>
                        <Unicode>Hanß</Unicode>
                    </TextEquiv>
                </Word>
                <Word id="r4l23_w3" custom="readingOrder {index:2;}">
                    <Coords points="2476,2410 2476,2470 2738,2470 2738,2410"/>
                    <TextEquiv>
                        <Unicode>Rufenacht</Unicode>
                    </TextEquiv>
                </Word>
                <Word id="r4l23_w4" custom="readingOrder {index:3;}">
                    <Coords points="2773,2393 2773,2453 2845,2453 2845,2393"/>
                    <TextEquiv>
                        <Unicode>von</Unicode>
                    </TextEquiv>
                </Word>
                <Word id="r4l23_w5" custom="readingOrder {index:4;}">
                    <Coords points="2869,2378 2869,2438 3189,2438 3189,2378"/>
                    <TextEquiv>
                        <Unicode>Kündersbeill</Unicode>
                    </TextEquiv>
                </Word>
                <TextEquiv>
                    <Unicode>Erscheint Hanß Rufenacht von Kündersbeill</Unicode>
                </TextEquiv>
            </TextLine>
            <TextLine id="r4l24" custom="readingOrder {index:23;}">
                <Coords points="2080,2576 2425,2559 2645,2602 2946,2565 3028,2506 3297,2514 3291,2432 3221,2426 3081,2432 3029,2481 2941,2443 2661,2489 2597,2457 2521,2504 2226,2491 2078,2547"/>
                <Baseline points="2087,2570 2147,2568 2207,2565 2267,2562 2327,2559 2387,2555 2447,2551 2507,2546 2567,2540 2627,2535 2687,2530 2747,2525 2807,2521 2867,2515 2927,2511 2987,2507 3047,2502 3107,2501 3167,2498 3227,2496 3287,2495"/>
                <Word id="r4l24_w1" custom="readingOrder {index:0;}">
                    <Coords points="2091,2528 2091,2588 2151,2588 2151,2528"/>
                    <TextEquiv>
                        <Unicode>der</Unicode>
                    </TextEquiv>
                </Word>
                <Word id="r4l24_w2" custom="readingOrder {index:1;}">
                    <Coords points="2175,2522 2175,2582 2343,2582 2343,2522"/>
                    <TextEquiv>
                        <Unicode>bekent</Unicode>
                    </TextEquiv>
                </Word>
                <Word id="r4l24_w3" custom="readingOrder {index:2;}">
                    <Coords points="2380,2510 2380,2570 2523,2570 2523,2510"/>
                    <TextEquiv>
                        <Unicode>Vatter</Unicode>
                    </TextEquiv>
                </Word>
                <Word id="r4l24_w4" custom="readingOrder {index:3;}">
                    <Coords points="2560,2498 2560,2558 2620,2558 2620,2498"/>
                    <TextEquiv>
                        <Unicode>deß</Unicode>
                    </TextEquiv>
                </Word>
                <Word id="r4l24_w5" custom="readingOrder {index:4;}">
                    <Coords points="2656,2489 2656,2549 2729,2549 2729,2489"/>
                    <TextEquiv>
                        <Unicode>von</Unicode>
                    </TextEquiv>
                </Word>
                <Word id="r4l24_w6" custom="readingOrder {index:5;}">
                    <Coords points="2753,2480 2753,2540 2873,2540 2873,2480"/>
                    <TextEquiv>
                        <Unicode>Cathri</Unicode>
                    </TextEquiv>
                </Word>
                <Word id="r4l24_w7" custom="readingOrder {index:6;}">
                    <Coords points="2897,2467 2897,2527 3053,2527 3053,2467"/>
                    <TextEquiv>
                        <Unicode>Schenk</Unicode>
                    </TextEquiv>
                </Word>
                <Word id="r4l24_w8" custom="readingOrder {index:7;}">
                    <Coords points="3089,2460 3089,2520 3149,2520 3149,2460"/>
                    <TextEquiv>
                        <Unicode>von</Unicode>
                    </TextEquiv>
                </Word>
                <Word id="r4l24_w9" custom="readingOrder {index:8;}">
                    <Coords points="3174,2455 3174,2515 3307,2515 3307,2455"/>
                    <TextEquiv>
                        <Unicode>Eggi¬</Unicode>
                    </TextEquiv>
                </Word>
                <TextEquiv>
                    <Unicode>der bekent Vatter deß von Cathri Schenk von Eggi¬</Unicode>
                </TextEquiv>
            </TextLine>
            <TextLine id="r4l25" custom="readingOrder {index:24;}">
                <Coords points="3136,2580 3156,2581 3229,2614 3247,2610 3285,2616 3281,2532 3256,2536 3219,2518 3213,2525 3206,2520 3181,2545 3156,2528 3134,2531"/>
                <Baseline points="3143,2573 3169,2571 3195,2570 3222,2569 3248,2568 3275,2567"/>
                <Word id="r4l25_w1" custom="readingOrder {index:0;}">
                    <Coords points="3132,2530 3132,2590 3240,2590 3240,2530"/>
                    <TextEquiv>
                        <Unicode>weill</Unicode>
                    </TextEquiv>
                </Word>
                <TextEquiv>
                    <Unicode>weill</Unicode>
                </TextEquiv>
            </TextLine>
            <TextEquiv>
                <Unicode></Unicode>
            </TextEquiv>
        </TextRegion>
    </Page>
</PcGts>
