4032 3024
458 340 551 400 170f

449 446 588 506 Schamnb
603 424 715 484 Hatbr

433 513 734 573 geseiedthaus

460 870 570 930 Fintz
585 847 707 907 Kinders

449 961 538 1021 Gns
555 944 608 1004 ond
625 929 768 989 Krge.

482 2273 658 2333 Baltman̄n
667 2273 744 2333 Hans

475 2351 581 2411 heisli
604 2347 732 2407 Salome

751 326 845 386 bill
878 306 987 366 Ihme
1021 279 1321 339 zugengneten
1337 274 1495 334 kindts
1511 291 1622 351 husen
1638 313 1716 373 sd

763 407 840 467 hatt
855 388 1042 448 angelobt
1057 362 1227 422 selbiges
1274 346 1336 406 als
1366 341 1428 401 das
1460 348 1645 408 Geitnge
1660 374 1723 434 auf

765 496 831 556 und
856 473 1156 533 anzunemmen,
1170 447 1287 507 worbn
1314 439 1365 499 in
1379 436 1483 496 gnädigen
1495 436 1601 496 Herrn
1613 447 1719 507 Jene¬

753 578 866 638 sihs
887 560 956 620 oab
1000 536 1180 596 uchlich
1202 514 1516 574 zubebenten
1563 527 1722 587 beyen

748 668 808 728 venß
840 640 1103 700 abbuesung
1150 606 1365 666 gehalten,
1382 596 1475 656 deße
1505 596 1567 656 Ad.
1582 600 1613 660 an
1630 611 1785 671 Santels

735 724 807 784 nuch
820 706 962 766 getelt

780 790 940 850 geschinet
976 768 1048 828 min
1083 752 1228 812 anders
1246 740 1371 800 Kirch
1406 736 1461 796 vor
1496 738 1658 798 Erswren
1676 748 1729 808 und

769 870 903 930 bekent
939 855 988 915 die
1011 837 1194 897 Margreth
1218 813 1399 873 Gernhard
1436 807 1582 867 Millauß
1617 824 1765 884 Ertfhisten

755 947 1047 1007 Prundesbald
1085 919 1212 979 chefel.
1230 910 1286 970 den
1303 904 1359 964 23.
1377 900 1542 960 Funstag
1580 900 1615 960 in
1651 908 1745 968 Jug.

768 1032 857 1092 1732
887 1022 916 1082 en
947 1012 1006 1072 H.
1035 993 1214 1053 achenders
1246 976 1333 1036 Hauß
1379 965 1588 1025 beschlaffen
1602 968 1632 1028 zu
1663 976 1753 1036 haben

753 1115 870 1175 Jahro
899 1095 1002 1155 beyde
1033 1080 1090 1140 zus
1119 1058 1370 1118 abbüestung
1413 1045 1605 1105 gehalten
1619 1051 1722 1111 indei

767 1191 890 1251 waches
910 1174 1053 1234 haße
1071 1159 1124 1219 bey
1177 1137 1410 1197 Guegdrf
1428 1124 1571 1184 Eeklent
1606 1131 1767 1191 worden,

758 1280 835 1340 der
865 1256 1052 1316 Sornhard
1083 1237 1115 1297 so
1145 1230 1192 1290 zu
1240 1214 1425 1274 Goldbach
1440 1205 1502 1265 auf
1534 1203 1580 1263 der
1612 1202 1752 1262 Mule¬

779 1341 1029 1401 bundtsligen
1057 1322 1175 1382 bolle,
1201 1310 1241 1370 in
1280 1300 1373 1360 ihrer
1411 1287 1557 1347 gemißt
1583 1283 1676 1343 lasch
1703 1286 1796 1346 lborg.

776 1426 869 1486 Erd.
894 1420 929 1480 de
964 1413 1024 1473 Ao
1059 1401 1176 1461 170.
1200 1384 1412 1444 Craminier
1472 1369 1530 1429 min
1542 1364 1637 1424 gnädigen
1648 1363 1731 1423 Hr

770 1505 918 1565 hruß
950 1490 1130 1550 komenden
1146 1475 1295 1535 bericht
1329 1464 1377 1524 zu
1411 1453 1575 1513 laßen.
1591 1441 1673 1501 Den

765 1590 845 1650 zede
962 1576 1019 1636 eig
1030 1569 1136 1629 gndigr
1147 1560 1240 1620 Heen
1251 1554 1297 1614 die
1321 1547 1471 1607 Birchen
1482 1539 1611 1599 Elteß
1656 1533 1692 1593 in
1703 1530 1749 1590 der

780 1667 894 1727 Vgieb
936 1650 1150 1710 gemeind,
1164 1640 1264 1700 bolle
1292 1628 1520 1688 verlauten,
1534 1616 1576 1676 ob
1604 1603 1746 1663 buedend

779 1744 815 1804 ien
827 1738 912 1798 herre
935 1730 1008 1790 arln
1020 1721 1225 1781 zechenders
1249 1711 1346 1771 hauß
1383 1705 1454 1765 auf
1480 1698 1539 1758 dem
1600 1685 1744 1745 Stallden

792 1817 958 1877 allerhand
983 1806 1088 1866 leüth
1123 1795 1289 1855 mann-
1306 1784 1393 1844 und
1419 1773 1646 1833 weiblichen
1663 1762 1811 1822 geschlecht

788 1900 1005 1960 beherberget
1060 1886 1196 1946 demin
1209 1875 1319 1935 gnäien
1332 1866 1428 1926 Herren
1441 1861 1481 1921 in
1508 1854 1550 1914 die
1577 1849 1631 1909 H.
1659 1841 1753 1901 Kirche

781 1986 960 2046 Eltesten
997 1973 1164 2033 ersuchen
1200 1961 1332 2021 wollen
1368 1948 1511 2008 darauf
1547 1936 1583 1996 zu
1619 1919 1787 1979 inmplan

778 2073 844 2133 und
866 2068 923 2128 das
945 2063 1090 2123 nöthige
1123 2057 1156 2117 zu
1200 2049 1446 2109 abmeidung
1490 2026 1703 2086 besorgendes
1725 1999 1826 2059 art¬

781 2150 942 2210 gernuß
977 2138 1278 2198 vorzukehren.

774 2268 857 2328 Inß
895 2262 1003 2322 Cons.
1015 2256 1196 2316 Weillen
1231 2248 1413 2308 Salomie
1462 2232 1617 2292 Feißli
1643 2218 1678 2278 deß
1714 2202 1787 2262 Hanß

777 2350 984 2410 Balimars
1027 2348 1191 2408 Ehefrl.
1205 2344 1294 2404 heut
1323 2342 1368 2402 da
1383 2339 1412 2399 o
1457 2332 1530 2392 or
1561 2315 1708 2375 mete
1722 2291 1828 2351 richt

789 2439 1016 2499 geschun,
1033 2437 1155 2497 seren
1172 2433 1436 2493 gegenbahrt
1470 2421 1558 2481 aber
1592 2407 1646 2467 zu
1680 2380 1822 2440 keone¬

781 2526 919 2586 gegung
966 2520 1027 2580 deß
1074 2519 1290 2579 geschaffte
1305 2514 1599 2574 nothbendig;
1629 2492 1661 2552 so
1676 2472 1799 2532 habend

1826 942 1894 1002 ser
1908 916 2017 976 laderos

1851 1022 1903 1082 gun
1940 992 2009 1052 dio

1873 1951 1925 2011 Eyr
1938 1951 2016 2011 Feter

2006 2072 2084 2132 Kel.

3062 214 3211 274 221f.

2023 282 2078 342 Ihm
2119 259 2300 319 abspruch
2328 245 2495 305 deselben
2524 246 2746 306 verschoben,
2760 251 2815 311 biß
2856 255 2913 315 sie
2940 258 2982 318 ii
3039 262 3206 322 stabd¬

2017 354 2103 414 zein
2142 332 2280 392 wirdt,
2292 322 2341 382 die
2380 316 2454 376 reiß
2505 313 2618 373 allhar
2643 314 2756 374 anzu
2780 319 2955 379 tretten,
2980 328 3232 388 danzumahl¬

2028 439 2079 499 die
2105 419 2236 479 sambt
2248 404 2352 464 ihrem
2390 394 2533 454 ehmn
2572 392 2636 452 ein
2649 393 2753 453 gnädigen
2765 395 2869 455 Herren
2884 400 3038 460 gehalten
3064 405 3193 465 werden

2014 526 2089 586 Ie
2137 506 2214 566 ven
2275 491 2337 551 in
2352 483 2430 543 nige
2460 477 2553 537 Her
2583 473 2646 533 ein
2661 472 2877 532 Galimann
2907 474 2985 534 und
3000 477 3062 537 der
3077 482 3233 542 Jamorn

2042 600 2131 660 allen
2176 582 2368 642 ferneren
2402 568 2615 628 umbgang
2639 559 2865 619 verbotten.

2041 727 2245 787 Oberbeyll
2282 711 2320 771 im
2371 698 2624 758 Simmenthahl
2649 691 2751 751 Cons.
2777 688 2954 748 Demmnach
2979 685 3132 745 Andres

2048 815 2165 875 Zeller
2199 798 2270 858 und
2304 787 2398 847 Anna
2446 774 2585 834 Jagg,
2621 765 2738 825 beyde
2773 761 2866 821 Ihre
2902 756 3147 816 Angehbrige

2064 883 2240 943 uander
2275 869 2322 929 die
2356 862 2428 922 ehe
2439 849 2709 909 versprochen,
2734 839 2827 899 sein
2850 837 2910 897 deß
2945 834 3086 894 Zellers
3098 832 3202 892 Vogt

2060 971 2123 1031 und
2150 956 2296 1016 Mutter
2332 940 2414 1000 aber
2441 933 2504 993 sich
2532 926 2640 986 bider
2676 917 2876 977 sothane,
2903 911 2966 971 und
2994 909 3112 969 solchen
3139 907 3183 967 als

2054 1049 2162 1109 anoch
2188 1021 2499 1081 minderjährig
2539 1001 2660 1061 under
2688 994 2754 1054 den
2782 989 2903 1049 jahren
2930 988 2997 1048 beg
3024 986 3065 1046 zu
3092 985 3228 1045 zeüchen

2054 1127 2283 1187 begehret,
2309 1110 2399 1170 daß
2437 1098 2565 1158 werobe
2590 1089 2655 1149 Min
2668 1082 2769 1142 gnädigen
2782 1077 2884 1137 Herren
2897 1073 2935 1133 van
2962 1072 3013 1132 sich
3038 1068 3153 1128 dieser
3166 1066 3229 1126 Ehe

2049 1213 2378 1273 widersetenden
2408 1184 2558 1244 Mutter
2587 1173 2661 1233 und
2691 1165 2811 1225 Vogt
2841 1160 2900 1220 das
2917 1154 3096 1214 zugricht
3111 1151 3276 1211 ertilt,

2051 1311 2133 1371 Vnd
2173 1297 2268 1357 hiese
2310 1270 2678 1330 Eheversprechung
2720 1246 2979 1306 aufgehoben
3005 1236 3141 1296 deßen
3169 1231 3222 1291 die

2068 1390 2196 1450 Ehrb.
2224 1361 2565 1421 benachrichtiget
2595 1338 2679 1398 und
2709 1329 2807 1389 anby
2837 1315 3120 1375 verständiget
3134 1305 3234 1365 berde

2046 1483 2124 1543 daß
2163 1463 2308 1523 beyde,
2334 1441 2492 1501 weillen
2518 1428 2571 1488 sie
2610 1414 2820 1474 ohngeacht
2833 1403 2938 1463 ihnen
2964 1396 3148 1456 gethanen
3161 1392 3267 1452 Ver¬

2065 1555 2166 1615 boths
2204 1532 2471 1592 verdächtigen
2508 1505 2712 1565 umbgang
2750 1492 2826 1552 mit
2839 1481 3030 1541 einander
3068 1474 3272 1534 gepflogen,

2065 1631 2179 1691 allhier
2213 1621 2305 1681 mit
2341 1612 2386 1672 2.
2410 1602 2536 1662 mahl.
2558 1591 2639 1651 24.
2650 1579 2858 1639 stündiger
2903 1561 3260 1621 gefangenschafft

2073 1714 2243 1774 beleget
2271 1692 2471 1752 worden.

2074 1831 2272 1891 Oberball
2300 1821 2344 1881 im
2386 1806 2655 1866 Simmenthahl
2711 1787 2810 1847 Auß
2854 1778 2952 1838 Ihrem
2995 1771 3037 1831 S.
3051 1767 3179 1827 habind
3193 1762 3251 1822 etc.

2061 1924 2174 1984 Rech
2224 1906 2403 1966 ersachen
2434 1892 2500 1952 bin
2531 1879 2726 1939 ergerlich
2760 1864 2857 1924 füter
2888 1854 3004 1914 Sfeige
3035 1845 3085 1905 ihr
3117 1835 3248 1895 benger¬

2077 2008 2216 2068 fteige
2235 1999 2304 2059 sich
2323 1980 2604 2040 auffrehet,
2621 1961 2675 2021 bie
2709 1940 2990 2000 unguntlicher
3007 1923 3115 1983 seine
3149 1912 3291 1972 Eheseh¬

2093 2082 2170 2142 vnd
2203 2085 2260 2145 bin
2293 2081 2414 2141 benng
2460 2071 2515 2131 die
2559 2054 2715 2114 bißher
2738 2029 2950 2089 dnselben
2972 2008 3162 2068 gebendte
3184 2002 3296 2062 Ver¬

2088 2177 2306 2237 mahmnung
2338 2164 2423 2224 stnd
2455 2149 2623 2209 straffen
2656 2133 2705 2193 an
2740 2121 2841 2181 ihme
2874 2099 3107 2159 vefangen,
3124 2082 3257 2142 dahero

2067 2274 2234 2334 Recht
2254 2263 2319 2323 sie
2360 2248 2527 2308 anhung
2568 2228 2715 2288 belln
2738 2214 2841 2274 beyed
2861 2201 2946 2261 auf
2967 2185 3198 2245 vortagde
3239 2171 3304 2231 gu¬

2077 2369 2144 2429 seb
2213 2349 2554 2409 nechstemnftig
2571 2322 2690 2382 alhar
2724 2309 2776 2369 zu
2793 2295 2946 2355 hallten,
2964 2282 3048 2342 ihre
3065 2275 3167 2335 aber
3184 2269 3287 2329 einen

2085 2460 2276 2520 brystand
2318 2445 2374 2505 fue
2414 2436 2456 2496 zu
2496 2423 2634 2483 ordnen
