4032 3024
459 325 564 385 drf

515 610 582 670 Cale
604 592 716 652 Marie

496 705 606 765 Cotet
620 686 730 746 Parid

738 334 939 394 Paulmnes
954 315 1046 375 Cons.
1061 305 1123 365 aut
1140 296 1261 356 potis
1293 293 1370 353 Dnr
1417 296 1477 356 .
1494 303 1539 363 f.
1571 312 1586 372 6
1648 330 1695 390 e.

740 432 872 492 Marie
908 412 979 472 hale
1016 399 1088 459 von
1111 387 1255 447 Baulene
1279 382 1304 442 e
1340 382 1388 442 eine
1399 385 1579 445 gnädigenHerr
1604 403 1711 463 lagend

749 500 1033 560 angebracht,
1059 473 1113 533 bie
1153 460 1236 520 daß
1288 448 1424 508 David
1452 450 1585 510 Collet
1600 463 1668 523 auh
1681 478 1736 538 so¬

761 600 788 660 Me
815 592 857 652 e
897 582 911 642 n
966 568 1048 628 Here
1090 550 1213 610 ere
1240 535 1487 595 Ebrkandtnuß
1529 543 1598 603 von
1625 555 1665 615 13
1694 566 1707 626 O

768 685 903 745 gesche
921 667 1016 727 hahs
1037 644 1227 704 anßslegen
1265 625 1399 685 blle,
1418 622 1458 682 ob
1477 626 1611 686 bähren
1630 641 1686 701 se

746 779 923 839 dordurch
936 754 1058 814 gegen
1086 736 1166 796 Ihne
1208 722 1316 782 umb
1343 718 1519 778 sambt.
1546 733 1683 793 kösten,
1696 751 1723 811 so

760 861 871 921 begen
896 849 945 909 der
971 834 1131 894 Zöüischen
1156 817 1268 877 ihnen
1292 806 1554 866 eerichteten
1578 826 1753 886 Preden¬

759 937 943 997 gerbechsten
971 912 1141 972 versellt
1155 895 1313 955 borden,
1327 886 1597 946 desothalber
1611 899 1726 959 guch¬

761 1017 900 1077 bereits
938 1001 988 1061 ein
1027 981 1305 1041 übermäßige
1330 965 1508 1025 Kostens
1533 972 1722 1032 forderung

757 1101 801 1161 vn
831 1095 980 1155 siegen
1009 1085 1070 1145 in
1084 1075 1204 1135 gnädigen
1219 1063 1336 1123 Hern
1353 1057 1470 1117 ahero
1502 1055 1605 1115 umb
1619 1065 1800 1125 erluge¬

750 1193 907 1253 herung
938 1166 1222 1226 frstuchend.
1270 1144 1396 1204 Wamn
1427 1136 1521 1196 dann
1538 1132 1663 1192 Mett
1680 1132 1744 1192 baes

777 1272 1014 1332 außhellung
1055 1248 1317 1308 angeregter
1343 1235 1449 1295 Ihrer
1489 1227 1726 1287 Erkandtnuß

775 1373 839 1433 vom
876 1363 939 1423 13.
952 1354 1066 1414 gbris
1103 1341 1218 1401 nicht
1243 1332 1280 1392 in
1319 1327 1382 1387 den
1419 1322 1635 1382 gedancken
1647 1327 1762 1387 ger¬

775 1454 945 1514 standen,
970 1445 1019 1505 die
1056 1437 1142 1497 hale
1178 1426 1289 1486 umb
1314 1415 1509 1475 sämbtl.
1521 1411 1645 1471 dieser

764 1554 917 1614 stored.
941 1542 1060 1602 absten
1084 1533 1119 1593 zu
1155 1522 1380 1582 verfallen,
1403 1510 1487 1570 auch
1510 1503 1700 1563 damahlen

766 1650 903 1710 vergeß
930 1637 1108 1697 gestellt
1123 1626 1302 1686 borden,
1315 1617 1398 1677 daß
1439 1610 1495 1670 der
1522 1601 1646 1661 sollet
1659 1591 1727 1651 ein

786 1734 1039 1794 unbegeuntes
1079 1720 1267 1780 Qncident
1306 1704 1520 1764 erreget,
1562 1686 1601 1746 So
1627 1673 1735 1733 habind

757 1830 824 1890 die
870 1821 1096 1881 namhaffte
1130 1811 1141 1871 j
1198 1806 1254 1866 die
1289 1793 1516 1853 mehreren
1538 1780 1663 1840 kohten
1686 1769 1789 1829 Ver¬

772 1910 1013 1970 ursachet:
1063 1900 1254 1960 derobegen
1279 1889 1355 1949 abne
1368 1882 1430 1942 min
1445 1873 1545 1933 gnädigen
1559 1861 1673 1921 Herren
1685 1851 1735 1911 wer

780 1993 995 2053 leüterung
1035 1987 1157 2047 mehr
1184 1977 1425 2037 angeregter
1454 1960 1561 2020 Ihrer
1588 1945 1695 2005 uetel

779 2080 928 2140 hiemit
952 2077 1139 2137 erkent,
1165 2071 1239 2131 daß
1290 2063 1351 2123 die
1377 2054 1477 2114 halle
1501 2039 1625 2099 zbahr
1650 2021 1737 2081 umb

780 2168 840 2228 die
854 2165 986 2225 kosten
1016 2162 1060 2222 der
1088 2158 1251 2218 sapotal
1281 2152 1353 2212 sich
1384 2142 1472 2202 halb
1501 2129 1618 2189 gegen
1634 2115 1678 2175 ten
1692 2098 1797 2158 solt¬

779 2253 817 2313 er
843 2248 933 2308 aber
959 2245 1049 2305 umb
1089 2242 1140 2302 die
1166 2236 1334 2296 Jenngen
1360 2229 1400 2289 so
1412 2225 1476 2285 deß
1516 2202 1773 2262 Incidentshalb

780 2333 964 2393 gebachsen
995 2330 1102 2390 gegen
1132 2329 1209 2389 Ihre
1240 2323 1438 2383 verfellt
1455 2309 1547 2369 sein
1577 2291 1700 2351 sollen,
1715 2267 1792 2327 Vnd

771 2428 819 2488 de
856 2428 904 2488 in
916 2426 1014 2486 gnädigen
1026 2426 1111 2486 Heren
1136 2423 1344 2483 eorbachtet,
1368 2415 1454 2475 daß
1502 2403 1564 2463 der
1600 2386 1709 2446 Collet
1721 2361 1833 2421 über¬

782 2505 929 2565 mäsig
960 2505 992 2565 in
1010 2507 1237 2567 forderung
1269 2509 1318 2569 der
1334 2505 1481 2565 Kbsten
1496 2492 1627 2552 seye,
1659 2473 1692 2533 so
1708 2453 1821 2513 haben

767 2600 831 2660 Sie
856 2599 922 2659 den
935 2597 1013 2657 H.
1038 2596 1168 2656 Ptraf.
1193 2592 1426 2652 freüendtlich
1439 2581 1620 2641 ersuchen
1645 2562 1762 2622 wollen

1830 551 2009 611 pete

1824 661 1837 721 1

1824 737 1990 797 Msle

1830 867 2010 927 postloios

1861 1733 1915 1793 vnd
1942 1739 2052 1799 Ichfer

1876 1823 1970 1883 Maria

3041 214 3154 274 2834

2024 268 2077 328 h
2108 244 2366 304 anbohnender
2398 230 2590 290 prudentz
2623 232 2772 292 hierinen
2794 235 2825 295 zu
2869 241 3040 301 handlen,
3061 250 3179 310 wde

2027 350 2138 410 halbs
2160 336 2204 396 er
2226 320 2448 380 ixcedieren
2471 308 2659 368 würde,
2681 306 2737 366 das
2759 305 3013 365 übermäßige
3047 303 3124 363 nach

2032 424 2201 484 betander
2233 393 2455 453 Authoritet
2476 381 2507 441 zu
2550 374 2761 434 modemeren
2846 368 2919 428 undt
2941 367 2983 427 daß
3004 365 3089 425 Collet
3120 362 3183 422 Coster

2029 464 2226 524 Iquisation
2269 446 2330 506 auff
2342 442 2393 502 Eein
2424 439 2445 499 so
2467 434 2602 494 liedenlichn
2612 433 2717 493 billiche
2727 431 2768 491 fuß
2811 431 2915 491 zusehen,
2925 431 2987 491 undt
3009 430 3144 490 darmahln
3154 428 3185 488 diß

2037 533 2220 593 Progiger
2260 509 2382 569 Cons.
2403 497 2646 557 Magdalena
2687 490 2809 550 Seiter
2859 488 2931 548 Ihre
2972 489 3185 549 Angehörige

2029 628 2102 688 Men
2133 609 2220 669 ndigen
2236 595 2340 655 Hr
2369 580 2502 640 egend
2516 568 2784 628 angebracht,
2813 563 2873 623 bie
2902 563 2960 623 faß
2991 563 3049 623 sie
3064 565 3138 625 sich

2042 702 2111 762 mit
2142 682 2281 742 Nilauuß
2331 663 2481 723 Wanner
2520 654 2580 714 von
2610 646 2840 706 Ehelhofen
2869 640 2988 700 ehelich
3019 637 3199 697 verlobet,

2045 776 2124 836 und
2146 759 2268 819 beyde
2290 748 2357 808 sich
2379 737 2591 797 gewohnter
2624 727 2757 787 forms
2781 724 2858 784 noach
2881 722 2914 782 in
2936 721 3025 781 ihren
3047 717 3238 777 heimathen

2032 857 2255 917 verbunnden
2281 834 2425 894 laßen,
2451 823 2518 883 der
2544 810 2950 870 vereünzungssehen
2963 805 3042 865 ihre
3081 803 3159 863 aber

2023 961 2097 1021 von
2133 937 2256 997 Ihnen
2281 919 2392 979 nicht
2428 907 2526 967 bolle
2550 898 2686 958 horauß
2723 891 2895 951 gegeben
2907 885 3043 945 werden
3067 879 3228 939 Vnß¬

2023 1042 2153 1102 Jahero
2195 1019 2297 1079 umb
2325 996 2629 1056 handletung
2657 980 2916 1040 ersuchende:
2931 979 3133 1039 serebegen
3147 979 3233 1039 Rcht

2032 1131 2084 1191 sie
2110 1114 2284 1174 ansinnen
2310 1095 2482 1155 wollen,
2495 1083 2575 1143 ihre
2615 1074 2680 1134 sey
2708 1062 3013 1122 verbündungs
3039 1055 3184 1115 Actum

2049 1218 2085 1278 zu
2122 1200 2333 1260 erteilen,
2345 1188 2394 1248 es
2432 1176 2567 1236 währe
2603 1165 2690 1225 dann
2702 1159 2788 1219 sach,
2813 1155 2863 1215 daß
2911 1150 2962 1210 sie
2986 1147 3232 1207 gsazmäßige

2055 1304 2184 1364 grund
2227 1282 2421 1342 darwider
2454 1268 2518 1328 ein
2539 1262 2573 1322 zu
2626 1251 2798 1311 wenden
2820 1243 2949 1303 hatten,
2971 1243 3100 1303 welchen
3133 1244 3219 1304 fahls

2045 1401 2071 1461 i
2097 1397 2137 1457 e
2163 1391 2229 1451 Min
2242 1382 2346 1442 gnädigen
2359 1374 2451 1434 Herre
2478 1359 2674 1419 fiederlich
2700 1343 2858 1403 berichtn
2885 1337 2911 1397 zu
2950 1331 3082 1391 laßen,
3107 1329 3199 1389 wohl

2046 1483 2199 1543 wühen
2213 1470 2382 1530 berden.

2047 1650 2367 1710 Hamißbeil.
2400 1628 2543 1688 Weibe
2574 1612 2720 1672 hoffer
2751 1601 2816 1661 von
2847 1587 3039 1647 Ballmos
3057 1578 3200 1638 solchen

2059 1742 2193 1802 Maria
2231 1728 2304 1788 Abi
2330 1716 2476 1776 beyderg
2489 1698 2723 1758 heinißiel
2761 1684 2785 1744 so
2809 1678 2896 1738 wohl
2932 1669 2982 1729 der
2994 1662 3068 1722 Ehre
3080 1657 3155 1717 alß

2049 1838 2121 1898 daß
2157 1824 2396 1884 Feischlofts
2414 1806 2524 1866 halb
2542 1789 2745 1849 belaget
2781 1765 3020 1825 obngracht
3038 1743 3257 1803 angelegter

2083 1924 2344 1984 fentliche
2383 1903 2562 1963 sitation
2624 1882 2722 1942 Vor
2764 1864 2923 1924 Weshe
2943 1837 3262 1897 nichteschunen

2049 2017 2149 2077 Alß
2181 2002 2346 2062 wollendt
2381 1986 2562 2046 dieselben
2596 1974 2696 2034 Ihren
2745 1954 3060 2014 auffgetragen
3093 1929 3209 1989 haben

2069 2100 2214 2160 Genen
2226 2089 2324 2149 Von
2348 2081 2446 2141 heit
2470 2074 2567 2134 über
2605 2064 2702 2124 achst
2726 2057 2800 2117 tag
2824 2046 2970 2106 allhier
2994 2026 3201 2086 hurscheinen

2079 2186 2132 2246 die
2157 2178 2312 2238 zlegten
2337 2167 2505 2227 sitation
2543 2153 2710 2213 anlegen
2748 2137 2968 2197 zulaßen,
2993 2123 3045 2183 da
3083 2108 3276 2168 Indesten

2044 2274 2235 2334 Reth.
2269 2261 2358 2321 Ihnre
2426 2239 2811 2299 undergewohnten
2846 2211 3071 2271 vorbhalt
3088 2193 3211 2253 umb

2060 2372 2137 2432 die
2156 2354 2328 2414 heiligen
2347 2340 2461 2400 Coste
2501 2331 2596 2391 gegen
2633 2315 2902 2375 Eüeberstlt

2074 2485 2090 2545 N
2171 2478 2238 2538 H.
2254 2467 2484 2527 haubtmann
2500 2450 2680 2510 Morleth
2696 2438 2779 2498 hat
2795 2430 2862 2490 dlos
2895 2420 2959 2480 Er
2975 2407 3107 2467 kommen
3123 2390 3273 2450 schalen

2068 2555 2134 2615 Von
2168 2540 2402 2600 himistel
