<?xml version="1.0" encoding="UTF-8" standalone="yes"?>
<PcGts xmlns="http://schema.primaresearch.org/PAGE/gts/pagecontent/2013-07-15" xmlns:xsi="http://www.w3.org/2001/XMLSchema-instance" xsi:schemaLocation="http://schema.primaresearch.org/PAGE/gts/pagecontent/2013-07-15 http://schema.primaresearch.org/PAGE/gts/pagecontent/2013-07-15/pagecontent.xsd">
    <Metadata>
        <Creator>prov=READ-COOP:name=PyLaia@TranskribusPlatform:version=0.6.0:model_id=38215:lm=none:date=22_11_2021_11:08
prov=READ-COOP:name=PyLaia@Transkribus:version=0.6.0:model_id=38215:date=22_11_2021_11:05
prov=University of Rostock/Institute of Mathematics/CITlab|PLANET AI GmbH/Tobias Gruening/tobias.gruening@planet-ai.de:name=de.uros.citlab.module.baseline2polygon.B2PSeamMultiOriented:v=2.6.7</Creator>
        <Created>2021-08-09T15:16:23.222+02:00</Created>
        <LastChange>2021-11-22T11:08:06.612+01:00</LastChange>
        <TranskribusMetadata docId="746917" pageId="28279482" pageNr="144" tsid="68400922" status="IN_PROGRESS" userId="537" imgUrl="https://files.transkribus.eu/Get?id=ENUPOATHUGGWCYPIBBANIOFU&amp;fileType=view" xmlUrl="https://files.transkribus.eu/Get?id=BNCMVMJPUWXMGWVIZBLHZDGU" imageId="22024979"/>
    </Metadata>
    <Page imageFilename="144.jpg" imageWidth="4032" imageHeight="3024">
        <ReadingOrder>
            <OrderedGroup id="ro_1687514955254" caption="Regions reading order">
                <RegionRefIndexed index="0" regionRef="r1"/>
                <RegionRefIndexed index="1" regionRef="r2"/>
                <RegionRefIndexed index="2" regionRef="r3"/>
                <RegionRefIndexed index="3" regionRef="r4"/>
            </OrderedGroup>
        </ReadingOrder>
        <TextRegion orientation="0.0" id="r1" custom="readingOrder {index:0;}">
            <Coords points="441,318 441,2569 1814,2569 1814,318"/>
            <TextLine id="r1l1" custom="readingOrder {index:0;}">
                <Coords points="459,434 493,427 507,410 552,410 574,388 596,388 580,299 543,317 512,307 485,325 458,320 440,325"/>
                <Baseline points="458,383 483,378 508,373 533,368 558,364 584,362"/>
                <Word id="r1l1_w1" custom="readingOrder {index:0;}">
                    <Coords points="446,329 446,389 606,389 606,329"/>
                    <TextEquiv>
                        <Unicode>284f.</Unicode>
                    </TextEquiv>
                </Word>
                <TextEquiv>
                    <Unicode>284f.</Unicode>
                </TextEquiv>
            </TextLine>
            <TextLine id="r1l2" custom="readingOrder {index:1;}">
                <Coords points="715,450 901,401 1434,370 1562,396 1634,459 1691,432 1768,465 1768,390 1631,322 1475,346 1342,292 1070,291 897,348 763,291 716,319"/>
                <Baseline points="723,422 774,414 826,407 878,402 930,396 982,391 1034,386 1086,381 1138,378 1190,375 1242,374 1293,374 1345,375 1397,378 1449,381 1501,387 1553,395 1605,403 1657,414 1709,428 1761,443"/>
                <Word id="r1l2_w1" custom="readingOrder {index:0;}">
                    <Coords points="735,374 735,434 812,434 812,374"/>
                    <TextEquiv>
                        <Unicode>Vn</Unicode>
                    </TextEquiv>
                </Word>
                <Word id="r1l2_w2" custom="readingOrder {index:1;}">
                    <Coords points="921,347 921,407 1123,407 1123,347"/>
                    <TextEquiv>
                        <Unicode>MeHrer</Unicode>
                    </TextEquiv>
                </Word>
                <Word id="r1l2_w3" custom="readingOrder {index:2;}">
                    <Coords points="1154,334 1154,394 1294,394 1294,334"/>
                    <TextEquiv>
                        <Unicode>oleidt</Unicode>
                    </TextEquiv>
                </Word>
                <Word id="r1l2_w4" custom="readingOrder {index:3;}">
                    <Coords points="1326,337 1326,397 1435,397 1435,337"/>
                    <TextEquiv>
                        <Unicode>hren</Unicode>
                    </TextEquiv>
                </Word>
                <Word id="r1l2_w5" custom="readingOrder {index:4;}">
                    <Coords points="1450,364 1450,424 1778,424 1778,364"/>
                    <TextEquiv>
                        <Unicode>hiremitaufgetegn</Unicode>
                    </TextEquiv>
                </Word>
                <TextEquiv>
                    <Unicode>Vn MeHrer oleidt hren hiremitaufgetegn</Unicode>
                </TextEquiv>
            </TextLine>
            <TextLine id="r1l3" custom="readingOrder {index:2;}">
                <Coords points="722,556 850,494 1166,559 1231,495 1274,533 1431,463 1570,558 1780,522 1779,477 1689,433 1636,460 1570,412 1282,379 720,451"/>
                <Baseline points="729,516 781,511 833,506 885,500 937,494 990,488 1042,483 1094,478 1146,472 1198,469 1251,465 1303,463 1355,462 1407,462 1459,465 1512,469 1564,474 1616,483 1668,493 1720,506 1773,521"/>
                <Word id="r1l3_w1" custom="readingOrder {index:0;}">
                    <Coords points="729,470 729,530 848,530 848,470"/>
                    <TextEquiv>
                        <Unicode>habe</Unicode>
                    </TextEquiv>
                </Word>
                <Word id="r1l3_w2" custom="readingOrder {index:1;}">
                    <Coords points="887,456 887,516 948,516 948,456"/>
                    <TextEquiv>
                        <Unicode>die</Unicode>
                    </TextEquiv>
                </Word>
                <Word id="r1l3_w3" custom="readingOrder {index:2;}">
                    <Coords points="968,444 968,504 1087,504 1087,444"/>
                    <TextEquiv>
                        <Unicode>Patiy</Unicode>
                    </TextEquiv>
                </Word>
                <Word id="r1l3_w4" custom="readingOrder {index:3;}">
                    <Coords points="1109,430 1109,490 1248,490 1248,430"/>
                    <TextEquiv>
                        <Unicode>kichte</Unicode>
                    </TextEquiv>
                </Word>
                <Word id="r1l3_w5" custom="readingOrder {index:4;}">
                    <Coords points="1287,422 1287,482 1368,482 1368,422"/>
                    <TextEquiv>
                        <Unicode>ihr</Unicode>
                    </TextEquiv>
                </Word>
                <Word id="r1l3_w6" custom="readingOrder {index:5;}">
                    <Coords points="1387,428 1387,488 1629,488 1629,428"/>
                    <TextEquiv>
                        <Unicode>angehörige</Unicode>
                    </TextEquiv>
                </Word>
                <Word id="r1l3_w7" custom="readingOrder {index:6;}">
                    <Coords points="1648,465 1648,525 1790,525 1790,465"/>
                    <TextEquiv>
                        <Unicode>byen</Unicode>
                    </TextEquiv>
                </Word>
                <TextEquiv>
                    <Unicode>habe die Patiy kichte ihr angehörige byen</Unicode>
                </TextEquiv>
            </TextLine>
            <TextLine id="r1l4" custom="readingOrder {index:3;}">
                <Coords points="447,591 500,591 521,570 550,588 581,585 632,559 652,565 686,551 675,433 597,445 583,438 543,456 494,440 461,472 436,468"/>
                <Baseline points="449,533 474,530 499,528 524,525 549,523 574,521 599,519 624,516 649,514 675,513"/>
                <Word id="r1l4_w1" custom="readingOrder {index:0;}">
                    <Coords points="442,487 442,547 560,547 560,487"/>
                    <TextEquiv>
                        <Unicode>Ausfe</Unicode>
                    </TextEquiv>
                </Word>
                <Word id="r1l4_w2" custom="readingOrder {index:1;}">
                    <Coords points="576,475 576,535 696,535 696,475"/>
                    <TextEquiv>
                        <Unicode>Catig.</Unicode>
                    </TextEquiv>
                </Word>
                <TextEquiv>
                    <Unicode>Ausfe Catig.</Unicode>
                </TextEquiv>
            </TextLine>
            <TextLine id="r1l5" custom="readingOrder {index:4;}">
                <Coords points="707,620 1412,547 1489,599 1525,569 1763,626 1765,553 1439,468 1275,532 1232,495 1166,558 1036,520 987,556 844,495 706,571"/>
                <Baseline points="714,606 766,603 818,599 870,595 922,590 975,585 1027,580 1079,576 1131,572 1183,568 1236,564 1288,561 1340,560 1392,560 1444,561 1497,563 1549,567 1601,573 1653,581 1705,591 1758,603"/>
                <Word id="r1l5_w1" custom="readingOrder {index:0;}">
                    <Coords points="726,555 726,615 991,615 991,555"/>
                    <TextEquiv>
                        <Unicode>Kindtbetten</Unicode>
                    </TextEquiv>
                </Word>
                <Word id="r1l5_w2" custom="readingOrder {index:1;}">
                    <Coords points="1008,537 1008,597 1102,597 1102,537"/>
                    <TextEquiv>
                        <Unicode>undt</Unicode>
                    </TextEquiv>
                </Word>
                <Word id="r1l5_w3" custom="readingOrder {index:2;}">
                    <Coords points="1117,527 1117,587 1258,587 1258,527"/>
                    <TextEquiv>
                        <Unicode>dulde</Unicode>
                    </TextEquiv>
                </Word>
                <Word id="r1l5_w4" custom="readingOrder {index:3;}">
                    <Coords points="1289,520 1289,580 1321,580 1321,520"/>
                    <TextEquiv>
                        <Unicode>zu</Unicode>
                    </TextEquiv>
                </Word>
                <Word id="r1l5_w5" custom="readingOrder {index:4;}">
                    <Coords points="1367,521 1367,581 1539,581 1539,521"/>
                    <TextEquiv>
                        <Unicode>laßen,</Unicode>
                    </TextEquiv>
                </Word>
                <Word id="r1l5_w6" custom="readingOrder {index:5;}">
                    <Coords points="1556,539 1556,599 1728,599 1728,539"/>
                    <TextEquiv>
                        <Unicode>zumahl</Unicode>
                    </TextEquiv>
                </Word>
                <TextEquiv>
                    <Unicode>Kindtbetten undt dulde zu laßen, zumahl</Unicode>
                </TextEquiv>
            </TextLine>
            <TextLine id="r1l6" custom="readingOrder {index:5;}">
                <Coords points="746,723 1054,665 1155,736 1214,694 1301,735 1439,676 1782,715 1778,609 1535,572 742,618"/>
                <Baseline points="752,690 803,687 854,683 905,679 956,675 1007,671 1058,666 1109,663 1160,659 1211,656 1262,653 1313,650 1364,648 1415,647 1466,647 1517,647 1568,648 1619,652 1670,655 1721,660 1772,668"/>
                <Word id="r1l6_w1" custom="readingOrder {index:0;}">
                    <Coords points="760,648 760,708 802,708 802,648"/>
                    <TextEquiv>
                        <Unicode>Er</Unicode>
                    </TextEquiv>
                </Word>
                <Word id="r1l6_w2" custom="readingOrder {index:1;}">
                    <Coords points="830,642 830,702 888,702 888,642"/>
                    <TextEquiv>
                        <Unicode>der</Unicode>
                    </TextEquiv>
                </Word>
                <Word id="r1l6_w3" custom="readingOrder {index:2;}">
                    <Coords points="917,627 917,687 1160,687 1160,627"/>
                    <TextEquiv>
                        <Unicode>Paternitet</Unicode>
                    </TextEquiv>
                </Word>
                <Word id="r1l6_w4" custom="readingOrder {index:3;}">
                    <Coords points="1188,613 1188,673 1303,673 1303,613"/>
                    <TextEquiv>
                        <Unicode>halb</Unicode>
                    </TextEquiv>
                </Word>
                <Word id="r1l6_w5" custom="readingOrder {index:4;}">
                    <Coords points="1333,607 1333,667 1448,667 1448,607"/>
                    <TextEquiv>
                        <Unicode>seine</Unicode>
                    </TextEquiv>
                </Word>
                <Word id="r1l6_w6" custom="readingOrder {index:5;}">
                    <Coords points="1476,612 1476,672 1762,672 1762,612"/>
                    <TextEquiv>
                        <Unicode>Richtigbeithet</Unicode>
                    </TextEquiv>
                </Word>
                <TextEquiv>
                    <Unicode>Er der Paternitet halb seine Richtigbeithet</Unicode>
                </TextEquiv>
            </TextLine>
            <TextLine id="r1l7" custom="readingOrder {index:6;}">
                <Coords points="711,922 845,862 898,885 1063,837 1156,871 1306,816 1608,821 1675,860 1765,837 1761,749 1579,732 1473,777 1199,744 1057,810 840,741 706,816"/>
                <Baseline points="716,875 768,870 820,865 872,861 924,855 976,851 1028,845 1080,840 1132,837 1184,832 1236,829 1288,825 1340,823 1392,821 1444,819 1496,819 1548,820 1600,821 1652,824 1704,828 1757,833"/>
                <Word id="r1l7_w1" custom="readingOrder {index:0;}">
                    <Coords points="737,816 737,876 1082,876 1082,816"/>
                    <TextEquiv>
                        <Unicode>Boutingen:</Unicode>
                    </TextEquiv>
                </Word>
                <Word id="r1l7_w2" custom="readingOrder {index:1;}">
                    <Coords points="1109,793 1109,853 1220,853 1220,793"/>
                    <TextEquiv>
                        <Unicode>Über</Unicode>
                    </TextEquiv>
                </Word>
                <Word id="r1l7_w3" custom="readingOrder {index:2;}">
                    <Coords points="1234,787 1234,847 1289,847 1289,787"/>
                    <TextEquiv>
                        <Unicode>Ihr</Unicode>
                    </TextEquiv>
                </Word>
                <Word id="r1l7_w4" custom="readingOrder {index:3;}">
                    <Coords points="1303,781 1303,841 1441,841 1441,781"/>
                    <TextEquiv>
                        <Unicode>scheibe</Unicode>
                    </TextEquiv>
                </Word>
                <Word id="r1l7_w5" custom="readingOrder {index:4;}">
                    <Coords points="1470,779 1470,839 1622,839 1622,779"/>
                    <TextEquiv>
                        <Unicode>wollend</Unicode>
                    </TextEquiv>
                </Word>
                <Word id="r1l7_w6" custom="readingOrder {index:5;}">
                    <Coords points="1650,785 1650,845 1691,845 1691,785"/>
                    <TextEquiv>
                        <Unicode>Me</Unicode>
                    </TextEquiv>
                </Word>
                <Word id="r1l7_w7" custom="readingOrder {index:6;}">
                    <Coords points="1704,791 1704,851 1775,851 1775,791"/>
                    <TextEquiv>
                        <Unicode>H.</Unicode>
                    </TextEquiv>
                </Word>
                <TextEquiv>
                    <Unicode>Boutingen: Über Ihr scheibe wollend Me H.</Unicode>
                </TextEquiv>
            </TextLine>
            <TextLine id="r1l8" custom="readingOrder {index:7;}">
                <Coords points="763,972 1253,916 1333,960 1446,903 1694,950 1765,939 1763,887 1583,821 1481,876 1306,814 1184,873 845,862 760,895"/>
                <Baseline points="770,948 819,948 868,947 918,945 967,942 1016,940 1066,935 1115,931 1164,927 1214,922 1263,919 1312,915 1362,912 1411,910 1460,908 1510,906 1559,907 1608,908 1658,911 1707,916 1757,921"/>
                <Word id="r1l8_w1" custom="readingOrder {index:0;}">
                    <Coords points="763,908 763,968 855,968 855,908"/>
                    <TextEquiv>
                        <Unicode>Ihnen</Unicode>
                    </TextEquiv>
                </Word>
                <Word id="r1l8_w2" custom="readingOrder {index:1;}">
                    <Coords points="881,901 881,961 1082,961 1082,901"/>
                    <TextEquiv>
                        <Unicode>verdeütet</Unicode>
                    </TextEquiv>
                </Word>
                <Word id="r1l8_w3" custom="readingOrder {index:2;}">
                    <Coords points="1108,884 1108,944 1268,944 1268,884"/>
                    <TextEquiv>
                        <Unicode>haben,</Unicode>
                    </TextEquiv>
                </Word>
                <Word id="r1l8_w4" custom="readingOrder {index:3;}">
                    <Coords points="1294,873 1294,933 1374,933 1374,873"/>
                    <TextEquiv>
                        <Unicode>daß</Unicode>
                    </TextEquiv>
                </Word>
                <Word id="r1l8_w5" custom="readingOrder {index:4;}">
                    <Coords points="1414,868 1414,928 1494,928 1494,868"/>
                    <TextEquiv>
                        <Unicode>wan</Unicode>
                    </TextEquiv>
                </Word>
                <Word id="r1l8_w6" custom="readingOrder {index:5;}">
                    <Coords points="1548,867 1548,927 1600,927 1600,867"/>
                    <TextEquiv>
                        <Unicode>Eie</Unicode>
                    </TextEquiv>
                </Word>
                <Word id="r1l8_w7" custom="readingOrder {index:6;}">
                    <Coords points="1613,874 1613,934 1775,934 1775,874"/>
                    <TextEquiv>
                        <Unicode>Catyi¬</Unicode>
                    </TextEquiv>
                </Word>
                <TextEquiv>
                    <Unicode>Ihnen verdeütet haben, daß wan Eie Catyi¬</Unicode>
                </TextEquiv>
            </TextLine>
            <TextLine id="r1l9" custom="readingOrder {index:8;}">
                <Coords points="438,1010 461,997 490,1006 541,984 581,987 601,971 643,978 687,1007 706,1003 695,893 663,904 634,891 613,912 543,893 514,911 476,895 456,909 428,901"/>
                <Baseline points="444,990 469,988 494,984 519,982 544,979 569,976 594,974 619,972 644,970 669,968 695,965"/>
                <Word id="r1l9_w1" custom="readingOrder {index:0;}">
                    <Coords points="443,941 443,1001 598,1001 598,941"/>
                    <TextEquiv>
                        <Unicode>Anneker</Unicode>
                    </TextEquiv>
                </Word>
                <Word id="r1l9_w2" custom="readingOrder {index:1;}">
                    <Coords points="611,929 611,989 688,989 688,929"/>
                    <TextEquiv>
                        <Unicode>satz</Unicode>
                    </TextEquiv>
                </Word>
                <TextEquiv>
                    <Unicode>Anneker satz</Unicode>
                </TextEquiv>
            </TextLine>
            <TextLine id="r1l10" custom="readingOrder {index:9;}">
                <Coords points="766,1074 1231,1009 1517,1052 1568,1009 1650,1052 1776,1007 1731,935 1562,963 1511,921 1079,1002 1006,950 761,975"/>
                <Baseline points="773,1047 822,1045 872,1043 922,1039 972,1035 1022,1032 1071,1028 1121,1022 1171,1019 1221,1014 1271,1010 1320,1005 1370,1002 1420,999 1470,998 1520,998 1569,998 1619,998 1669,1001 1719,1005 1769,1010"/>
                <Word id="r1l10_w1" custom="readingOrder {index:0;}">
                    <Coords points="774,1004 774,1064 917,1064 917,1004"/>
                    <TextEquiv>
                        <Unicode>Anneler</Unicode>
                    </TextEquiv>
                </Word>
                <Word id="r1l10_w2" custom="readingOrder {index:1;}">
                    <Coords points="940,994 940,1054 1011,1054 1011,994"/>
                    <TextEquiv>
                        <Unicode>Ite</Unicode>
                    </TextEquiv>
                </Word>
                <Word id="r1l10_w3" custom="readingOrder {index:2;}">
                    <Coords points="1048,979 1048,1039 1274,1039 1274,979"/>
                    <TextEquiv>
                        <Unicode>angehörige</Unicode>
                    </TextEquiv>
                </Word>
                <Word id="r1l10_w4" custom="readingOrder {index:3;}">
                    <Coords points="1332,962 1332,1022 1392,1022 1392,962"/>
                    <TextEquiv>
                        <Unicode>den</Unicode>
                    </TextEquiv>
                </Word>
                <Word id="r1l10_w5" custom="readingOrder {index:4;}">
                    <Coords points="1417,958 1417,1018 1643,1018 1643,958"/>
                    <TextEquiv>
                        <Unicode>beklagten</Unicode>
                    </TextEquiv>
                </Word>
                <Word id="r1l10_w6" custom="readingOrder {index:5;}">
                    <Coords points="1689,965 1689,1025 1761,1025 1761,965"/>
                    <TextEquiv>
                        <Unicode>hanß</Unicode>
                    </TextEquiv>
                </Word>
                <TextEquiv>
                    <Unicode>Anneler Ite angehörige den beklagten hanß</Unicode>
                </TextEquiv>
            </TextLine>
            <TextLine id="r1l11" custom="readingOrder {index:10;}">
                <Coords points="438,1107 497,1131 520,1109 548,1117 580,1093 651,1104 706,1047 746,1048 742,1017 697,1013 642,978 595,972 582,987 515,990 431,1048"/>
                <Baseline points="441,1074 467,1072 494,1069 521,1066 548,1063 575,1059 602,1055 629,1052 656,1048 683,1043 710,1041 737,1037"/>
                <Word id="r1l11_w1" custom="readingOrder {index:0;}">
                    <Coords points="447,1026 447,1086 588,1086 588,1026"/>
                    <TextEquiv>
                        <Unicode>krafft</Unicode>
                    </TextEquiv>
                </Word>
                <Word id="r1l11_w2" custom="readingOrder {index:1;}">
                    <Coords points="601,1003 601,1063 756,1063 756,1003"/>
                    <TextEquiv>
                        <Unicode>Rreg¬</Unicode>
                    </TextEquiv>
                </Word>
                <TextEquiv>
                    <Unicode>krafft Rreg¬</Unicode>
                </TextEquiv>
            </TextLine>
            <TextLine id="r1l12" custom="readingOrder {index:11;}">
                <Coords points="751,1140 1035,1156 1457,1083 1530,1139 1576,1092 1627,1127 1740,1088 1705,1031 1437,1060 1235,1008 1038,1060 823,1048 749,1102"/>
                <Baseline points="758,1136 806,1136 855,1134 904,1133 953,1130 1001,1127 1050,1124 1099,1120 1148,1117 1196,1112 1245,1108 1294,1104 1343,1101 1391,1098 1440,1094 1489,1092 1538,1090 1586,1088 1635,1088 1684,1088 1733,1089"/>
                <Word id="r1l12_w1" custom="readingOrder {index:0;}">
                    <Coords points="763,1095 763,1155 874,1155 874,1095"/>
                    <TextEquiv>
                        <Unicode>Geörg</Unicode>
                    </TextEquiv>
                </Word>
                <Word id="r1l12_w2" custom="readingOrder {index:1;}">
                    <Coords points="901,1088 901,1148 1038,1148 1038,1088"/>
                    <TextEquiv>
                        <Unicode>Kraff</Unicode>
                    </TextEquiv>
                </Word>
                <Word id="r1l12_w3" custom="readingOrder {index:2;}">
                    <Coords points="1063,1075 1063,1135 1262,1135 1262,1075"/>
                    <TextEquiv>
                        <Unicode>entdeben</Unicode>
                    </TextEquiv>
                </Word>
                <Word id="r1l12_w4" custom="readingOrder {index:3;}">
                    <Coords points="1286,1060 1286,1120 1424,1120 1424,1060"/>
                    <TextEquiv>
                        <Unicode>könne</Unicode>
                    </TextEquiv>
                </Word>
                <Word id="r1l12_w5" custom="readingOrder {index:4;}">
                    <Coords points="1462,1051 1462,1111 1524,1111 1524,1051"/>
                    <TextEquiv>
                        <Unicode>sie</Unicode>
                    </TextEquiv>
                </Word>
                <Word id="r1l12_w6" custom="readingOrder {index:5;}">
                    <Coords points="1549,1048 1549,1108 1637,1108 1637,1048"/>
                    <TextEquiv>
                        <Unicode>Ihne</Unicode>
                    </TextEquiv>
                </Word>
                <Word id="r1l12_w7" custom="readingOrder {index:6;}">
                    <Coords points="1649,1048 1649,1108 1711,1108 1711,1048"/>
                    <TextEquiv>
                        <Unicode>zue</Unicode>
                    </TextEquiv>
                </Word>
                <TextEquiv>
                    <Unicode>Geörg Kraff entdeben könne sie Ihne zue</Unicode>
                </TextEquiv>
            </TextLine>
            <TextLine id="r1l13" custom="readingOrder {index:12;}">
                <Coords points="740,1241 798,1228 892,1287 1022,1277 1098,1204 1462,1249 1582,1179 1774,1175 1771,1128 1710,1099 1623,1128 1577,1091 1528,1140 1459,1082 1186,1121 1080,1184 961,1150 901,1183 800,1134 736,1174"/>
                <Baseline points="746,1221 797,1221 848,1220 899,1218 950,1215 1001,1212 1052,1209 1103,1205 1154,1202 1205,1198 1256,1194 1307,1190 1358,1187 1409,1183 1460,1180 1511,1178 1562,1175 1613,1173 1664,1170 1715,1170 1766,1169"/>
                <Word id="r1l13_w1" custom="readingOrder {index:0;}">
                    <Coords points="753,1177 753,1237 1064,1237 1064,1177"/>
                    <TextEquiv>
                        <Unicode>uitterscheinung</Unicode>
                    </TextEquiv>
                </Word>
                <Word id="r1l13_w2" custom="readingOrder {index:1;}">
                    <Coords points="1091,1164 1091,1224 1119,1224 1119,1164"/>
                    <TextEquiv>
                        <Unicode>vo</Unicode>
                    </TextEquiv>
                </Word>
                <Word id="r1l13_w3" custom="readingOrder {index:2;}">
                    <Coords points="1133,1160 1133,1220 1218,1220 1218,1160"/>
                    <TextEquiv>
                        <Unicode>Min</Unicode>
                    </TextEquiv>
                </Word>
                <Word id="r1l13_w4" custom="readingOrder {index:3;}">
                    <Coords points="1232,1151 1232,1211 1345,1211 1345,1151"/>
                    <TextEquiv>
                        <Unicode>gnädigen</Unicode>
                    </TextEquiv>
                </Word>
                <Word id="r1l13_w5" custom="readingOrder {index:4;}">
                    <Coords points="1360,1143 1360,1203 1444,1203 1444,1143"/>
                    <TextEquiv>
                        <Unicode>Hrr</Unicode>
                    </TextEquiv>
                </Word>
                <Word id="r1l13_w6" custom="readingOrder {index:5;}">
                    <Coords points="1473,1136 1473,1196 1600,1196 1600,1136"/>
                    <TextEquiv>
                        <Unicode>vußen</Unicode>
                    </TextEquiv>
                </Word>
                <Word id="r1l13_w7" custom="readingOrder {index:6;}">
                    <Coords points="1614,1130 1614,1190 1740,1190 1740,1130"/>
                    <TextEquiv>
                        <Unicode>laßen</Unicode>
                    </TextEquiv>
                </Word>
                <TextEquiv>
                    <Unicode>uitterscheinung vo Min gnädigen Hrr vußen laßen</Unicode>
                </TextEquiv>
            </TextLine>
            <TextLine id="r1l14" custom="readingOrder {index:13;}">
                <Coords points="725,1369 747,1355 776,1361 786,1350 834,1359 870,1326 861,1243 838,1241 831,1248 811,1235 776,1257 764,1249 742,1271 715,1276"/>
                <Baseline points="729,1326 755,1325 781,1321 808,1317 834,1315 861,1314"/>
                <Word id="r1l14_w1" custom="readingOrder {index:0;}">
                    <Coords points="733,1277 733,1337 880,1337 880,1277"/>
                    <TextEquiv>
                        <Unicode>solle,</Unicode>
                    </TextEquiv>
                </Word>
                <TextEquiv>
                    <Unicode>solle,</Unicode>
                </TextEquiv>
            </TextLine>
            <TextLine id="r1l15" custom="readingOrder {index:14;}">
                <Coords points="781,1461 1600,1399 1769,1425 1765,1355 1511,1341 1438,1293 1276,1381 1158,1318 1049,1386 935,1349 777,1386"/>
                <Baseline points="788,1443 836,1442 885,1442 933,1440 982,1437 1031,1434 1079,1431 1128,1428 1177,1424 1225,1421 1274,1417 1323,1413 1371,1410 1420,1407 1469,1404 1517,1403 1566,1402 1615,1401 1663,1403 1712,1404 1761,1407"/>
                <Word id="r1l15_w1" custom="readingOrder {index:0;}">
                    <Coords points="778,1402 778,1462 814,1462 814,1402"/>
                    <TextEquiv>
                        <Unicode>Es</Unicode>
                    </TextEquiv>
                </Word>
                <Word id="r1l15_w2" custom="readingOrder {index:1;}">
                    <Coords points="837,1402 837,1462 896,1462 896,1402"/>
                    <TextEquiv>
                        <Unicode>hat</Unicode>
                    </TextEquiv>
                </Word>
                <Word id="r1l15_w3" custom="readingOrder {index:2;}">
                    <Coords points="933,1397 933,1457 1015,1457 1015,1397"/>
                    <TextEquiv>
                        <Unicode>zwar</Unicode>
                    </TextEquiv>
                </Word>
                <Word id="r1l15_w4" custom="readingOrder {index:3;}">
                    <Coords points="1051,1390 1051,1450 1111,1450 1111,1390"/>
                    <TextEquiv>
                        <Unicode>die</Unicode>
                    </TextEquiv>
                </Word>
                <Word id="r1l15_w5" custom="readingOrder {index:4;}">
                    <Coords points="1135,1382 1135,1442 1266,1442 1266,1382"/>
                    <TextEquiv>
                        <Unicode>Jeanne</Unicode>
                    </TextEquiv>
                </Word>
                <Word id="r1l15_w6" custom="readingOrder {index:5;}">
                    <Coords points="1301,1365 1301,1425 1587,1425 1587,1365"/>
                    <TextEquiv>
                        <Unicode>Ebeshardine</Unicode>
                    </TextEquiv>
                </Word>
                <Word id="r1l15_w7" custom="readingOrder {index:6;}">
                    <Coords points="1622,1362 1622,1422 1659,1422 1659,1362"/>
                    <TextEquiv>
                        <Unicode>de</Unicode>
                    </TextEquiv>
                </Word>
                <Word id="r1l15_w8" custom="readingOrder {index:7;}">
                    <Coords points="1671,1364 1671,1424 1779,1424 1779,1364"/>
                    <TextEquiv>
                        <Unicode>Lgniy¬</Unicode>
                    </TextEquiv>
                </Word>
                <TextEquiv>
                    <Unicode>Es hat zwar die Jeanne Ebeshardine de Lgniy¬</Unicode>
                </TextEquiv>
            </TextLine>
            <TextLine id="r1l16" custom="readingOrder {index:15;}">
                <Coords points="448,1492 481,1478 556,1489 571,1477 612,1506 647,1479 688,1472 726,1491 749,1485 744,1371 702,1407 670,1382 609,1417 560,1393 516,1431 445,1421"/>
                <Baseline points="455,1478 480,1477 506,1476 532,1475 558,1474 584,1472 610,1471 636,1470 662,1469 688,1468 714,1467 740,1467"/>
                <Word id="r1l16_w1" custom="readingOrder {index:0;}">
                    <Coords points="456,1437 456,1497 500,1497 500,1437"/>
                    <TextEquiv>
                        <Unicode>de</Unicode>
                    </TextEquiv>
                </Word>
                <Word id="r1l16_w2" custom="readingOrder {index:1;}">
                    <Coords points="523,1432 523,1492 624,1492 624,1432"/>
                    <TextEquiv>
                        <Unicode>Liperi</Unicode>
                    </TextEquiv>
                </Word>
                <Word id="r1l16_w3" custom="readingOrder {index:2;}">
                    <Coords points="646,1427 646,1487 736,1487 736,1427"/>
                    <TextEquiv>
                        <Unicode>feante</Unicode>
                    </TextEquiv>
                </Word>
                <TextEquiv>
                    <Unicode>de Liperi feante</Unicode>
                </TextEquiv>
            </TextLine>
            <TextLine id="r1l17" custom="readingOrder {index:16;}">
                <Coords points="792,1579 900,1521 1753,1485 1750,1432 1438,1409 1317,1473 1207,1432 786,1471"/>
                <Baseline points="797,1523 844,1523 891,1522 939,1521 986,1519 1034,1516 1081,1513 1128,1511 1176,1508 1223,1503 1271,1500 1318,1496 1365,1493 1413,1490 1460,1487 1508,1484 1555,1482 1602,1480 1650,1479 1697,1479 1745,1479"/>
                <Word id="r1l17_w1" custom="readingOrder {index:0;}">
                    <Coords points="795,1483 795,1543 893,1543 893,1483"/>
                    <TextEquiv>
                        <Unicode>Eines</Unicode>
                    </TextEquiv>
                </Word>
                <Word id="r1l17_w2" custom="readingOrder {index:1;}">
                    <Coords points="903,1480 903,1540 992,1540 992,1480"/>
                    <TextEquiv>
                        <Unicode>schein</Unicode>
                    </TextEquiv>
                </Word>
                <Word id="r1l17_w3" custom="readingOrder {index:2;}">
                    <Coords points="1032,1471 1032,1531 1199,1531 1199,1471"/>
                    <TextEquiv>
                        <Unicode>begehrt,</Unicode>
                    </TextEquiv>
                </Word>
                <Word id="r1l17_w4" custom="readingOrder {index:3;}">
                    <Coords points="1209,1462 1209,1522 1268,1522 1268,1462"/>
                    <TextEquiv>
                        <Unicode>sich</Unicode>
                    </TextEquiv>
                </Word>
                <Word id="r1l17_w5" custom="readingOrder {index:4;}">
                    <Coords points="1298,1454 1298,1514 1397,1514 1397,1454"/>
                    <TextEquiv>
                        <Unicode>mit</Unicode>
                    </TextEquiv>
                </Word>
                <Word id="r1l17_w6" custom="readingOrder {index:5;}">
                    <Coords points="1426,1444 1426,1504 1584,1504 1584,1444"/>
                    <TextEquiv>
                        <Unicode>Charles</Unicode>
                    </TextEquiv>
                </Word>
                <Word id="r1l17_w7" custom="readingOrder {index:6;}">
                    <Coords points="1624,1439 1624,1499 1763,1499 1763,1439"/>
                    <TextEquiv>
                        <Unicode>Terrese</Unicode>
                    </TextEquiv>
                </Word>
                <TextEquiv>
                    <Unicode>Eines schein begehrt, sich mit Charles Terrese</Unicode>
                </TextEquiv>
            </TextLine>
            <TextLine id="r1l18" custom="readingOrder {index:17;}">
                <Coords points="527,1565 572,1554 585,1561 597,1549 645,1557 675,1544 712,1554 748,1545 744,1489 644,1478 613,1508 574,1482 524,1523"/>
                <Baseline points="534,1551 559,1549 585,1546 611,1543 637,1541 662,1539 688,1537 714,1536 740,1538"/>
                <Word id="r1l18_w1" custom="readingOrder {index:0;}">
                    <Coords points="529,1501 529,1561 741,1561 741,1501"/>
                    <TextEquiv>
                        <Unicode>Eberhardine</Unicode>
                    </TextEquiv>
                </Word>
                <TextEquiv>
                    <Unicode>Eberhardine</Unicode>
                </TextEquiv>
            </TextLine>
            <TextLine id="r1l19" custom="readingOrder {index:18;}">
                <Coords points="796,1624 1056,1607 1104,1634 1151,1593 1247,1633 1355,1578 1753,1550 1749,1499 1679,1520 1589,1477 1239,1504 1074,1577 902,1520 793,1583"/>
                <Baseline points="803,1613 850,1611 897,1610 944,1609 991,1607 1038,1604 1085,1600 1132,1597 1179,1593 1226,1589 1274,1584 1321,1580 1368,1575 1415,1570 1462,1566 1509,1562 1556,1557 1603,1553 1650,1550 1697,1547 1745,1544"/>
                <Word id="r1l19_w1" custom="readingOrder {index:0;}">
                    <Coords points="794,1571 794,1631 898,1631 898,1571"/>
                    <TextEquiv>
                        <Unicode>rila</Unicode>
                    </TextEquiv>
                </Word>
                <Word id="r1l19_w2" custom="readingOrder {index:1;}">
                    <Coords points="932,1564 932,1624 1140,1624 1140,1564"/>
                    <TextEquiv>
                        <Unicode>Berlin,</Unicode>
                    </TextEquiv>
                </Word>
                <Word id="r1l19_w3" custom="readingOrder {index:2;}">
                    <Coords points="1162,1541 1162,1601 1440,1601 1440,1541"/>
                    <TextEquiv>
                        <Unicode>verehrlicher</Unicode>
                    </TextEquiv>
                </Word>
                <Word id="r1l19_w4" custom="readingOrder {index:3;}">
                    <Coords points="1474,1523 1474,1583 1508,1583 1508,1523"/>
                    <TextEquiv>
                        <Unicode>zu</Unicode>
                    </TextEquiv>
                </Word>
                <Word id="r1l19_w5" custom="readingOrder {index:4;}">
                    <Coords points="1531,1510 1531,1570 1763,1570 1763,1510"/>
                    <TextEquiv>
                        <Unicode>können.</Unicode>
                    </TextEquiv>
                </Word>
                <TextEquiv>
                    <Unicode>rila Berlin, verehrlicher zu können.</Unicode>
                </TextEquiv>
            </TextLine>
            <TextLine id="r1l20" custom="readingOrder {index:19;}">
                <Coords points="468,1668 496,1662 540,1676 601,1632 642,1658 700,1617 769,1626 764,1552 723,1564 683,1545 646,1574 590,1559 545,1590 506,1562 461,1576"/>
                <Baseline points="473,1628 499,1624 525,1621 551,1619 577,1617 603,1614 630,1612 656,1610 682,1610 708,1609 734,1608 761,1608"/>
                <Word id="r1l20_w1" custom="readingOrder {index:0;}">
                    <Coords points="461,1579 461,1639 625,1639 625,1579"/>
                    <TextEquiv>
                        <Unicode>Terrasse</Unicode>
                    </TextEquiv>
                </Word>
                <Word id="r1l20_w2" custom="readingOrder {index:1;}">
                    <Coords points="647,1568 647,1628 779,1628 779,1568"/>
                    <TextEquiv>
                        <Unicode>Charles</Unicode>
                    </TextEquiv>
                </Word>
                <TextEquiv>
                    <Unicode>Terrasse Charles</Unicode>
                </TextEquiv>
            </TextLine>
            <TextLine id="r1l21" custom="readingOrder {index:20;}">
                <Coords points="761,1717 1278,1688 1349,1722 1406,1669 1569,1645 1727,1672 1785,1633 1781,1574 1390,1580 1244,1657 1154,1623 1002,1619 953,1661 889,1623 754,1630"/>
                <Baseline points="767,1700 817,1699 868,1697 918,1695 969,1692 1019,1691 1070,1687 1120,1683 1171,1679 1221,1676 1272,1671 1323,1668 1373,1663 1424,1659 1474,1655 1525,1652 1575,1647 1626,1643 1676,1639 1727,1635 1778,1632"/>
                <Word id="r1l21_w1" custom="readingOrder {index:0;}">
                    <Coords points="776,1658 776,1718 909,1718 909,1658"/>
                    <TextEquiv>
                        <Unicode>Weilen</Unicode>
                    </TextEquiv>
                </Word>
                <Word id="r1l21_w2" custom="readingOrder {index:1;}">
                    <Coords points="930,1651 930,1711 1019,1711 1019,1651"/>
                    <TextEquiv>
                        <Unicode>aber</Unicode>
                    </TextEquiv>
                </Word>
                <Word id="r1l21_w3" custom="readingOrder {index:2;}">
                    <Coords points="1041,1642 1041,1702 1218,1702 1218,1642"/>
                    <TextEquiv>
                        <Unicode>derselbe</Unicode>
                    </TextEquiv>
                </Word>
                <Word id="r1l21_w4" custom="readingOrder {index:3;}">
                    <Coords points="1251,1628 1251,1688 1362,1688 1362,1628"/>
                    <TextEquiv>
                        <Unicode>nicht</Unicode>
                    </TextEquiv>
                </Word>
                <Word id="r1l21_w5" custom="readingOrder {index:4;}">
                    <Coords points="1396,1611 1396,1671 1672,1671 1672,1611"/>
                    <TextEquiv>
                        <Unicode>gegenwertig,</Unicode>
                    </TextEquiv>
                </Word>
                <Word id="r1l21_w6" custom="readingOrder {index:5;}">
                    <Coords points="1683,1595 1683,1655 1749,1655 1749,1595"/>
                    <TextEquiv>
                        <Unicode>alß</Unicode>
                    </TextEquiv>
                </Word>
                <TextEquiv>
                    <Unicode>Weilen aber derselbe nicht gegenwertig, alß</Unicode>
                </TextEquiv>
            </TextLine>
            <TextLine id="r1l22" custom="readingOrder {index:21;}">
                <Coords points="762,1802 892,1838 965,1785 1287,1760 1403,1812 1523,1737 1627,1762 1768,1713 1671,1654 1391,1676 1349,1723 1278,1688 1217,1730 1040,1698 756,1717"/>
                <Baseline points="767,1775 816,1775 866,1775 915,1775 965,1773 1015,1772 1064,1770 1114,1767 1164,1764 1213,1761 1263,1757 1313,1753 1362,1749 1412,1745 1462,1740 1511,1736 1561,1732 1611,1726 1660,1721 1710,1717 1760,1712"/>
                <Word id="r1l22_w1" custom="readingOrder {index:0;}">
                    <Coords points="771,1735 771,1795 822,1795 822,1735"/>
                    <TextEquiv>
                        <Unicode>Sie</Unicode>
                    </TextEquiv>
                </Word>
                <Word id="r1l22_w2" custom="readingOrder {index:1;}">
                    <Coords points="835,1735 835,1795 900,1795 900,1735"/>
                    <TextEquiv>
                        <Unicode>ist</Unicode>
                    </TextEquiv>
                </Word>
                <Word id="r1l22_w3" custom="readingOrder {index:2;}">
                    <Coords points="912,1733 912,1793 990,1793 990,1733"/>
                    <TextEquiv>
                        <Unicode>Ihre</Unicode>
                    </TextEquiv>
                </Word>
                <Word id="r1l22_w4" custom="readingOrder {index:3;}">
                    <Coords points="1016,1727 1016,1787 1196,1787 1196,1727"/>
                    <TextEquiv>
                        <Unicode>begehend</Unicode>
                    </TextEquiv>
                </Word>
                <Word id="r1l22_w5" custom="readingOrder {index:4;}">
                    <Coords points="1210,1718 1210,1778 1286,1778 1286,1718"/>
                    <TextEquiv>
                        <Unicode>ab-</Unicode>
                    </TextEquiv>
                </Word>
                <Word id="r1l22_w6" custom="readingOrder {index:5;}">
                    <Coords points="1299,1710 1299,1770 1377,1770 1377,1710"/>
                    <TextEquiv>
                        <Unicode>und</Unicode>
                    </TextEquiv>
                </Word>
                <Word id="r1l22_w7" custom="readingOrder {index:6;}">
                    <Coords points="1402,1700 1402,1760 1506,1760 1506,1700"/>
                    <TextEquiv>
                        <Unicode>dahin</Unicode>
                    </TextEquiv>
                </Word>
                <Word id="r1l22_w8" custom="readingOrder {index:7;}">
                    <Coords points="1531,1684 1531,1744 1712,1744 1712,1684"/>
                    <TextEquiv>
                        <Unicode>verlisen</Unicode>
                    </TextEquiv>
                </Word>
                <TextEquiv>
                    <Unicode>Sie ist Ihre begehend ab- und dahin verlisen</Unicode>
                </TextEquiv>
            </TextLine>
            <TextLine id="r1l23" custom="readingOrder {index:22;}">
                <Coords points="757,1868 947,1918 1019,1897 1108,1913 1152,1880 1407,1905 1403,1769 1360,1761 1249,1812 1194,1780 1170,1802 1058,1778 963,1786 893,1839 792,1797 756,1813"/>
                <Baseline points="764,1857 795,1856 827,1856 858,1855 890,1854 922,1854 953,1853 985,1853 1017,1853 1048,1853 1080,1851 1112,1851 1143,1850 1175,1850 1207,1848 1238,1847 1270,1845 1302,1844 1333,1842 1365,1839 1397,1836"/>
                <Word id="r1l23_w1" custom="readingOrder {index:0;}">
                    <Coords points="759,1815 759,1875 899,1875 899,1815"/>
                    <TextEquiv>
                        <Unicode>wadn,</Unicode>
                    </TextEquiv>
                </Word>
                <Word id="r1l23_w2" custom="readingOrder {index:1;}">
                    <Coords points="926,1813 926,1873 982,1873 982,1813"/>
                    <TextEquiv>
                        <Unicode>biß</Unicode>
                    </TextEquiv>
                </Word>
                <Word id="r1l23_w3" custom="readingOrder {index:2;}">
                    <Coords points="1009,1813 1009,1873 1052,1873 1052,1813"/>
                    <TextEquiv>
                        <Unicode>Er</Unicode>
                    </TextEquiv>
                </Word>
                <Word id="r1l23_w4" custom="readingOrder {index:3;}">
                    <Coords points="1081,1810 1081,1870 1234,1870 1234,1810"/>
                    <TextEquiv>
                        <Unicode>erschein</Unicode>
                    </TextEquiv>
                </Word>
                <Word id="r1l23_w5" custom="readingOrder {index:4;}">
                    <Coords points="1262,1802 1262,1862 1401,1862 1401,1802"/>
                    <TextEquiv>
                        <Unicode>werder:</Unicode>
                    </TextEquiv>
                </Word>
                <TextEquiv>
                    <Unicode>wadn, biß Er erschein werder:</Unicode>
                </TextEquiv>
            </TextLine>
            <TextLine id="r1l24" custom="readingOrder {index:23;}">
                <Coords points="740,2056 967,2043 1037,2106 1114,2037 1262,2066 1546,2038 1767,1994 1798,1912 1467,1908 959,1979 827,1925 734,1952"/>
                <Baseline points="746,2045 798,2043 850,2041 903,2040 955,2040 1008,2039 1060,2039 1112,2037 1165,2036 1217,2036 1270,2034 1322,2032 1374,2030 1427,2026 1479,2024 1532,2019 1584,2013 1636,2006 1689,1999 1741,1990 1794,1980"/>
                <Word id="r1l24_w1" custom="readingOrder {index:0;}">
                    <Coords points="739,2001 739,2061 910,2061 910,2001"/>
                    <TextEquiv>
                        <Unicode>Neübes</Unicode>
                    </TextEquiv>
                </Word>
                <Word id="r1l24_w2" custom="readingOrder {index:1;}">
                    <Coords points="925,2000 925,2060 971,2060 971,2000"/>
                    <TextEquiv>
                        <Unicode>an</Unicode>
                    </TextEquiv>
                </Word>
                <Word id="r1l24_w3" custom="readingOrder {index:2;}">
                    <Coords points="1003,1997 1003,2057 1172,2057 1172,1997"/>
                    <TextEquiv>
                        <Unicode>Seutschen</Unicode>
                    </TextEquiv>
                </Word>
                <Word id="r1l24_w4" custom="readingOrder {index:3;}">
                    <Coords points="1189,1995 1189,2055 1250,2055 1250,1995"/>
                    <TextEquiv>
                        <Unicode>H.</Unicode>
                    </TextEquiv>
                </Word>
                <Word id="r1l24_w5" custom="readingOrder {index:4;}">
                    <Coords points="1282,1988 1282,2048 1499,2048 1499,1988"/>
                    <TextEquiv>
                        <Unicode>Pordicant.</Unicode>
                    </TextEquiv>
                </Word>
                <Word id="r1l24_w6" custom="readingOrder {index:5;}">
                    <Coords points="1529,1962 1529,2022 1793,2022 1793,1962"/>
                    <TextEquiv>
                        <Unicode>Außbodtfer</Unicode>
                    </TextEquiv>
                </Word>
                <TextEquiv>
                    <Unicode>Neübes an Seutschen H. Pordicant. Außbodtfer</Unicode>
                </TextEquiv>
            </TextLine>
            <TextLine id="r1l25" custom="readingOrder {index:24;}">
                <Coords points="819,2158 1005,2129 1082,2176 1164,2129 1411,2113 1536,2140 1720,2076 1715,1990 1534,2047 1286,2049 1223,2094 1111,2038 1040,2104 966,2043 816,2094"/>
                <Baseline points="825,2130 869,2129 913,2129 958,2127 1002,2127 1046,2127 1091,2127 1135,2126 1179,2126 1224,2124 1268,2123 1312,2121 1357,2119 1401,2115 1445,2112 1490,2108 1534,2101 1578,2094 1623,2087 1667,2079 1712,2069"/>
                <Word id="r1l25_w1" custom="readingOrder {index:0;}">
                    <Coords points="830,2089 830,2149 980,2149 980,2089"/>
                    <TextEquiv>
                        <Unicode>gründen</Unicode>
                    </TextEquiv>
                </Word>
                <Word id="r1l25_w2" custom="readingOrder {index:1;}">
                    <Coords points="1042,2086 1042,2146 1204,2146 1204,2086"/>
                    <TextEquiv>
                        <Unicode>derselbe</Unicode>
                    </TextEquiv>
                </Word>
                <Word id="r1l25_w3" custom="readingOrder {index:2;}">
                    <Coords points="1242,2082 1242,2142 1305,2142 1305,2082"/>
                    <TextEquiv>
                        <Unicode>den</Unicode>
                    </TextEquiv>
                </Word>
                <Word id="r1l25_w4" custom="readingOrder {index:3;}">
                    <Coords points="1342,2072 1342,2132 1542,2132 1542,2072"/>
                    <TextEquiv>
                        <Unicode>Aberhamb</Unicode>
                    </TextEquiv>
                </Word>
                <Word id="r1l25_w5" custom="readingOrder {index:4;}">
                    <Coords points="1566,2044 1566,2104 1704,2104 1704,2044"/>
                    <TextEquiv>
                        <Unicode>zeender</Unicode>
                    </TextEquiv>
                </Word>
                <TextEquiv>
                    <Unicode>gründen derselbe den Aberhamb zeender</Unicode>
                </TextEquiv>
            </TextLine>
            <TextLine id="r1l26" custom="readingOrder {index:25;}">
                <Coords points="478,2210 511,2214 553,2174 614,2160 666,2173 703,2154 725,2175 772,2188 771,2103 752,2111 699,2074 660,2087 579,2065 552,2068 527,2094 476,2098"/>
                <Baseline points="485,2159 510,2160 535,2160 561,2159 586,2159 612,2159 637,2159 663,2159 688,2157 714,2157 739,2157 765,2157"/>
                <Word id="r1l26_w1" custom="readingOrder {index:0;}">
                    <Coords points="491,2119 491,2179 623,2179 623,2119"/>
                    <TextEquiv>
                        <Unicode>Erender</Unicode>
                    </TextEquiv>
                </Word>
                <Word id="r1l26_w2" custom="readingOrder {index:1;}">
                    <Coords points="635,2117 635,2177 782,2177 782,2117"/>
                    <TextEquiv>
                        <Unicode>Abehann</Unicode>
                    </TextEquiv>
                </Word>
                <TextEquiv>
                    <Unicode>Erender Abehann</Unicode>
                </TextEquiv>
            </TextLine>
            <TextLine id="r1l27" custom="readingOrder {index:26;}">
                <Coords points="797,2228 1002,2253 1084,2209 1358,2227 1760,2169 1754,2082 1535,2144 1164,2129 1082,2176 977,2130 924,2170 791,2136"/>
                <Baseline points="804,2217 851,2214 898,2211 946,2210 993,2208 1040,2208 1088,2207 1135,2206 1182,2205 1230,2204 1277,2202 1324,2201 1372,2198 1419,2193 1466,2189 1514,2184 1561,2177 1608,2169 1656,2160 1703,2149 1751,2136"/>
                <Word id="r1l27_w1" custom="readingOrder {index:0;}">
                    <Coords points="804,2174 804,2234 876,2234 876,2174"/>
                    <TextEquiv>
                        <Unicode>von</Unicode>
                    </TextEquiv>
                </Word>
                <Word id="r1l27_w2" custom="readingOrder {index:1;}">
                    <Coords points="913,2168 913,2228 1033,2228 1033,2168"/>
                    <TextEquiv>
                        <Unicode>Könt</Unicode>
                    </TextEquiv>
                </Word>
                <Word id="r1l27_w3" custom="readingOrder {index:2;}">
                    <Coords points="1057,2166 1057,2226 1142,2226 1142,2166"/>
                    <TextEquiv>
                        <Unicode>mit</Unicode>
                    </TextEquiv>
                </Word>
                <Word id="r1l27_w4" custom="readingOrder {index:3;}">
                    <Coords points="1166,2162 1166,2222 1359,2222 1359,2162"/>
                    <TextEquiv>
                        <Unicode>Susanna</Unicode>
                    </TextEquiv>
                </Word>
                <Word id="r1l27_w5" custom="readingOrder {index:4;}">
                    <Coords points="1395,2150 1395,2210 1503,2210 1503,2150"/>
                    <TextEquiv>
                        <Unicode>Jedes</Unicode>
                    </TextEquiv>
                </Word>
                <Word id="r1l27_w6" custom="readingOrder {index:5;}">
                    <Coords points="1539,2133 1539,2193 1624,2193 1624,2133"/>
                    <TextEquiv>
                        <Unicode>Von</Unicode>
                    </TextEquiv>
                </Word>
                <Word id="r1l27_w7" custom="readingOrder {index:6;}">
                    <Coords points="1648,2112 1648,2172 1732,2172 1732,2112"/>
                    <TextEquiv>
                        <Unicode>Man</Unicode>
                    </TextEquiv>
                </Word>
                <TextEquiv>
                    <Unicode>von Könt mit Susanna Jedes Von Man</Unicode>
                </TextEquiv>
            </TextLine>
            <TextLine id="r1l28" custom="readingOrder {index:27;}">
                <Coords points="469,2283 598,2313 661,2297 694,2310 741,2309 755,2295 774,2303 771,2196 744,2196 722,2177 696,2187 641,2170 614,2191 573,2166 510,2216 468,2218"/>
                <Baseline points="476,2249 502,2249 528,2250 554,2250 580,2249 606,2249 633,2247 659,2246 685,2246 711,2244 737,2243 764,2243"/>
                <Word id="r1l28_w1" custom="readingOrder {index:0;}">
                    <Coords points="470,2209 470,2269 580,2269 580,2209"/>
                    <TextEquiv>
                        <Unicode>Joder</Unicode>
                    </TextEquiv>
                </Word>
                <Word id="r1l28_w2" custom="readingOrder {index:1;}">
                    <Coords points="592,2205 592,2265 784,2265 784,2205"/>
                    <TextEquiv>
                        <Unicode>Susanna.</Unicode>
                    </TextEquiv>
                </Word>
                <TextEquiv>
                    <Unicode>Joder Susanna.</Unicode>
                </TextEquiv>
            </TextLine>
            <TextLine id="r1l29" custom="readingOrder {index:28;}">
                <Coords points="792,2346 841,2302 976,2356 1359,2287 1592,2312 1798,2218 1787,2160 1475,2192 1437,2234 1390,2209 1342,2252 1152,2204 1043,2265 786,2242"/>
                <Baseline points="797,2298 846,2297 896,2295 945,2295 995,2294 1045,2294 1094,2294 1144,2294 1194,2294 1243,2294 1293,2292 1343,2290 1392,2288 1442,2285 1492,2279 1541,2273 1591,2265 1641,2256 1690,2246 1740,2232 1790,2216"/>
                <Word id="r1l29_w1" custom="readingOrder {index:0;}">
                    <Coords points="790,2256 790,2316 933,2316 933,2256"/>
                    <TextEquiv>
                        <Unicode>Ehelich</Unicode>
                    </TextEquiv>
                </Word>
                <Word id="r1l29_w2" custom="readingOrder {index:1;}">
                    <Coords points="947,2254 947,2314 1219,2314 1219,2254"/>
                    <TextEquiv>
                        <Unicode>eingestegnet,</Unicode>
                    </TextEquiv>
                </Word>
                <Word id="r1l29_w3" custom="readingOrder {index:2;}">
                    <Coords points="1233,2253 1233,2313 1292,2313 1292,2253"/>
                    <TextEquiv>
                        <Unicode>das</Unicode>
                    </TextEquiv>
                </Word>
                <Word id="r1l29_w4" custom="readingOrder {index:3;}">
                    <Coords points="1320,2249 1320,2309 1405,2309 1405,2249"/>
                    <TextEquiv>
                        <Unicode>lan</Unicode>
                    </TextEquiv>
                </Word>
                <Word id="r1l29_w5" custom="readingOrder {index:4;}">
                    <Coords points="1449,2241 1449,2301 1491,2301 1491,2241"/>
                    <TextEquiv>
                        <Unicode>en</Unicode>
                    </TextEquiv>
                </Word>
                <Word id="r1l29_w6" custom="readingOrder {index:5;}">
                    <Coords points="1505,2231 1505,2291 1592,2291 1592,2231"/>
                    <TextEquiv>
                        <Unicode>nie</Unicode>
                    </TextEquiv>
                </Word>
                <Word id="r1l29_w7" custom="readingOrder {index:6;}">
                    <Coords points="1620,2211 1620,2271 1707,2271 1707,2211"/>
                    <TextEquiv>
                        <Unicode>ere</Unicode>
                    </TextEquiv>
                </Word>
                <Word id="r1l29_w8" custom="readingOrder {index:7;}">
                    <Coords points="1749,2186 1749,2246 1763,2246 1763,2186"/>
                    <TextEquiv>
                        <Unicode>a</Unicode>
                    </TextEquiv>
                </Word>
                <TextEquiv>
                    <Unicode>Ehelich eingestegnet, das lan en nie ere a</Unicode>
                </TextEquiv>
            </TextLine>
            <TextLine id="r1l30" custom="readingOrder {index:29;}">
                <Coords points="760,2394 986,2390 1073,2446 1116,2403 1329,2389 1419,2431 1593,2352 1706,2386 1814,2328 1811,2272 1671,2255 1597,2317 1533,2290 1479,2325 1325,2293 1233,2357 1134,2304 1073,2356 1024,2324 979,2357 755,2304"/>
                <Baseline points="767,2381 818,2381 870,2382 922,2383 974,2384 1026,2385 1078,2385 1130,2385 1182,2385 1234,2384 1286,2382 1337,2380 1389,2378 1441,2373 1493,2369 1545,2362 1597,2357 1649,2347 1701,2338 1753,2328 1805,2315"/>
                <Word id="r1l30_w1" custom="readingOrder {index:0;}">
                    <Coords points="758,2341 758,2401 914,2401 914,2341"/>
                    <TextEquiv>
                        <Unicode>knehren</Unicode>
                    </TextEquiv>
                </Word>
                <Word id="r1l30_w2" custom="readingOrder {index:1;}">
                    <Coords points="942,2344 942,2404 1013,2404 1013,2344"/>
                    <TextEquiv>
                        <Unicode>auß</Unicode>
                    </TextEquiv>
                </Word>
                <Word id="r1l30_w3" custom="readingOrder {index:2;}">
                    <Coords points="1055,2345 1055,2405 1198,2405 1198,2345"/>
                    <TextEquiv>
                        <Unicode>deßen</Unicode>
                    </TextEquiv>
                </Word>
                <Word id="r1l30_w4" custom="readingOrder {index:3;}">
                    <Coords points="1254,2340 1254,2400 1397,2400 1397,2340"/>
                    <TextEquiv>
                        <Unicode>bericht</Unicode>
                    </TextEquiv>
                </Word>
                <Word id="r1l30_w5" custom="readingOrder {index:4;}">
                    <Coords points="1425,2326 1425,2386 1595,2386 1595,2326"/>
                    <TextEquiv>
                        <Unicode>schriben</Unicode>
                    </TextEquiv>
                </Word>
                <Word id="r1l30_w6" custom="readingOrder {index:5;}">
                    <Coords points="1624,2295 1624,2355 1808,2355 1808,2295"/>
                    <TextEquiv>
                        <Unicode>zuersehen</Unicode>
                    </TextEquiv>
                </Word>
                <TextEquiv>
                    <Unicode>knehren auß deßen bericht schriben zuersehen</Unicode>
                </TextEquiv>
            </TextLine>
            <TextLine id="r1l31" custom="readingOrder {index:30;}">
                <Coords points="773,2520 833,2474 1097,2465 1176,2525 1332,2459 1486,2513 1560,2442 1823,2421 1820,2366 1668,2404 1505,2373 1397,2441 1331,2390 1166,2399 1105,2447 979,2396 767,2417"/>
                <Baseline points="777,2469 828,2468 880,2467 932,2466 984,2466 1036,2466 1088,2466 1139,2465 1191,2465 1243,2463 1295,2462 1347,2459 1399,2456 1451,2453 1502,2448 1554,2442 1606,2436 1658,2428 1710,2418 1762,2408 1814,2396"/>
                <Word id="r1l31_w1" custom="readingOrder {index:0;}">
                    <Coords points="769,2427 769,2487 920,2487 920,2427"/>
                    <TextEquiv>
                        <Unicode>gehabt:</Unicode>
                    </TextEquiv>
                </Word>
                <Word id="r1l31_w2" custom="readingOrder {index:1;}">
                    <Coords points="945,2426 945,2486 1034,2486 1034,2426"/>
                    <TextEquiv>
                        <Unicode>Wie</Unicode>
                    </TextEquiv>
                </Word>
                <Word id="r1l31_w3" custom="readingOrder {index:2;}">
                    <Coords points="1047,2426 1047,2486 1109,2486 1109,2426"/>
                    <TextEquiv>
                        <Unicode>nun</Unicode>
                    </TextEquiv>
                </Word>
                <Word id="r1l31_w4" custom="readingOrder {index:3;}">
                    <Coords points="1123,2425 1123,2485 1250,2485 1250,2425"/>
                    <TextEquiv>
                        <Unicode>solches</Unicode>
                    </TextEquiv>
                </Word>
                <Word id="r1l31_w5" custom="readingOrder {index:4;}">
                    <Coords points="1275,2420 1275,2480 1376,2480 1376,2420"/>
                    <TextEquiv>
                        <Unicode>Gon</Unicode>
                    </TextEquiv>
                </Word>
                <Word id="r1l31_w6" custom="readingOrder {index:5;}">
                    <Coords points="1426,2405 1426,2465 1617,2465 1617,2405"/>
                    <TextEquiv>
                        <Unicode>Großer</Unicode>
                    </TextEquiv>
                </Word>
                <Word id="r1l31_w7" custom="readingOrder {index:6;}">
                    <Coords points="1629,2378 1629,2438 1781,2438 1781,2378"/>
                    <TextEquiv>
                        <Unicode>Connugun</Unicode>
                    </TextEquiv>
                </Word>
                <TextEquiv>
                    <Unicode>gehabt: Wie nun solches Gon Großer Connugun</Unicode>
                </TextEquiv>
            </TextLine>
            <TextLine id="r1l32" custom="readingOrder {index:31;}">
                <Coords points="767,2560 997,2608 1142,2552 1346,2549 1489,2596 1801,2491 1798,2421 1567,2443 1489,2517 1412,2466 1180,2523 924,2468 765,2525"/>
                <Baseline points="774,2550 827,2549 881,2547 934,2547 988,2547 1042,2547 1095,2547 1149,2549 1203,2549 1256,2549 1310,2547 1363,2546 1417,2543 1471,2540 1524,2534 1578,2529 1632,2520 1685,2511 1739,2498 1793,2483"/>
                <Word id="r1l32_w1" custom="readingOrder {index:0;}">
                    <Coords points="787,2509 787,2569 867,2569 867,2509"/>
                    <TextEquiv>
                        <Unicode>undt</Unicode>
                    </TextEquiv>
                </Word>
                <Word id="r1l32_w2" custom="readingOrder {index:1;}">
                    <Coords points="883,2507 883,2567 981,2567 981,2507"/>
                    <TextEquiv>
                        <Unicode>viele</Unicode>
                    </TextEquiv>
                </Word>
                <Word id="r1l32_w3" custom="readingOrder {index:2;}">
                    <Coords points="1013,2508 1013,2568 1257,2568 1257,2508"/>
                    <TextEquiv>
                        <Unicode>Confanionen</Unicode>
                    </TextEquiv>
                </Word>
                <Word id="r1l32_w4" custom="readingOrder {index:3;}">
                    <Coords points="1291,2506 1291,2566 1421,2566 1421,2506"/>
                    <TextEquiv>
                        <Unicode>daraus</Unicode>
                    </TextEquiv>
                </Word>
                <Word id="r1l32_w5" custom="readingOrder {index:4;}">
                    <Coords points="1437,2492 1437,2552 1647,2552 1647,2492"/>
                    <TextEquiv>
                        <Unicode>entstehen</Unicode>
                    </TextEquiv>
                </Word>
                <Word id="r1l32_w6" custom="readingOrder {index:5;}">
                    <Coords points="1663,2458 1663,2518 1811,2518 1811,2458"/>
                    <TextEquiv>
                        <Unicode>könne.</Unicode>
                    </TextEquiv>
                </Word>
                <TextEquiv>
                    <Unicode>undt viele Confanionen daraus entstehen könne.</Unicode>
                </TextEquiv>
            </TextLine>
            <TextEquiv>
                <Unicode></Unicode>
            </TextEquiv>
        </TextRegion>
        <TextRegion orientation="0.0" id="r2" custom="readingOrder {index:1;}">
            <Coords points="1877,1318 1877,1477 1955,1477 1955,1318"/>
            <TextLine id="r2l1" custom="readingOrder {index:0;}">
                <Coords points="1874,1472 1913,1469 1940,1446 1959,1458 1967,1457 1952,1324 1941,1325 1894,1369 1864,1386"/>
                <Baseline points="1877,1427 1903,1427 1929,1424 1955,1418"/>
                <Word id="r2l1_w1" custom="readingOrder {index:0;}">
                    <Coords points="1867,1384 1867,1444 1977,1444 1977,1384"/>
                    <TextEquiv>
                        <Unicode>1.</Unicode>
                    </TextEquiv>
                </Word>
                <TextEquiv>
                    <Unicode>1.</Unicode>
                </TextEquiv>
            </TextLine>
            <TextEquiv>
                <Unicode></Unicode>
            </TextEquiv>
        </TextRegion>
        <TextRegion orientation="0.0" id="r3" custom="readingOrder {index:2;}">
            <Coords points="1892,2292 1892,2437 2057,2437 2057,2292"/>
            <TextLine id="r3l1" custom="readingOrder {index:0;}">
                <Coords points="1882,2385 1908,2397 1929,2383 1935,2389 1944,2382 1951,2390 1980,2364 1998,2370 2036,2344 2055,2348 2059,2272 2028,2274 2005,2254 1966,2277 1889,2224"/>
                <Baseline points="1892,2331 1918,2335 1944,2337 1970,2339 1996,2339 2022,2339 2048,2340"/>
                <Word id="r3l1_w1" custom="readingOrder {index:0;}">
                    <Coords points="1888,2298 1888,2358 2034,2358 2034,2298"/>
                    <TextEquiv>
                        <Unicode>Prhauß</Unicode>
                    </TextEquiv>
                </Word>
                <TextEquiv>
                    <Unicode>Prhauß</Unicode>
                </TextEquiv>
            </TextLine>
            <TextLine id="r3l2" custom="readingOrder {index:1;}">
                <Coords points="1894,2447 1944,2426 2006,2468 2022,2460 2038,2472 2066,2473 2064,2353 2043,2361 2025,2348 1966,2390 1946,2379 1936,2388 1893,2375"/>
                <Baseline points="1901,2417 1927,2418 1953,2418 1979,2418 2005,2418 2031,2417 2057,2414"/>
                <Word id="r3l2_w1" custom="readingOrder {index:0;}">
                    <Coords points="1900,2378 1900,2438 2047,2438 2047,2378"/>
                    <TextEquiv>
                        <Unicode>bartora</Unicode>
                    </TextEquiv>
                </Word>
                <TextEquiv>
                    <Unicode>bartora</Unicode>
                </TextEquiv>
            </TextLine>
            <TextEquiv>
                <Unicode></Unicode>
            </TextEquiv>
        </TextRegion>
        <TextRegion orientation="0.0" id="r4" custom="readingOrder {index:3;}">
            <Coords points="2007,222 2007,2536 3245,2536 3245,222"/>
            <TextLine id="r4l1" custom="readingOrder {index:0;}">
                <Coords points="3030,330 3071,331 3133,306 3155,322 3193,315 3196,208 3181,204 3155,219 3103,210 3077,218 3056,200 3033,205"/>
                <Baseline points="3039,263 3068,264 3097,267 3127,267 3156,267 3186,266"/>
                <Word id="r4l1_w1" custom="readingOrder {index:0;}">
                    <Coords points="3036,223 3036,283 3086,283 3086,223"/>
                    <TextEquiv>
                        <Unicode>28</Unicode>
                    </TextEquiv>
                </Word>
                <Word id="r4l1_w2" custom="readingOrder {index:1;}">
                    <Coords points="3137,226 3137,286 3206,286 3206,226"/>
                    <TextEquiv>
                        <Unicode>l.</Unicode>
                    </TextEquiv>
                </Word>
                <TextEquiv>
                    <Unicode>28 l.</Unicode>
                </TextEquiv>
            </TextLine>
            <TextLine id="r4l2" custom="readingOrder {index:1;}">
                <Coords points="2006,458 2226,378 3181,368 3180,321 3071,340 2905,279 2658,329 2332,259 2238,303 2109,264 2003,295"/>
                <Baseline points="2013,419 2071,405 2129,395 2187,385 2245,379 2303,375 2361,372 2419,369 2477,369 2535,369 2593,370 2651,371 2709,372 2767,374 2825,375 2883,377 2941,378 2999,377 3057,377 3115,373 3173,369"/>
                <Word id="r4l2_w1" custom="readingOrder {index:0;}">
                    <Coords points="2032,366 2032,426 2100,426 2100,366"/>
                    <TextEquiv>
                        <Unicode>Alß</Unicode>
                    </TextEquiv>
                </Word>
                <Word id="r4l2_w2" custom="readingOrder {index:1;}">
                    <Coords points="2140,346 2140,406 2221,406 2221,346"/>
                    <TextEquiv>
                        <Unicode>habe</Unicode>
                    </TextEquiv>
                </Word>
                <Word id="r4l2_w3" custom="readingOrder {index:2;}">
                    <Coords points="2247,333 2247,393 2409,393 2409,333"/>
                    <TextEquiv>
                        <Unicode>dieselbe</Unicode>
                    </TextEquiv>
                </Word>
                <Word id="r4l2_w4" custom="readingOrder {index:3;}">
                    <Coords points="2436,329 2436,389 2489,389 2489,329"/>
                    <TextEquiv>
                        <Unicode>gar</Unicode>
                    </TextEquiv>
                </Word>
                <Word id="r4l2_w5" custom="readingOrder {index:4;}">
                    <Coords points="2517,329 2517,389 2598,389 2598,329"/>
                    <TextEquiv>
                        <Unicode>übel</Unicode>
                    </TextEquiv>
                </Word>
                <Word id="r4l2_w6" custom="readingOrder {index:5;}">
                    <Coords points="2611,331 2611,391 2772,391 2772,331"/>
                    <TextEquiv>
                        <Unicode>gethan,</Unicode>
                    </TextEquiv>
                </Word>
                <Word id="r4l2_w7" custom="readingOrder {index:6;}">
                    <Coords points="2785,334 2785,394 2853,394 2853,334"/>
                    <TextEquiv>
                        <Unicode>daß</Unicode>
                    </TextEquiv>
                </Word>
                <Word id="r4l2_w8" custom="readingOrder {index:7;}">
                    <Coords points="2879,337 2879,397 2921,397 2921,337"/>
                    <TextEquiv>
                        <Unicode>Er</Unicode>
                    </TextEquiv>
                </Word>
                <Word id="r4l2_w9" custom="readingOrder {index:8;}">
                    <Coords points="2947,337 2947,397 3055,397 3055,337"/>
                    <TextEquiv>
                        <Unicode>dieser</Unicode>
                    </TextEquiv>
                </Word>
                <Word id="r4l2_w10" custom="readingOrder {index:9;}">
                    <Coords points="3081,332 3081,392 3176,392 3176,332"/>
                    <TextEquiv>
                        <Unicode>lüth</Unicode>
                    </TextEquiv>
                </Word>
                <TextEquiv>
                    <Unicode>Alß habe dieselbe gar übel gethan, daß Er dieser lüth</Unicode>
                </TextEquiv>
            </TextLine>
            <TextLine id="r4l3" custom="readingOrder {index:2;}">
                <Coords points="2011,561 2214,471 3178,497 3207,416 2871,371 2815,410 2693,386 2633,425 2543,382 2472,420 2412,384 2009,459"/>
                <Baseline points="2018,501 2077,490 2136,481 2195,474 2254,467 2313,463 2372,459 2431,457 2490,456 2549,455 2609,455 2668,456 2727,458 2786,459 2845,461 2904,462 2963,462 3022,464 3081,465 3140,465 3200,464"/>
                <Word id="r4l3_w1" custom="readingOrder {index:0;}">
                    <Coords points="2027,451 2027,511 2113,511 2113,451"/>
                    <TextEquiv>
                        <Unicode>ohne</Unicode>
                    </TextEquiv>
                </Word>
                <Word id="r4l3_w2" custom="readingOrder {index:1;}">
                    <Coords points="2141,428 2141,488 2342,488 2342,428"/>
                    <TextEquiv>
                        <Unicode>erweisung</Unicode>
                    </TextEquiv>
                </Word>
                <Word id="r4l3_w3" custom="readingOrder {index:2;}">
                    <Coords points="2370,417 2370,477 2457,477 2457,417"/>
                    <TextEquiv>
                        <Unicode>Ihro</Unicode>
                    </TextEquiv>
                </Word>
                <Word id="r4l3_w4" custom="readingOrder {index:3;}">
                    <Coords points="2485,415 2485,475 2629,475 2629,415"/>
                    <TextEquiv>
                        <Unicode>heimah</Unicode>
                    </TextEquiv>
                </Word>
                <Word id="r4l3_w5" custom="readingOrder {index:4;}">
                    <Coords points="2643,416 2643,476 2744,476 2744,416"/>
                    <TextEquiv>
                        <Unicode>undt</Unicode>
                    </TextEquiv>
                </Word>
                <Word id="r4l3_w6" custom="readingOrder {index:5;}">
                    <Coords points="2758,421 2758,481 3031,481 3031,421"/>
                    <TextEquiv>
                        <Unicode>Verkündung</Unicode>
                    </TextEquiv>
                </Word>
                <Word id="r4l3_w7" custom="readingOrder {index:6;}">
                    <Coords points="3073,425 3073,485 3202,485 3202,425"/>
                    <TextEquiv>
                        <Unicode>schein</Unicode>
                    </TextEquiv>
                </Word>
                <TextEquiv>
                    <Unicode>ohne erweisung Ihro heimah undt Verkündung schein</Unicode>
                </TextEquiv>
            </TextLine>
            <TextLine id="r4l4" custom="readingOrder {index:3;}">
                <Coords points="2033,632 2194,554 2633,557 2719,605 2795,545 2842,579 3132,543 3131,502 3043,479 2934,506 2565,458 2276,514 2227,478 2086,494 2031,531"/>
                <Baseline points="2039,582 2093,573 2147,566 2201,561 2256,555 2310,552 2364,549 2419,546 2473,545 2527,545 2582,545 2636,545 2690,545 2744,545 2799,546 2853,546 2907,546 2962,546 3016,546 3070,545 3125,543"/>
                <Word id="r4l4_w1" custom="readingOrder {index:0;}">
                    <Coords points="2033,530 2033,590 2197,590 2197,530"/>
                    <TextEquiv>
                        <Unicode>sopulirt</Unicode>
                    </TextEquiv>
                </Word>
                <Word id="r4l4_w2" custom="readingOrder {index:1;}">
                    <Coords points="2222,512 2222,572 2398,572 2398,512"/>
                    <TextEquiv>
                        <Unicode>wollendt</Unicode>
                    </TextEquiv>
                </Word>
                <Word id="r4l4_w3" custom="readingOrder {index:2;}">
                    <Coords points="2423,505 2423,565 2498,565 2498,505"/>
                    <TextEquiv>
                        <Unicode>aber</Unicode>
                    </TextEquiv>
                </Word>
                <Word id="r4l4_w4" custom="readingOrder {index:3;}">
                    <Coords points="2524,505 2524,565 2624,565 2624,505"/>
                    <TextEquiv>
                        <Unicode>dieses</Unicode>
                    </TextEquiv>
                </Word>
                <Word id="r4l4_w5" custom="readingOrder {index:4;}">
                    <Coords points="2649,505 2649,565 2700,565 2700,505"/>
                    <TextEquiv>
                        <Unicode>fur</Unicode>
                    </TextEquiv>
                </Word>
                <Word id="r4l4_w6" custom="readingOrder {index:5;}">
                    <Coords points="2725,506 2725,566 2914,566 2914,506"/>
                    <TextEquiv>
                        <Unicode>dißmahl</Unicode>
                    </TextEquiv>
                </Word>
                <Word id="r4l4_w7" custom="readingOrder {index:6;}">
                    <Coords points="2939,506 2939,566 3078,566 3078,506"/>
                    <TextEquiv>
                        <Unicode>dahin</Unicode>
                    </TextEquiv>
                </Word>
                <TextEquiv>
                    <Unicode>sopulirt wollendt aber dieses fur dißmahl dahin</Unicode>
                </TextEquiv>
            </TextLine>
            <TextLine id="r4l5" custom="readingOrder {index:4;}">
                <Coords points="2012,716 2395,640 3065,660 3151,634 3150,572 2817,560 2718,606 2666,568 2528,626 2371,556 2010,636"/>
                <Baseline points="2019,674 2075,664 2131,657 2187,650 2243,645 2300,642 2356,639 2412,638 2468,636 2524,635 2581,635 2637,635 2693,635 2749,636 2805,636 2862,636 2918,636 2974,635 3030,633 3086,631 3143,629"/>
                <Word id="r4l5_w1" custom="readingOrder {index:0;}">
                    <Coords points="2035,618 2035,678 2204,678 2204,618"/>
                    <TextEquiv>
                        <Unicode>gestellt</Unicode>
                    </TextEquiv>
                </Word>
                <Word id="r4l5_w2" custom="readingOrder {index:1;}">
                    <Coords points="2228,604 2228,664 2289,664 2289,604"/>
                    <TextEquiv>
                        <Unicode>sein</Unicode>
                    </TextEquiv>
                </Word>
                <Word id="r4l5_w3" custom="readingOrder {index:2;}">
                    <Coords points="2325,598 2325,658 2470,658 2470,598"/>
                    <TextEquiv>
                        <Unicode>laßen,</Unicode>
                    </TextEquiv>
                </Word>
                <Word id="r4l5_w4" custom="readingOrder {index:3;}">
                    <Coords points="2482,595 2482,655 2677,655 2677,595"/>
                    <TextEquiv>
                        <Unicode>künfftig</Unicode>
                    </TextEquiv>
                </Word>
                <Word id="r4l5_w5" custom="readingOrder {index:4;}">
                    <Coords points="2688,595 2688,655 2773,655 2773,595"/>
                    <TextEquiv>
                        <Unicode>aber</Unicode>
                    </TextEquiv>
                </Word>
                <Word id="r4l5_w6" custom="readingOrder {index:5;}">
                    <Coords points="2797,596 2797,656 2978,656 2978,596"/>
                    <TextEquiv>
                        <Unicode>demselben</Unicode>
                    </TextEquiv>
                </Word>
                <Word id="r4l5_w7" custom="readingOrder {index:6;}">
                    <Coords points="3003,591 3003,651 3161,651 3161,591"/>
                    <TextEquiv>
                        <Unicode>gantz¬</Unicode>
                    </TextEquiv>
                </Word>
                <TextEquiv>
                    <Unicode>gestellt sein laßen, künfftig aber demselben gantz¬</Unicode>
                </TextEquiv>
            </TextLine>
            <TextLine id="r4l6" custom="readingOrder {index:5;}">
                <Coords points="2021,798 2361,734 2539,781 2723,714 3103,748 3154,731 3151,649 3039,668 2984,631 2787,700 2685,644 2397,638 2019,725"/>
                <Baseline points="2027,761 2085,753 2144,746 2203,741 2262,735 2321,732 2380,729 2439,728 2498,726 2557,725 2615,723 2674,723 2733,722 2792,722 2851,721 2910,720 2969,719 3028,717 3087,715 3146,711"/>
                <Word id="r4l6_w1" custom="readingOrder {index:0;}">
                    <Coords points="2022,703 2022,763 2314,763 2314,703"/>
                    <TextEquiv>
                        <Unicode>fonstmeinendt</Unicode>
                    </TextEquiv>
                </Word>
                <Word id="r4l6_w2" custom="readingOrder {index:1;}">
                    <Coords points="2341,687 2341,747 2550,747 2550,687"/>
                    <TextEquiv>
                        <Unicode>Injungiet</Unicode>
                    </TextEquiv>
                </Word>
                <Word id="r4l6_w3" custom="readingOrder {index:2;}">
                    <Coords points="2577,683 2577,743 2689,743 2689,683"/>
                    <TextEquiv>
                        <Unicode>haben</Unicode>
                    </TextEquiv>
                </Word>
                <Word id="r4l6_w4" custom="readingOrder {index:3;}">
                    <Coords points="2759,681 2759,741 2857,741 2857,681"/>
                    <TextEquiv>
                        <Unicode>keine</Unicode>
                    </TextEquiv>
                </Word>
                <Word id="r4l6_w5" custom="readingOrder {index:4;}">
                    <Coords points="2870,679 2870,739 3023,739 3023,679"/>
                    <TextEquiv>
                        <Unicode>teütsche</Unicode>
                    </TextEquiv>
                </Word>
                <Word id="r4l6_w6" custom="readingOrder {index:5;}">
                    <Coords points="3052,674 3052,734 3148,734 3148,674"/>
                    <TextEquiv>
                        <Unicode>leuth</Unicode>
                    </TextEquiv>
                </Word>
                <TextEquiv>
                    <Unicode>fonstmeinendt Injungiet haben keine teütsche leuth</Unicode>
                </TextEquiv>
            </TextLine>
            <TextLine id="r4l7" custom="readingOrder {index:6;}">
                <Coords points="2010,905 2210,841 2363,894 2452,827 2603,886 2745,810 2943,818 3020,866 3188,819 3185,756 3066,723 2799,735 2641,795 2407,736 2006,791"/>
                <Baseline points="2015,858 2073,850 2131,843 2189,837 2247,832 2306,827 2364,823 2422,821 2480,819 2538,816 2597,816 2655,815 2713,815 2771,815 2829,813 2888,813 2946,813 3004,812 3062,812 3120,810 3179,809"/>
                <Word id="r4l7_w1" custom="readingOrder {index:0;}">
                    <Coords points="2024,810 2024,870 2111,870 2111,810"/>
                    <TextEquiv>
                        <Unicode>ohne</Unicode>
                    </TextEquiv>
                </Word>
                <Word id="r4l7_w2" custom="readingOrder {index:1;}">
                    <Coords points="2126,792 2126,852 2361,852 2361,792"/>
                    <TextEquiv>
                        <Unicode>Verleisung</Unicode>
                    </TextEquiv>
                </Word>
                <Word id="r4l7_w3" custom="readingOrder {index:2;}">
                    <Coords points="2390,780 2390,840 2479,840 2479,780"/>
                    <TextEquiv>
                        <Unicode>Ehre</Unicode>
                    </TextEquiv>
                </Word>
                <Word id="r4l7_w4" custom="readingOrder {index:3;}">
                    <Coords points="2508,776 2508,836 2683,836 2683,776"/>
                    <TextEquiv>
                        <Unicode>heimath</Unicode>
                    </TextEquiv>
                </Word>
                <Word id="r4l7_w5" custom="readingOrder {index:4;}">
                    <Coords points="2698,775 2698,835 2787,835 2787,775"/>
                    <TextEquiv>
                        <Unicode>undt</Unicode>
                    </TextEquiv>
                </Word>
                <Word id="r4l7_w6" custom="readingOrder {index:5;}">
                    <Coords points="2816,772 2816,832 3198,832 3198,772"/>
                    <TextEquiv>
                        <Unicode>Verkundungs¬</Unicode>
                    </TextEquiv>
                </Word>
                <TextEquiv>
                    <Unicode>ohne Verleisung Ehre heimath undt Verkundungs¬</Unicode>
                </TextEquiv>
            </TextLine>
            <TextLine id="r4l8" custom="readingOrder {index:7;}">
                <Coords points="2011,1016 2240,925 2709,904 2821,940 2863,901 3081,897 3080,861 2986,875 2762,807 2605,885 2459,829 2351,892 2256,822 2005,910"/>
                <Baseline points="2015,956 2070,946 2126,936 2182,929 2237,922 2293,917 2349,912 2405,909 2460,907 2516,905 2572,903 2628,902 2683,901 2739,900 2795,899 2851,897 2906,896 2962,893 3018,889 3074,885"/>
                <Word id="r4l8_w1" custom="readingOrder {index:0;}">
                    <Coords points="2022,900 2022,960 2179,960 2179,900"/>
                    <TextEquiv>
                        <Unicode>Scheine</Unicode>
                    </TextEquiv>
                </Word>
                <Word id="r4l8_w2" custom="readingOrder {index:1;}">
                    <Coords points="2207,875 2207,935 2407,935 2407,875"/>
                    <TextEquiv>
                        <Unicode>zusamen</Unicode>
                    </TextEquiv>
                </Word>
                <Word id="r4l8_w3" custom="readingOrder {index:2;}">
                    <Coords points="2421,865 2421,925 2591,925 2591,865"/>
                    <TextEquiv>
                        <Unicode>zugeben,</Unicode>
                    </TextEquiv>
                </Word>
                <Word id="r4l8_w4" custom="readingOrder {index:3;}">
                    <Coords points="2621,861 2621,921 2734,921 2734,861"/>
                    <TextEquiv>
                        <Unicode>sogste</Unicode>
                    </TextEquiv>
                </Word>
                <Word id="r4l8_w5" custom="readingOrder {index:4;}">
                    <Coords points="2762,856 2762,916 2948,916 2948,856"/>
                    <TextEquiv>
                        <Unicode>deselbe</Unicode>
                    </TextEquiv>
                </Word>
                <Word id="r4l8_w6" custom="readingOrder {index:5;}">
                    <Coords points="2976,850 2976,910 3019,910 3019,850"/>
                    <TextEquiv>
                        <Unicode>in</Unicode>
                    </TextEquiv>
                </Word>
                <TextEquiv>
                    <Unicode>Scheine zusamen zugeben, sogste deselbe in</Unicode>
                </TextEquiv>
            </TextLine>
            <TextLine id="r4l9" custom="readingOrder {index:8;}">
                <Coords points="2022,1073 2288,1013 2474,1072 2601,1031 2766,1061 2814,1012 3016,977 3012,908 2872,959 2687,910 2318,961 2251,927 2019,1010"/>
                <Baseline points="2028,1047 2077,1035 2126,1027 2175,1017 2224,1012 2273,1007 2322,1003 2371,999 2420,996 2469,994 2518,993 2567,992 2616,990 2665,989 2714,988 2763,986 2812,984 2861,981 2910,978 2959,974 3008,968"/>
                <Word id="r4l9_w1" custom="readingOrder {index:0;}">
                    <Coords points="2037,990 2037,1050 2167,1050 2167,990"/>
                    <TextEquiv>
                        <Unicode>große</Unicode>
                    </TextEquiv>
                </Word>
                <Word id="r4l9_w2" custom="readingOrder {index:1;}">
                    <Coords points="2197,959 2197,1019 2545,1019 2545,959"/>
                    <TextEquiv>
                        <Unicode>Verntwortung</Unicode>
                    </TextEquiv>
                </Word>
                <Word id="r4l9_w3" custom="readingOrder {index:2;}">
                    <Coords points="2575,949 2575,1009 2691,1009 2691,949"/>
                    <TextEquiv>
                        <Unicode>wurde</Unicode>
                    </TextEquiv>
                </Word>
                <Word id="r4l9_w4" custom="readingOrder {index:3;}">
                    <Coords points="2719,944 2719,1004 2865,1004 2865,944"/>
                    <TextEquiv>
                        <Unicode>gezogen</Unicode>
                    </TextEquiv>
                </Word>
                <Word id="r4l9_w5" custom="readingOrder {index:4;}">
                    <Coords points="2894,933 2894,993 3026,993 3026,933"/>
                    <TextEquiv>
                        <Unicode>werden.</Unicode>
                    </TextEquiv>
                </Word>
                <TextEquiv>
                    <Unicode>große Verntwortung wurde gezogen werden.</Unicode>
                </TextEquiv>
            </TextLine>
            <TextLine id="r4l10" custom="readingOrder {index:9;}">
                <Coords points="2000,1286 2332,1222 2497,1268 2746,1191 2910,1232 3039,1179 3135,1220 3228,1172 3224,1118 3156,1102 2851,1110 2751,1065 2366,1105 2247,1181 2072,1129 1991,1161"/>
                <Baseline points="2007,1272 2067,1261 2128,1252 2189,1242 2249,1235 2310,1227 2371,1221 2431,1215 2492,1210 2553,1205 2614,1200 2674,1197 2735,1194 2796,1191 2856,1188 2917,1185 2978,1182 3038,1180 3099,1177 3160,1174 3221,1170"/>
                <Word id="r4l10_w1" custom="readingOrder {index:0;}">
                    <Coords points="2031,1216 2031,1276 2167,1276 2167,1216"/>
                    <TextEquiv>
                        <Unicode>Whur,</Unicode>
                    </TextEquiv>
                </Word>
                <Word id="r4l10_w2" custom="readingOrder {index:1;}">
                    <Coords points="2200,1194 2200,1254 2303,1254 2303,1194"/>
                    <TextEquiv>
                        <Unicode>undt</Unicode>
                    </TextEquiv>
                </Word>
                <Word id="r4l10_w3" custom="readingOrder {index:2;}">
                    <Coords points="2319,1177 2319,1237 2489,1237 2489,1177"/>
                    <TextEquiv>
                        <Unicode>Könitz</Unicode>
                    </TextEquiv>
                </Word>
                <Word id="r4l10_w4" custom="readingOrder {index:3;}">
                    <Coords points="2505,1165 2505,1225 2591,1225 2591,1165"/>
                    <TextEquiv>
                        <Unicode>leg.</Unicode>
                    </TextEquiv>
                </Word>
                <Word id="r4l10_w5" custom="readingOrder {index:4;}">
                    <Coords points="2608,1155 2608,1215 2811,1215 2811,1155"/>
                    <TextEquiv>
                        <Unicode>Nachteun</Unicode>
                    </TextEquiv>
                </Word>
                <Word id="r4l10_w6" custom="readingOrder {index:5;}">
                    <Coords points="2830,1145 2830,1205 2982,1205 2982,1145"/>
                    <TextEquiv>
                        <Unicode>Wechft</Unicode>
                    </TextEquiv>
                </Word>
                <Word id="r4l10_w7" custom="readingOrder {index:6;}">
                    <Coords points="3016,1139 3016,1199 3066,1199 3066,1139"/>
                    <TextEquiv>
                        <Unicode>den</Unicode>
                    </TextEquiv>
                </Word>
                <Word id="r4l10_w8" custom="readingOrder {index:7;}">
                    <Coords points="3102,1133 3102,1193 3219,1193 3219,1133"/>
                    <TextEquiv>
                        <Unicode>Bricht</Unicode>
                    </TextEquiv>
                </Word>
                <TextEquiv>
                    <Unicode>Whur, undt Könitz leg. Nachteun Wechft den Bricht</Unicode>
                </TextEquiv>
            </TextLine>
            <TextLine id="r4l11" custom="readingOrder {index:10;}">
                <Coords points="2021,1358 2281,1306 2518,1348 2671,1292 2772,1350 2834,1291 3111,1291 3219,1235 3039,1178 2905,1234 2714,1196 2497,1269 2319,1229 2016,1270"/>
                <Baseline points="2027,1337 2086,1329 2145,1323 2204,1317 2264,1313 2323,1309 2382,1305 2441,1302 2501,1299 2560,1298 2619,1295 2678,1292 2738,1290 2797,1287 2856,1283 2915,1280 2975,1275 3034,1271 3093,1265 3152,1259 3212,1251"/>
                <Word id="r4l11_w1" custom="readingOrder {index:0;}">
                    <Coords points="2043,1289 2043,1349 2117,1349 2117,1289"/>
                    <TextEquiv>
                        <Unicode>Von</Unicode>
                    </TextEquiv>
                </Word>
                <Word id="r4l11_w2" custom="readingOrder {index:1;}">
                    <Coords points="2166,1277 2166,1337 2230,1337 2230,1277"/>
                    <TextEquiv>
                        <Unicode>dem</Unicode>
                    </TextEquiv>
                </Word>
                <Word id="r4l11_w3" custom="readingOrder {index:2;}">
                    <Coords points="2292,1265 2292,1325 2467,1325 2467,1265"/>
                    <TextEquiv>
                        <Unicode>teütschen</Unicode>
                    </TextEquiv>
                </Word>
                <Word id="r4l11_w4" custom="readingOrder {index:3;}">
                    <Coords points="2491,1258 2491,1318 2567,1318 2567,1258"/>
                    <TextEquiv>
                        <Unicode>H.</Unicode>
                    </TextEquiv>
                </Word>
                <Word id="r4l11_w5" custom="readingOrder {index:4;}">
                    <Coords points="2580,1251 2580,1311 2804,1311 2804,1251"/>
                    <TextEquiv>
                        <Unicode>Pfawoh.</Unicode>
                    </TextEquiv>
                </Word>
                <Word id="r4l11_w6" custom="readingOrder {index:5;}">
                    <Coords points="2829,1244 2829,1304 2853,1304 2853,1244"/>
                    <TextEquiv>
                        <Unicode>zu</Unicode>
                    </TextEquiv>
                </Word>
                <Word id="r4l11_w7" custom="readingOrder {index:6;}">
                    <Coords points="2892,1235 2892,1295 3041,1295 3041,1235"/>
                    <TextEquiv>
                        <Unicode>Neutes</Unicode>
                    </TextEquiv>
                </Word>
                <Word id="r4l11_w8" custom="readingOrder {index:7;}">
                    <Coords points="3079,1220 3079,1280 3191,1280 3191,1220"/>
                    <TextEquiv>
                        <Unicode>legen</Unicode>
                    </TextEquiv>
                </Word>
                <TextEquiv>
                    <Unicode>Von dem teütschen H. Pfawoh. zu Neutes legen</Unicode>
                </TextEquiv>
            </TextLine>
            <TextLine id="r4l12" custom="readingOrder {index:11;}">
                <Coords points="2057,1453 2144,1407 2511,1425 2731,1375 2792,1424 2866,1371 3139,1332 3134,1259 2816,1305 2772,1350 2637,1304 2453,1363 2366,1315 2240,1372 2049,1341"/>
                <Baseline points="2063,1416 2116,1410 2169,1403 2223,1398 2276,1394 2330,1391 2383,1388 2436,1385 2490,1382 2543,1379 2597,1377 2650,1374 2703,1371 2757,1367 2810,1364 2864,1359 2917,1355 2970,1348 3024,1342 3077,1333 3131,1325"/>
                <Word id="r4l12_w1" custom="readingOrder {index:0;}">
                    <Coords points="2052,1367 2052,1427 2212,1427 2212,1367"/>
                    <TextEquiv>
                        <Unicode>Eheliches</Unicode>
                    </TextEquiv>
                </Word>
                <Word id="r4l12_w2" custom="readingOrder {index:1;}">
                    <Coords points="2225,1350 2225,1410 2439,1410 2439,1350"/>
                    <TextEquiv>
                        <Unicode>einsegnung</Unicode>
                    </TextEquiv>
                </Word>
                <Word id="r4l12_w3" custom="readingOrder {index:2;}">
                    <Coords points="2479,1340 2479,1400 2546,1400 2546,1340"/>
                    <TextEquiv>
                        <Unicode>deß</Unicode>
                    </TextEquiv>
                </Word>
                <Word id="r4l12_w4" custom="readingOrder {index:3;}">
                    <Coords points="2586,1331 2586,1391 2786,1391 2786,1331"/>
                    <TextEquiv>
                        <Unicode>Aberhamb</Unicode>
                    </TextEquiv>
                </Word>
                <Word id="r4l12_w5" custom="readingOrder {index:4;}">
                    <Coords points="2826,1315 2826,1375 2986,1375 2986,1315"/>
                    <TextEquiv>
                        <Unicode>hieders</Unicode>
                    </TextEquiv>
                </Word>
                <Word id="r4l12_w6" custom="readingOrder {index:5;}">
                    <Coords points="3015,1295 3015,1355 3107,1355 3107,1295"/>
                    <TextEquiv>
                        <Unicode>Man</Unicode>
                    </TextEquiv>
                </Word>
                <TextEquiv>
                    <Unicode>Eheliches einsegnung deß Aberhamb hieders Man</Unicode>
                </TextEquiv>
            </TextLine>
            <TextLine id="r4l13" custom="readingOrder {index:12;}">
                <Coords points="2037,1544 2289,1478 2542,1501 3235,1418 3124,1357 2958,1402 2897,1371 2798,1432 2730,1385 2577,1396 2526,1449 2403,1392 2147,1408 2032,1474"/>
                <Baseline points="2042,1503 2101,1497 2160,1493 2219,1488 2279,1484 2338,1479 2397,1476 2456,1472 2516,1468 2575,1464 2634,1461 2693,1457 2753,1453 2812,1448 2871,1444 2930,1439 2990,1433 3049,1429 3108,1423 3167,1416 3227,1409"/>
                <Word id="r4l13_w1" custom="readingOrder {index:0;}">
                    <Coords points="2044,1456 2044,1516 2167,1516 2167,1456"/>
                    <TextEquiv>
                        <Unicode>känt</Unicode>
                    </TextEquiv>
                </Word>
                <Word id="r4l13_w2" custom="readingOrder {index:1;}">
                    <Coords points="2189,1447 2189,1507 2279,1507 2279,1447"/>
                    <TextEquiv>
                        <Unicode>mit</Unicode>
                    </TextEquiv>
                </Word>
                <Word id="r4l13_w3" custom="readingOrder {index:2;}">
                    <Coords points="2323,1434 2323,1494 2514,1494 2514,1434"/>
                    <TextEquiv>
                        <Unicode>Susenna</Unicode>
                    </TextEquiv>
                </Word>
                <Word id="r4l13_w4" custom="readingOrder {index:3;}">
                    <Coords points="2571,1421 2571,1481 2672,1481 2672,1421"/>
                    <TextEquiv>
                        <Unicode>Joder</Unicode>
                    </TextEquiv>
                </Word>
                <Word id="r4l13_w5" custom="readingOrder {index:4;}">
                    <Coords points="2694,1414 2694,1474 2773,1474 2773,1414"/>
                    <TextEquiv>
                        <Unicode>von</Unicode>
                    </TextEquiv>
                </Word>
                <Word id="r4l13_w6" custom="readingOrder {index:5;}">
                    <Coords points="2817,1403 2817,1463 2942,1463 2942,1403"/>
                    <TextEquiv>
                        <Unicode>Muri</Unicode>
                    </TextEquiv>
                </Word>
                <Word id="r4l13_w7" custom="readingOrder {index:6;}">
                    <Coords points="2975,1386 2975,1446 3166,1446 3166,1386"/>
                    <TextEquiv>
                        <Unicode>Einhohen</Unicode>
                    </TextEquiv>
                </Word>
                <TextEquiv>
                    <Unicode>känt mit Susenna Joder von Muri Einhohen</Unicode>
                </TextEquiv>
            </TextLine>
            <TextLine id="r4l14" custom="readingOrder {index:13;}">
                <Coords points="2049,1614 2372,1558 2454,1604 2657,1551 2722,1601 2829,1534 3188,1502 3182,1434 3113,1431 2043,1540"/>
                <Baseline points="2055,1587 2111,1582 2167,1577 2223,1572 2279,1568 2336,1564 2392,1561 2448,1557 2504,1553 2560,1548 2617,1545 2673,1540 2729,1537 2785,1532 2841,1528 2898,1523 2954,1518 3010,1511 3066,1506 3122,1500 3179,1493"/>
                <Word id="r4l14_w1" custom="readingOrder {index:0;}">
                    <Coords points="2060,1539 2060,1599 2228,1599 2228,1539"/>
                    <TextEquiv>
                        <Unicode>laßen,</Unicode>
                    </TextEquiv>
                </Word>
                <Word id="r4l14_w2" custom="readingOrder {index:1;}">
                    <Coords points="2255,1526 2255,1586 2354,1586 2354,1526"/>
                    <TextEquiv>
                        <Unicode>habe</Unicode>
                    </TextEquiv>
                </Word>
                <Word id="r4l14_w3" custom="readingOrder {index:2;}">
                    <Coords points="2397,1514 2397,1574 2579,1574 2579,1514"/>
                    <TextEquiv>
                        <Unicode>derselbe</Unicode>
                    </TextEquiv>
                </Word>
                <Word id="r4l14_w4" custom="readingOrder {index:3;}">
                    <Coords points="2622,1501 2622,1561 2691,1561 2691,1501"/>
                    <TextEquiv>
                        <Unicode>sich</Unicode>
                    </TextEquiv>
                </Word>
                <Word id="r4l14_w5" custom="readingOrder {index:4;}">
                    <Coords points="2719,1493 2719,1553 2817,1553 2817,1493"/>
                    <TextEquiv>
                        <Unicode>also</Unicode>
                    </TextEquiv>
                </Word>
                <Word id="r4l14_w6" custom="readingOrder {index:5;}">
                    <Coords points="2845,1474 2845,1534 3127,1534 3127,1474"/>
                    <TextEquiv>
                        <Unicode>verntwortet</Unicode>
                    </TextEquiv>
                </Word>
                <TextEquiv>
                    <Unicode>laßen, habe derselbe sich also verntwortet</Unicode>
                </TextEquiv>
            </TextLine>
            <TextLine id="r4l15" custom="readingOrder {index:14;}">
                <Coords points="2037,1704 2161,1726 2244,1663 2414,1644 2524,1680 2738,1615 2828,1666 3022,1592 3079,1625 3253,1583 3247,1514 2936,1523 2721,1602 2658,1552 2457,1607 2028,1601"/>
                <Baseline points="2042,1676 2102,1670 2162,1664 2222,1659 2282,1653 2342,1649 2402,1644 2463,1638 2523,1633 2583,1628 2643,1623 2703,1618 2763,1613 2823,1608 2884,1602 2944,1597 3004,1592 3064,1586 3124,1580 3184,1573 3245,1568"/>
                <Word id="r4l15_w1" custom="readingOrder {index:0;}">
                    <Coords points="2048,1631 2048,1691 2124,1691 2124,1631"/>
                    <TextEquiv>
                        <Unicode>daß</Unicode>
                    </TextEquiv>
                </Word>
                <Word id="r4l15_w2" custom="readingOrder {index:1;}">
                    <Coords points="2170,1612 2170,1672 2417,1672 2417,1612"/>
                    <TextEquiv>
                        <Unicode>dißmahlen</Unicode>
                    </TextEquiv>
                </Word>
                <Word id="r4l15_w3" custom="readingOrder {index:2;}">
                    <Coords points="2462,1589 2462,1649 2677,1649 2677,1589"/>
                    <TextEquiv>
                        <Unicode>dieselben</Unicode>
                    </TextEquiv>
                </Word>
                <Word id="r4l15_w4" custom="readingOrder {index:3;}">
                    <Coords points="2707,1574 2707,1634 2785,1634 2785,1574"/>
                    <TextEquiv>
                        <Unicode>die</Unicode>
                    </TextEquiv>
                </Word>
                <Word id="r4l15_w5" custom="readingOrder {index:4;}">
                    <Coords points="2801,1566 2801,1626 2877,1626 2877,1566"/>
                    <TextEquiv>
                        <Unicode>sach</Unicode>
                    </TextEquiv>
                </Word>
                <Word id="r4l15_w6" custom="readingOrder {index:5;}">
                    <Coords points="2909,1554 2909,1614 3031,1614 3031,1554"/>
                    <TextEquiv>
                        <Unicode>dahin</Unicode>
                    </TextEquiv>
                </Word>
                <Word id="r4l15_w7" custom="readingOrder {index:6;}">
                    <Coords points="3061,1537 3061,1597 3230,1597 3230,1537"/>
                    <TextEquiv>
                        <Unicode>gestellt</Unicode>
                    </TextEquiv>
                </Word>
                <TextEquiv>
                    <Unicode>daß dißmahlen dieselben die sach dahin gestellt</Unicode>
                </TextEquiv>
            </TextLine>
            <TextLine id="r4l16" custom="readingOrder {index:15;}">
                <Coords points="2057,1779 2215,1791 2270,1748 2393,1799 2478,1738 2530,1782 2602,1712 2727,1750 2945,1677 3041,1734 3099,1674 3250,1659 3240,1588 3135,1639 2980,1605 2845,1671 2748,1624 2519,1686 2417,1643 2235,1673 2164,1728 2051,1706"/>
                <Baseline points="2063,1761 2125,1757 2187,1752 2249,1746 2311,1742 2373,1735 2435,1730 2497,1724 2559,1718 2621,1712 2683,1706 2745,1701 2807,1695 2869,1689 2931,1684 2993,1679 3055,1674 3117,1670 3179,1665 3242,1662"/>
                <Word id="r4l16_w1" custom="readingOrder {index:0;}">
                    <Coords points="2057,1718 2057,1778 2159,1778 2159,1718"/>
                    <TextEquiv>
                        <Unicode>sein</Unicode>
                    </TextEquiv>
                </Word>
                <Word id="r4l16_w2" custom="readingOrder {index:1;}">
                    <Coords points="2175,1705 2175,1765 2344,1765 2344,1705"/>
                    <TextEquiv>
                        <Unicode>laßen,</Unicode>
                    </TextEquiv>
                </Word>
                <Word id="r4l16_w3" custom="readingOrder {index:2;}">
                    <Coords points="2379,1688 2379,1748 2531,1748 2531,1688"/>
                    <TextEquiv>
                        <Unicode>Jehalch</Unicode>
                    </TextEquiv>
                </Word>
                <Word id="r4l16_w4" custom="readingOrder {index:3;}">
                    <Coords points="2564,1672 2564,1732 2666,1732 2666,1672"/>
                    <TextEquiv>
                        <Unicode>Ihne</Unicode>
                    </TextEquiv>
                </Word>
                <Word id="r4l16_w5" custom="readingOrder {index:4;}">
                    <Coords points="2699,1653 2699,1713 2954,1713 2954,1653"/>
                    <TextEquiv>
                        <Unicode>Injungirt</Unicode>
                    </TextEquiv>
                </Word>
                <Word id="r4l16_w6" custom="readingOrder {index:5;}">
                    <Coords points="2987,1637 2987,1697 3039,1697 3039,1637"/>
                    <TextEquiv>
                        <Unicode>bey</Unicode>
                    </TextEquiv>
                </Word>
                <Word id="r4l16_w7" custom="readingOrder {index:6;}">
                    <Coords points="3073,1627 3073,1687 3224,1687 3224,1627"/>
                    <TextEquiv>
                        <Unicode>goster</Unicode>
                    </TextEquiv>
                </Word>
                <TextEquiv>
                    <Unicode>sein laßen, Jehalch Ihne Injungirt bey goster</Unicode>
                </TextEquiv>
            </TextLine>
            <TextLine id="r4l17" custom="readingOrder {index:16;}">
                <Coords points="2050,1875 2194,1912 2236,1868 2306,1902 2383,1826 2676,1851 2765,1797 2887,1852 2965,1782 3124,1825 3243,1794 3234,1696 3127,1670 3040,1736 2781,1704 2509,1800 2044,1800"/>
                <Baseline points="2057,1859 2115,1854 2174,1850 2233,1845 2292,1840 2351,1835 2409,1830 2468,1825 2527,1819 2586,1814 2645,1807 2703,1802 2762,1797 2821,1792 2880,1786 2939,1781 2997,1776 3056,1772 3115,1767 3174,1763 3233,1758"/>
                <Word id="r4l17_w1" custom="readingOrder {index:0;}">
                    <Coords points="2057,1805 2057,1865 2389,1865 2389,1805"/>
                    <TextEquiv>
                        <Unicode>vershehung</Unicode>
                    </TextEquiv>
                </Word>
                <Word id="r4l17_w2" custom="readingOrder {index:1;}">
                    <Coords points="2416,1784 2416,1844 2535,1844 2535,1784"/>
                    <TextEquiv>
                        <Unicode>eine</Unicode>
                    </TextEquiv>
                </Word>
                <Word id="r4l17_w3" custom="readingOrder {index:2;}">
                    <Coords points="2582,1765 2582,1825 2748,1825 2748,1765"/>
                    <TextEquiv>
                        <Unicode>Riche</Unicode>
                    </TextEquiv>
                </Word>
                <Word id="r4l17_w4" custom="readingOrder {index:3;}">
                    <Coords points="2798,1750 2798,1810 2868,1810 2868,1750"/>
                    <TextEquiv>
                        <Unicode>ait</Unicode>
                    </TextEquiv>
                </Word>
                <Word id="r4l17_w5" custom="readingOrder {index:4;}">
                    <Coords points="2917,1739 2917,1799 2987,1799 2987,1739"/>
                    <TextEquiv>
                        <Unicode>ohn</Unicode>
                    </TextEquiv>
                </Word>
                <Word id="r4l17_w6" custom="readingOrder {index:5;}">
                    <Coords points="3037,1724 3037,1784 3253,1784 3253,1724"/>
                    <TextEquiv>
                        <Unicode>belasen</Unicode>
                    </TextEquiv>
                </Word>
                <TextEquiv>
                    <Unicode>vershehung eine Riche ait ohn belasen</Unicode>
                </TextEquiv>
            </TextLine>
            <TextLine id="r4l18" custom="readingOrder {index:17;}">
                <Coords points="2047,2001 2202,1960 2278,1993 2375,1925 2666,1900 2759,1946 2811,1890 2899,1929 3013,1872 3064,1912 3220,1845 3214,1775 3061,1836 2991,1803 2894,1849 2796,1811 2472,1838 2322,1907 2239,1868 2196,1912 2036,1883"/>
                <Baseline points="2051,1958 2109,1950 2167,1945 2225,1939 2283,1933 2341,1928 2399,1922 2457,1916 2515,1911 2573,1905 2631,1900 2689,1894 2747,1889 2805,1884 2863,1878 2921,1872 2979,1866 3037,1860 3095,1854 3153,1849 3212,1842"/>
                <Word id="r4l18_w1" custom="readingOrder {index:0;}">
                    <Coords points="2061,1910 2061,1970 2152,1970 2152,1910"/>
                    <TextEquiv>
                        <Unicode>Ihre</Unicode>
                    </TextEquiv>
                </Word>
                <Word id="r4l18_w2" custom="readingOrder {index:1;}">
                    <Coords points="2188,1888 2188,1948 2481,1948 2481,1888"/>
                    <TextEquiv>
                        <Unicode>heinachundt</Unicode>
                    </TextEquiv>
                </Word>
                <Word id="r4l18_w3" custom="readingOrder {index:2;}">
                    <Coords points="2499,1854 2499,1914 2863,1914 2863,1854"/>
                    <TextEquiv>
                        <Unicode>Verbündungse</Unicode>
                    </TextEquiv>
                </Word>
                <Word id="r4l18_w4" custom="readingOrder {index:3;}">
                    <Coords points="2901,1824 2901,1884 3083,1884 3083,1824"/>
                    <TextEquiv>
                        <Unicode>scheine</Unicode>
                    </TextEquiv>
                </Word>
                <Word id="r4l18_w5" custom="readingOrder {index:4;}">
                    <Coords points="3118,1809 3118,1869 3174,1869 3174,1809"/>
                    <TextEquiv>
                        <Unicode>zu</Unicode>
                    </TextEquiv>
                </Word>
                <TextEquiv>
                    <Unicode>Ihre heinachundt Verbündungse scheine zu</Unicode>
                </TextEquiv>
            </TextLine>
            <TextLine id="r4l19" custom="readingOrder {index:18;}">
                <Coords points="2060,2107 2368,2076 2476,2016 2595,2054 2664,2006 2832,2031 2903,1975 3184,1960 3211,1885 2800,1905 2759,1946 2485,1922 2323,2004 2202,1961 2050,2001"/>
                <Baseline points="2063,2055 2120,2048 2177,2042 2234,2036 2292,2029 2349,2024 2406,2018 2464,2012 2521,2007 2578,2001 2636,1995 2693,1991 2750,1985 2807,1980 2865,1974 2922,1970 2979,1963 3037,1958 3094,1953 3151,1947 3209,1941"/>
                <Word id="r4l19_w1" custom="readingOrder {index:0;}">
                    <Coords points="2060,2001 2060,2061 2308,2061 2308,2001"/>
                    <TextEquiv>
                        <Unicode>Conliti,</Unicode>
                    </TextEquiv>
                </Word>
                <Word id="r4l19_w2" custom="readingOrder {index:1;}">
                    <Coords points="2329,1977 2329,2037 2495,2037 2495,1977"/>
                    <TextEquiv>
                        <Unicode>deße</Unicode>
                    </TextEquiv>
                </Word>
                <Word id="r4l19_w3" custom="readingOrder {index:2;}">
                    <Coords points="2536,1962 2536,2022 2600,2022 2600,1962"/>
                    <TextEquiv>
                        <Unicode>Er</Unicode>
                    </TextEquiv>
                </Word>
                <Word id="r4l19_w4" custom="readingOrder {index:3;}">
                    <Coords points="2621,1950 2621,2010 2767,2010 2767,1950"/>
                    <TextEquiv>
                        <Unicode>hremit</Unicode>
                    </TextEquiv>
                </Word>
                <Word id="r4l19_w5" custom="readingOrder {index:4;}">
                    <Coords points="2787,1933 2787,1993 2954,1993 2954,1933"/>
                    <TextEquiv>
                        <Unicode>beicht</Unicode>
                    </TextEquiv>
                </Word>
                <Word id="r4l19_w6" custom="readingOrder {index:5;}">
                    <Coords points="2974,1914 2974,1974 3182,1974 3182,1914"/>
                    <TextEquiv>
                        <Unicode>belndte</Unicode>
                    </TextEquiv>
                </Word>
                <TextEquiv>
                    <Unicode>Conliti, deße Er hremit beicht belndte</Unicode>
                </TextEquiv>
            </TextLine>
            <TextLine id="r4l20" custom="readingOrder {index:19;}">
                <Coords points="2027,2273 2338,2251 2390,2290 2533,2207 2662,2235 2746,2177 3239,2168 3196,2047 2936,2121 2714,2099 2543,2164 2164,2124 2019,2183"/>
                <Baseline points="2033,2256 2092,2252 2152,2247 2212,2243 2272,2237 2332,2231 2392,2225 2451,2219 2511,2213 2571,2207 2631,2199 2691,2194 2751,2187 2811,2182 2870,2177 2930,2172 2990,2169 3050,2165 3110,2162 3170,2160 3230,2159"/>
                <Word id="r4l20_w1" custom="readingOrder {index:0;}">
                    <Coords points="2044,2206 2044,2266 2276,2266 2276,2206"/>
                    <TextEquiv>
                        <Unicode>könit.</Unicode>
                    </TextEquiv>
                </Word>
                <Word id="r4l20_w2" custom="readingOrder {index:1;}">
                    <Coords points="2314,2189 2314,2249 2384,2249 2384,2189"/>
                    <TextEquiv>
                        <Unicode>Auß</Unicode>
                    </TextEquiv>
                </Word>
                <Word id="r4l20_w3" custom="readingOrder {index:2;}">
                    <Coords points="2440,2173 2440,2233 2566,2233 2566,2173"/>
                    <TextEquiv>
                        <Unicode>Ihrem</Unicode>
                    </TextEquiv>
                </Word>
                <Word id="r4l20_w4" custom="readingOrder {index:3;}">
                    <Coords points="2601,2155 2601,2215 2745,2215 2745,2155"/>
                    <TextEquiv>
                        <Unicode>bericht</Unicode>
                    </TextEquiv>
                </Word>
                <Word id="r4l20_w5" custom="readingOrder {index:4;}">
                    <Coords points="2780,2140 2780,2200 2888,2200 2888,2140"/>
                    <TextEquiv>
                        <Unicode>hieben</Unicode>
                    </TextEquiv>
                </Word>
                <Word id="r4l20_w6" custom="readingOrder {index:5;}">
                    <Coords points="2906,2129 2906,2189 3050,2189 3050,2129"/>
                    <TextEquiv>
                        <Unicode>habind</Unicode>
                    </TextEquiv>
                </Word>
                <Word id="r4l20_w7" custom="readingOrder {index:6;}">
                    <Coords points="3067,2120 3067,2180 3249,2180 3249,2120"/>
                    <TextEquiv>
                        <Unicode>Mehl.</Unicode>
                    </TextEquiv>
                </Word>
                <TextEquiv>
                    <Unicode>könit. Auß Ihrem bericht hieben habind Mehl.</Unicode>
                </TextEquiv>
            </TextLine>
            <TextLine id="r4l21" custom="readingOrder {index:20;}">
                <Coords points="2083,2340 2343,2308 2530,2364 2980,2262 3254,2252 3167,2189 3101,2229 3037,2182 2866,2181 2668,2241 2529,2215 2389,2292 2337,2252 2078,2272"/>
                <Baseline points="2090,2325 2147,2324 2205,2322 2263,2320 2321,2316 2378,2313 2436,2309 2494,2305 2552,2300 2609,2295 2667,2291 2725,2285 2783,2281 2840,2276 2898,2271 2956,2265 3014,2260 3071,2256 3129,2252 3187,2248 3245,2244"/>
                <Word id="r4l21_w1" custom="readingOrder {index:0;}">
                    <Coords points="2081,2281 2081,2341 2339,2341 2339,2281"/>
                    <TextEquiv>
                        <Unicode>vernommen,</Unicode>
                    </TextEquiv>
                </Word>
                <Word id="r4l21_w2" custom="readingOrder {index:1;}">
                    <Coords points="2366,2271 2366,2331 2434,2331 2434,2271"/>
                    <TextEquiv>
                        <Unicode>wie</Unicode>
                    </TextEquiv>
                </Word>
                <Word id="r4l21_w3" custom="readingOrder {index:2;}">
                    <Coords points="2474,2263 2474,2323 2542,2323 2542,2263"/>
                    <TextEquiv>
                        <Unicode>daß</Unicode>
                    </TextEquiv>
                </Word>
                <Word id="r4l21_w4" custom="readingOrder {index:3;}">
                    <Coords points="2584,2253 2584,2313 2679,2313 2679,2253"/>
                    <TextEquiv>
                        <Unicode>Hanß</Unicode>
                    </TextEquiv>
                </Word>
                <Word id="r4l21_w5" custom="readingOrder {index:4;}">
                    <Coords points="2732,2237 2732,2297 2909,2297 2909,2237"/>
                    <TextEquiv>
                        <Unicode>Spreicher</Unicode>
                    </TextEquiv>
                </Word>
                <Word id="r4l21_w6" custom="readingOrder {index:5;}">
                    <Coords points="2937,2221 2937,2281 3045,2281 3045,2221"/>
                    <TextEquiv>
                        <Unicode>undt</Unicode>
                    </TextEquiv>
                </Word>
                <Word id="r4l21_w7" custom="readingOrder {index:6;}">
                    <Coords points="3072,2210 3072,2270 3222,2270 3222,2210"/>
                    <TextEquiv>
                        <Unicode>Barbara</Unicode>
                    </TextEquiv>
                </Word>
                <TextEquiv>
                    <Unicode>vernommen, wie daß Hanß Spreicher undt Barbara</Unicode>
                </TextEquiv>
            </TextLine>
            <TextLine id="r4l22" custom="readingOrder {index:21;}">
                <Coords points="2093,2424 2184,2463 2291,2410 2388,2455 2468,2390 2600,2383 2693,2441 2778,2373 2936,2420 2996,2356 3096,2404 3159,2346 3240,2368 3235,2304 3145,2272 3087,2318 2936,2283 2822,2357 2687,2315 2625,2365 2370,2336 2225,2392 2145,2340 2089,2371"/>
                <Baseline points="2099,2412 2155,2412 2212,2411 2268,2409 2325,2407 2381,2405 2438,2402 2494,2397 2551,2394 2607,2389 2664,2386 2721,2380 2777,2376 2834,2372 2890,2366 2947,2361 3003,2357 3060,2351 3116,2346 3173,2341 3230,2337"/>
                <Word id="r4l22_w1" custom="readingOrder {index:0;}">
                    <Coords points="2091,2371 2091,2431 2229,2431 2229,2371"/>
                    <TextEquiv>
                        <Unicode>heim,</Unicode>
                    </TextEquiv>
                </Word>
                <Word id="r4l22_w2" custom="readingOrder {index:1;}">
                    <Coords points="2254,2367 2254,2427 2367,2427 2367,2367"/>
                    <TextEquiv>
                        <Unicode>beyde</Unicode>
                    </TextEquiv>
                </Word>
                <Word id="r4l22_w3" custom="readingOrder {index:2;}">
                    <Coords points="2405,2362 2405,2422 2469,2422 2469,2362"/>
                    <TextEquiv>
                        <Unicode>ihr</Unicode>
                    </TextEquiv>
                </Word>
                <Word id="r4l22_w4" custom="readingOrder {index:3;}">
                    <Coords points="2531,2346 2531,2406 2771,2406 2771,2346"/>
                    <TextEquiv>
                        <Unicode>angehörige</Unicode>
                    </TextEquiv>
                </Word>
                <Word id="r4l22_w5" custom="readingOrder {index:4;}">
                    <Coords points="2820,2328 2820,2388 2909,2388 2909,2328"/>
                    <TextEquiv>
                        <Unicode>mit</Unicode>
                    </TextEquiv>
                </Word>
                <Word id="r4l22_w6" custom="readingOrder {index:5;}">
                    <Coords points="2934,2315 2934,2375 3098,2375 3098,2315"/>
                    <TextEquiv>
                        <Unicode>Consens</Unicode>
                    </TextEquiv>
                </Word>
                <Word id="r4l22_w7" custom="readingOrder {index:6;}">
                    <Coords points="3122,2301 3122,2361 3211,2361 3211,2301"/>
                    <TextEquiv>
                        <Unicode>ihner</Unicode>
                    </TextEquiv>
                </Word>
                <TextEquiv>
                    <Unicode>heim, beyde ihr angehörige mit Consens ihner</Unicode>
                </TextEquiv>
            </TextLine>
            <TextLine id="r4l23" custom="readingOrder {index:22;}">
                <Coords points="2061,2552 2209,2579 2348,2500 2562,2485 2822,2528 2919,2459 3234,2435 3229,2373 3139,2356 3096,2405 2989,2359 2936,2420 2836,2391 2699,2448 2601,2384 2382,2464 2314,2433 2055,2477"/>
                <Baseline points="2066,2516 2127,2513 2188,2510 2249,2507 2310,2504 2371,2499 2432,2495 2493,2490 2554,2486 2615,2480 2676,2475 2737,2469 2798,2464 2859,2459 2920,2454 2981,2448 3042,2442 3103,2437 3164,2431 3225,2427"/>
                <Word id="r4l23_w1" custom="readingOrder {index:0;}">
                    <Coords points="2072,2472 2072,2532 2209,2532 2209,2472"/>
                    <TextEquiv>
                        <Unicode>annoch</Unicode>
                    </TextEquiv>
                </Word>
                <Word id="r4l23_w2" custom="readingOrder {index:1;}">
                    <Coords points="2250,2460 2250,2520 2444,2520 2444,2460"/>
                    <TextEquiv>
                        <Unicode>habenden</Unicode>
                    </TextEquiv>
                </Word>
                <Word id="r4l23_w3" custom="readingOrder {index:2;}">
                    <Coords points="2471,2441 2471,2501 2720,2501 2720,2441"/>
                    <TextEquiv>
                        <Unicode>Mutteren</Unicode>
                    </TextEquiv>
                </Word>
                <Word id="r4l23_w4" custom="readingOrder {index:3;}">
                    <Coords points="2801,2414 2801,2474 3022,2474 3022,2414"/>
                    <TextEquiv>
                        <Unicode>Einandern</Unicode>
                    </TextEquiv>
                </Word>
                <Word id="r4l23_w5" custom="readingOrder {index:4;}">
                    <Coords points="3036,2399 3036,2459 3104,2459 3104,2399"/>
                    <TextEquiv>
                        <Unicode>nit</Unicode>
                    </TextEquiv>
                </Word>
                <Word id="r4l23_w6" custom="readingOrder {index:5;}">
                    <Coords points="3133,2390 3133,2450 3201,2450 3201,2390"/>
                    <TextEquiv>
                        <Unicode>mud</Unicode>
                    </TextEquiv>
                </Word>
                <TextEquiv>
                    <Unicode>annoch habenden Mutteren Einandern nit mud</Unicode>
                </TextEquiv>
            </TextLine>
            <TextEquiv>
                <Unicode></Unicode>
            </TextEquiv>
        </TextRegion>
    </Page>
</PcGts>
