4032 3024
440 326 547 386 186f

742 347 880 407 dechte
896 326 1173 386 versprechen,
1209 308 1363 368 sondern
1380 310 1589 370 auchselbe
1605 336 1779 396 gelehaten

730 437 937 497 fommbnach
974 413 1159 473 dreymahl
1183 393 1390 453 offentlich
1427 391 1648 451 verkindet

744 531 863 591 borden
924 511 1135 571 dißmahle
1164 484 1300 544 seyneds
1331 471 1391 531 die
1406 467 1600 527 gemuther
1617 479 1692 539 also

730 621 973 681 entfehent,
986 602 1054 662 daß
1082 580 1297 640 ohngeacht
1338 557 1526 617 gethanen
1554 567 1758 627 zusprehen,

737 715 796 775 Sie
833 709 880 769 den
903 692 1106 752 Kilchgang
1143 667 1214 727 mit
1250 649 1428 709 Einander
1453 641 1524 701 nit
1547 648 1715 708 begehen

748 794 880 854 wellen,
908 783 1042 843 wollen
1056 767 1173 827 gnädigen
1187 752 1290 812 Heren
1320 739 1392 799 hre
1409 733 1452 793 in
1466 730 1671 790 antworte

750 882 980 942 verdeuket
996 860 1128 920 habe,
1160 843 1274 903 beyde
1308 826 1504 886 Pferterr
1520 820 1718 880 nbdacht

734 971 818 1031 sag
852 964 920 1024 Vier
936 951 1105 1011 diselbe
1140 932 1291 992 halter
1307 922 1342 982 zu
1375 912 1563 972 laßen.

737 1167 961 1227 Deldorff
975 1152 1032 1212 bey
1074 1135 1270 1195 darbergn.
1283 1121 1396 1181 Über
1424 1117 1479 1177 Ihr
1509 1117 1774 1177 berichtscheiben

773 1248 986 1308 betreffendt
1011 1231 1183 1291 Aaßbeth
1224 1215 1343 1275 zugl.
1369 1204 1502 1264 welche
1542 1197 1594 1257 Ihr
1635 1195 1714 1255 zur

447 1264 574 1324 hüngl.
602 1259 744 1319 Alßbeth

452 1362 616 1422 Miünger
634 1350 733 1410 Hauß
782 1336 881 1396 welt
897 1322 1098 1382 gebohrne
1130 1305 1262 1365 Kundt
1297 1295 1361 1355 mit
1396 1283 1611 1343 klagende
1643 1274 1761 1334 Ehr¬

750 1414 936 1474 Hanßfrch
977 1399 1096 1459 under
1137 1381 1390 1441 gnugsammer
1403 1358 1684 1418 Examination

763 1496 866 1556 inder
889 1490 1038 1550 genßt
1072 1478 1141 1538 dem
1198 1465 1290 1525 Hanß
1347 1444 1542 1504 Münger
1565 1429 1645 1489 von
1668 1422 1794 1482 Wehlen

741 1578 960 1638 zugefgnt
987 1567 1071 1627 l
1098 1558 1166 1618 min
1179 1548 1290 1608 gnädigen
1303 1535 1400 1595 Herren
1428 1519 1552 1579 Shein
1565 1503 1744 1563 antkort

746 1672 960 1732 Verdtätet
974 1660 1102 1720 haben,
1132 1647 1260 1707 fahlt
1288 1636 1332 1696 Er
1360 1628 1418 1688 Sie
1446 1617 1546 1677 nicht
1574 1600 1746 1660 Ehrlichen

762 1757 850 1817 undt
872 1754 938 1814 das
970 1749 1103 1809 Kindt
1124 1740 1189 1800 alß
1234 1732 1311 1792 das
1333 1719 1465 1779 seinige
1487 1702 1652 1762 aurmen
1673 1681 1794 1741 wollte

752 1839 956 1899 Pfartheyd
987 1832 1083 1892 über
1099 1826 1193 1886 acht
1208 1820 1287 1880 tag
1318 1805 1554 1865 harhalten
1585 1773 1807 1833 zulaßen.

740 2013 815 2073 Ad
842 2008 1057 2068 Eondem:
1109 1999 1248 2059 damit
1286 1988 1503 2048 dermahlen
1528 1972 1580 2032 die
1605 1952 1795 2012 Coniteis

445 2103 645 2163 Krattinger
666 2095 844 2155 Elstbeysach
886 2089 1044 2149 züschen
1075 2082 1254 2142 Elßbeth
1295 2068 1517 2128 Krattinger
1569 2049 1653 2109 undt
1675 2032 1810 2092 Rudolsf

799 2188 922 2248 bürgen
949 2185 1140 2245 befndiget
1169 2175 1292 2235 werden
1332 2160 1483 2220 wollin
1497 2145 1606 2205 gndie
1619 2130 1702 2190 He
1744 2117 1771 2177 af
1784 2109 1840 2169 ge¬

451 2186 557 2246 Bürg,
581 2179 770 2239 Rudolff¬

766 2271 889 2331 tragen
922 2265 1034 2325 haben
1090 2259 1213 2319 beyde
1246 2248 1459 2308 überacht
1481 2234 1549 2294 tag
1593 2216 1683 2276 Ver

777 2356 960 2416 dieselben
984 2353 1107 2413 halten
1119 2349 1350 2409 zulaßen,
1388 2340 1449 2400 da
1497 2318 1718 2378 Indesen

737 2456 939 2516 MMeHe
984 2451 1062 2511 en
1077 2444 1342 2504 ohngrändet
1357 2434 1435 2494 mit
1466 2410 1746 2470 Vorbeylaßen

1831 943 1847 1003 1
1927 913 2007 973 a.

1846 984 1965 1044 peptatuo

3032 212 3118 272 287

2020 309 2176 369 können,
2189 293 2240 353 daß
2292 285 2345 345 die
2358 283 2384 343 in
2409 283 2488 343 Premn
2514 283 2642 343 schriben
2670 286 2695 346 zu
2734 288 2826 348 Eindt
2851 289 3072 349 verfaßten

2023 398 2185 458 hort.
2210 376 2423 436 MGGGH.
2450 371 2649 431 Weißheit
2676 372 2826 432 werden
2863 370 2926 430 Ihn
2963 368 3039 428 nit
3064 359 3191 419 über¬

2030 478 2272 538 Vortheilen
2342 454 2562 514 laßen,
2573 454 2700 514 sonder
2723 455 2781 515 die
2804 454 2874 514 sach
2897 449 2978 509 nach
3001 441 3058 501 der

2031 564 2251 624 Fordnung
2286 541 2413 601 baldt
2436 537 2483 597 zu
2517 535 2634 595 einem
2714 534 2819 594 Endt
2842 530 3039 590 gerlichen

2034 658 2149 718 laßen
2163 644 2240 704 Mine
2253 635 2355 695 gnädigen
2368 627 2472 687 Herren
2485 625 2510 685 so
2523 621 2704 681 seltzamb
2729 616 2794 676 alß
2844 603 3051 663 befremblet

2020 730 2243 790 vorkommen,
2264 705 2479 765 zumahles
2519 693 2692 753 dieselben
2723 687 2794 747 mit
2804 683 2988 743 gewohnt,
3008 676 3090 736 von

2017 821 2169 881 Undern
2226 788 2530 848 Brichtsteller
2565 771 2776 831 Dictatum
2846 764 2881 824 zu
2917 760 3173 820 empfangen

2040 913 2105 973 auf
2133 891 2266 951 welchen
2305 869 2505 929 fßundt
2531 855 2703 915 manner
2757 848 2889 908 hint-
2902 846 2996 906 undt
3009 843 3141 903 ander

2045 1000 2129 1060 sach
2156 971 2392 1031 geschlichtet
2420 949 2531 1009 werden
2544 941 2669 1001 soll,
2698 931 2892 991 deroegen
2948 923 3130 983 MeH.

2048 1084 2159 1144 Ihen
2173 1061 2312 1121 solches
2341 1044 2396 1104 mit
2425 1034 2480 1094 ur
2507 1021 2746 1081 verleistlich
2773 1007 2955 1067 vorhalten
2969 998 3137 1058 sondern
3150 992 3221 1052 auch

2032 1178 2109 1238 Ven
2124 1143 2385 1203 schrftselbe
2416 1119 2523 1179 dahin
2538 1106 2815 1166 anzumehnen
2845 1092 3106 1152 könftischin

2033 1258 2103 1318 sich
2117 1239 2257 1299 solches
2298 1214 2468 1274 schribens
2496 1190 2860 1250 außtrubunger
2888 1173 3212 1233 huumüestigen,

2050 1339 2200 1399 sonsten
2231 1312 2396 1372 lidigen
2413 1295 2548 1355 fahls
2577 1281 2773 1341 Ereitnur
2790 1272 2819 1332 in
2849 1262 3045 1322 behörige
3091 1245 3258 1305 Brantz¬

2046 1418 2267 1478 stetung,
2282 1396 2409 1456 sanden
2441 1382 2536 1442 auch
2552 1366 2837 1426 ingebührnder
2853 1346 2995 1406 stroff
3026 1329 3138 1389 undt

2036 1505 2287 1565 Verkending
2306 1482 2439 1542 kunde
2479 1465 2634 1525 gehegen
2672 1451 2826 1511 weden,
2845 1436 3018 1496 wolches
3037 1419 3211 1479 Sischee

2053 1591 2327 1651 krefftigster
2342 1569 2523 1629 master
2568 1548 2871 1608 Einzuschrepfen
2901 1530 2948 1590 se
2963 1513 3160 1573 hiemite

2056 1680 2304 1740 angesann
2325 1654 2512 1714 edint.
2555 1639 2576 1699 e
2616 1627 2743 1687 ihere
2784 1611 2928 1671 Erben
2971 1596 3032 1656 nd
3055 1580 3243 1640 eselen

2059 1761 2230 1821 geheigen
2250 1736 2421 1796 Regputi
2442 1717 2571 1777 sulnde
2592 1694 2848 1754 lustede¬

2044 1910 2173 1970 Aber
2191 1898 2246 1958 fie
2266 1889 2321 1949 hie
2339 1876 2507 1936 kommens
2525 1858 2691 1918 schreiben
2709 1843 2821 1903 vsten
2839 1828 3007 1888 Mlasen
3025 1809 3209 1869 wutedt

2082 1995 2191 2055 ehe
2270 1972 2435 2032 eicht
2623 1939 2653 1999 s
2705 1926 2762 1986 es
2814 1912 2867 1972 en
2923 1896 2976 1956 be
3006 1873 3224 1933 eliten

1867 2003 1918 2063 Ver
1926 2002 1969 2062 hon
1986 2002 2054 2062 Conis

1889 2087 1954 2147 von
2000 2073 2286 2133 aetaitatter
2307 2050 2439 2110 allß
2461 2036 2528 2096 eng
2550 2025 2636 2085 lich
2682 2006 2836 2066 obehen
2857 1991 2946 2051 obe
2968 1976 3122 2036 seind

2041 2177 2259 2237 gsehesen
2279 2151 2387 2211 stant
2431 2127 2628 2187 ubigen
