4032 3024
454 328 518 388 188
531 314 582 374 f.

455 1148 523 1208 In
557 1141 643 1201 Hof
659 1129 764 1189 Aan¬

451 1237 636 1297 Schegert
653 1219 771 1279 Abeha¬

487 1452 607 1512 Eriber
621 1446 743 1506 Heinch

473 1527 579 1587 Hernen
590 1516 749 1576 Abrehann

473 2381 634 2441 Regnond
646 2386 758 2446 Joceph

473 2461 619 2521 Bocquin
648 2466 755 2526 Judith

915 354 1218 414 Montags
1238 339 1299 399 den
1339 332 1400 392 2.
1420 330 1561 390 Febrl.
1602 341 1681 401 173

1163 481 1397 541 Prases.

814 624 1044 684 MGHH.
1075 606 1354 666 Satthalter
1386 582 1550 642 Müller

1114 700 1422 760 Assessores.

816 877 833 937 V
920 859 1025 919 H.
1042 851 1146 911 Ged.
1163 851 1319 911 Caup.
1336 853 1440 913 D.
1460 854 1686 914 Moloch.

790 1080 982 1140 Erschine
1022 1070 1139 1130 Anna
1164 1067 1202 1127 Im
1254 1063 1370 1123 Hooff
1396 1060 1485 1120 Stan
1512 1057 1654 1117 Bichte
1692 1057 1769 1117 undt

834 1163 1030 1223 prichstmit
1055 1150 1251 1210 kelagender
1276 1139 1557 1199 schwängerung
1595 1134 1643 1194 der
1655 1132 1717 1192 Ehr

787 1266 918 1326 alban
965 1255 1177 1315 Abrahamb
1214 1240 1451 1300 Tscheppeet
1474 1231 1569 1291 Gen
1593 1228 1747 1288 betzungs

753 1351 802 1411 de
814 1349 865 1409 sich
889 1343 1149 1403 fortgemacht,
1162 1336 1261 1396 undt
1286 1330 1361 1390 Ihre
1398 1320 1633 1380 vergangen
1646 1312 1784 1372 schrey¬

771 1436 829 1496 tag
865 1435 899 1495 in
922 1432 1050 1492 beysein
1086 1427 1237 1487 Heinrich
1273 1416 1436 1476 Schüifers
1459 1407 1541 1467 Ben
1575 1398 1739 1458 Selthein

785 1525 857 1585 mit
881 1522 1108 1582 Abehamb
1143 1516 1275 1576 Kerner
1310 1509 1394 1569 Von
1406 1499 1610 1559 Rrütigen
1645 1485 1705 1545 die

770 1615 828 1675 Ehe
853 1611 1102 1671 verspprehen
1125 1603 1232 1663 habe,
1256 1596 1374 1656 welche
1422 1586 1517 1646 auch
1540 1571 1754 1631 erschinnen

777 1706 866 1766 undt
904 1705 1006 1765 byde
1032 1698 1249 1758 außagte,
1276 1689 1326 1749 Ja
1365 1685 1403 1745 Er
1441 1677 1518 1737 seye
1543 1666 1658 1726 lehr,
1672 1656 1748 1716 daß

755 1792 799 1852 Er
814 1793 889 1853 Ihra
918 1793 976 1853 die
1006 1792 1066 1852 Ehe
1110 1786 1333 1846 zugesaget
1362 1770 1496 1830 undt
1525 1750 1673 1810 darauff
1688 1728 1778 1788 hin¬

769 1874 825 1934 die
848 1877 952 1937 handt
986 1879 1147 1939 gegeben
1203 1872 1328 1932 undt
1364 1856 1569 1916 verdütet
1615 1831 1775 1891 Erwollen

769 1959 842 2019 nnd
868 1960 1005 2020 nacher
1041 1956 1141 2016 hauß
1178 1949 1352 2009 schreiben,
1377 1937 1464 1997 undt
1488 1929 1537 1989 zie
1550 1912 1810 1972 sachenstwohn

761 2051 874 2111 Coff.
886 2047 974 2107 solle
1001 2046 1064 2106 Ihra
1101 2041 1368 2101 überlaßen
1392 2032 1493 2092 sein,
1519 2024 1607 2084 Ihne
1632 2006 1823 2066 zufrtbben

765 2144 802 2204 zu
826 2139 926 2199 Ihren
964 2135 1138 2195 behelff
1163 2135 1250 2195 aber
1299 2131 1374 2191 Ihra
1422 2126 1485 2186 Ein
1536 2102 1771 2162 Abtertatum

795 2217 1005 2277 deßobigen
1039 2215 1169 2275 under
1203 2212 1379 2272 dersigel
1449 2201 1495 2261 zu
1530 2185 1705 2245 Ertheilen

756 2294 921 2354 welche
952 2291 982 2351 sie
993 2290 1065 2350 seith
1086 2290 1138 2350 den
1158 2287 1251 2347 Maso
1271 2286 1344 2346 offt
1354 2282 1427 2342 undt
1447 2275 1530 2335 Stiel
1560 2253 1746 2313 beschloffen.

824 2384 989 2444 Wart
1032 2387 1087 2447 dem
1114 2388 1254 2448 Jonph
1282 2383 1504 2443 Reymond
1545 2366 1615 2426 Von
1629 2347 1767 2407 Welte

802 2459 978 2519 luameno
1003 2458 1104 2518 wider
1129 2460 1206 2520 seine
1231 2461 1307 2521 Ehe
1332 2457 1458 2517 fraute
1497 2442 1624 2502 Jadith
1661 2408 1788 2468 Bochan

777 2542 856 2602 Von
882 2539 988 2599 Mont
1014 2539 1039 2599 la
1080 2540 1211 2600 Wille
1250 2540 1316 2600 Ein
1356 2537 1435 2597 Sich
1448 2529 1552 2589 briff
1580 2496 1791 2556 acordiret.

3079 217 3153 277 289

2005 355 2226 415 Aabonne
2262 329 2398 389 Ragh.
2432 320 2535 380 Auß
2586 317 2775 377 deßelben
2809 316 2962 376 schabe
2996 311 3099 371 undt

2045 438 2292 498 bgelegnen
2371 409 2571 469 Extracten
2618 406 2679 466 duß
2727 407 2773 467 den
2803 407 2897 467 Ehr
2912 405 3162 465 Rechts¬

2059 540 2272 600 Mannal
2313 510 2399 570 Von
2428 498 2626 558 Longirond
2654 496 2797 556 habind
2852 497 2910 557 Me
2924 499 3023 559 He
3037 496 3180 556 esehen,

1817 558 1841 618 s

1811 584 2011 644 deser

2062 635 2164 695 eßen
2228 606 2356 666 Darid
2381 593 2470 653 undt
2495 587 2584 647 Jean
2635 583 2788 643 Dierre
2840 579 3030 639 Patellaz,
3055 573 3106 633 wie

1832 691 1853 751 1

2030 727 2106 787 auch
2136 705 2274 765 sande
2318 684 2486 744 Badel
2517 669 2729 729 beklaget
2746 661 2928 721 verkinden
2943 652 3110 712 winun

2053 796 2233 856 hierüber
2262 777 2317 837 die
2344 758 2748 818 Eher-Geichtsofft
2762 748 2901 808 heite,
2915 743 2985 803 alß
3026 732 3192 792 wollendt

2031 888 2197 948 dieselben
2220 874 2242 934 so
2285 864 2396 924 wohl
2430 856 2508 916 das
2541 845 2829 905 Consistorale
2861 836 2939 896 alß
2983 830 3093 890 wile

2038 985 2110 1045 Aß
2166 965 2237 1025 H.
2251 951 2395 1011 Prof.
2409 936 2608 996 habender
2636 924 2878 984 Competenz
2906 919 2936 979 zu
2964 912 3177 972 beurtheilen

2025 1066 2254 1126 überlaßen
2271 1035 2450 1095 wollen.

2034 1275 2293 1335 Kilhbarg
2312 1252 2422 1312 undt
2440 1235 2682 1295 Kospungen
2720 1220 2849 1280 Lep.
2867 1210 3016 1270 Weile
3053 1201 3127 1261 hanß

2091 1371 2321 1431 aberhardt
2347 1351 2424 1411 von
2449 1338 2629 1398 Erseigen
2693 1323 2821 1383 welche
2847 1314 2950 1374 haß
2988 1301 3116 1361 Anna

1838 1405 1975 1465 Verhart
1998 1395 2055 1455 hans

2066 1462 2174 1522 Sits
2204 1450 2282 1510 von
2312 1436 2498 1496 hallsauw
2559 1422 2621 1482 der
2636 1403 3053 1463 schwängerschafft
3084 1373 3176 1433 halb

1857 1491 2029 1551 Mkaa.

2044 1545 2296 1605 beklaget,
2330 1530 2445 1590 laut
2467 1524 2548 1584 vaß
2582 1509 2847 1569 vorgeliesenen
2903 1486 3099 1546 Extracts
3121 1471 3132 1531 d

2047 1650 2087 1710 15
2139 1630 2314 1690 Febrb.
2341 1613 2475 1673 1732.
2501 1604 2608 1664 Vor
2635 1595 2782 1655 Uh.
2808 1588 2863 1648 der
2902 1579 3063 1639 Recrie
3091 1568 3196 1628 samme

2047 1735 2278 1795 Declarirt,
2306 1711 2408 1771 wann
2422 1699 2537 1759 Ihme
2566 1688 2653 1748 das
2681 1679 2825 1739 Kindt
2869 1672 2926 1732 der
2941 1666 3115 1726 heitnah

2062 1827 2295 1887 bezeiuchen
2312 1803 2491 1863 möge,
2528 1788 2580 1848 Er
2597 1777 2758 1837 solches
2778 1766 2867 1826 alßo
2902 1760 2973 1820 das
2991 1756 3152 1816 seinige

2057 1915 2220 1975 anenn
2251 1904 2400 1964 wolle,
2431 1893 2535 1953 undt
2565 1882 2640 1942 nun
2669 1868 2820 1928 solches
2834 1855 2939 1915 Ihme
2970 1838 3193 1898 beseuchen

2062 2002 2141 2062 mag
2203 1997 2297 2057 Alß
2327 1989 2485 2049 edein
2500 1977 2625 2037 gnädigen
2656 1963 2765 2023 erren
2798 1951 2860 2011 den
2892 1931 3142 1991 Aberhande

2066 2098 2220 2158 solches
2236 2089 2329 2149 auch
2360 2079 2468 2139 auff
2499 2069 2545 2129 der
2575 2056 2762 2116 Akegein
2793 2032 2993 2092 erscheinen
3025 2014 3102 2074 alß

2064 2190 2329 2250 ohnfEhrlich
2367 2168 2653 2228 zubebenet,
2672 2148 2728 2208 dae
2768 2130 2977 2190 Indeßte
2996 2113 3071 2173 Sie
3092 2096 3242 2156 allhie

2071 2290 2140 2350 in
2187 2272 2465 2332 abeßung
2491 2252 2582 2312 sol
2604 2236 2768 2296 gehat
2791 2218 2933 2278 loti¬

2057 2401 2150 2461 N.
2173 2396 2241 2456 Sie
2277 2388 2368 2448 hat
2404 2377 2531 2437 Was
2565 2365 2658 2425 auch
2692 2356 2785 2416 eine
2819 2341 3086 2401 Ehrausfrach
3109 2328 3282 2388 formiet

1897 2433 1980 2493 shl.

2073 2492 2130 2552 Sie
2154 2488 2212 2548 ist
2246 2481 2351 2541 aber
2386 2471 2502 2531 dahin
2537 2458 2710 2518 verleisen
2721 2446 2862 2506 worden,
2885 2434 2978 2494 wann
3000 2427 3058 2487 der
3082 2418 3255 2478 Überhardt

2081 2574 2122 2634 in
2149 2557 2503 2617 landtseikidt,
2517 2539 2640 2599 selbe
2680 2525 2913 2585 außfündig
2940 2509 3198 2569 zumesen,
