4032 3024
457 323 605 383 20f.

445 506 592 566 Srafe
605 485 703 545 Pacte

453 593 486 653 De
508 578 618 638 Piper,
630 566 717 626 Jeane

482 641 730 701 Eberhardine:

486 1008 540 1068 ob
568 990 650 1050 .

471 1930 625 1990 Litl.
655 1922 778 1982 Nilu

486 2016 687 2076 bernhant
706 2016 803 2076 Mar¬

544 2083 555 2143 1
575 2081 690 2141 grath.

759 395 920 455 Aantz
936 386 1001 446 dem
1032 376 1162 436 Charle
1194 365 1355 425 Terasre
1387 364 1501 424 Eunren
1532 381 1759 441 Refagisten

764 470 945 530 Ehrenzosen
977 463 1019 523 ne
1052 458 1063 518 a
1105 451 1297 511 Berlin,
1318 446 1554 506 bewilliget
1596 459 1671 519 mit

762 562 863 622 kane
896 546 1169 606 Eborhadine
1221 536 1271 596 de
1306 535 1442 595 Liper
1492 542 1629 602 Koche
1645 555 1749 615 Rchten

752 650 878 710 halten
948 627 1214 687 zukonnen.

738 832 847 892 dede
924 820 956 880 e
1033 810 1081 870 e
1096 804 1206 864 Herr
1254 796 1300 856 r
1330 793 1440 853 brges
1472 795 1612 855 Cammer
1628 804 1706 864 Weh

778 914 917 974 habendt
949 904 1046 964 Heeo
1088 895 1164 955 dem
1216 883 1367 943 Charle
1410 877 1624 937 Terrasse
1645 879 1688 939 ne

754 991 773 1051 a
802 987 936 1047 Berlin
994 973 1215 1033 bewilliget
1244 964 1330 1024 mit
1369 957 1493 1017 Jeane
1542 948 1752 1008 Oberhardine

763 1066 802 1126 de
832 1063 950 1123 Liperi
970 1055 1108 1115 Kirchen
1137 1045 1285 1105 Recht
1305 1036 1463 1096 halten
1502 1028 1542 1088 zu
1562 1024 1700 1084 bäuen

760 1143 897 1203 allein
931 1138 999 1198 mit
1021 1134 1079 1194 dem
1135 1124 1398 1184 vorbehalt,
1420 1117 1501 1177 daß
1546 1112 1638 1172 keilen
1649 1109 1739 1169 beyde

755 1219 1099 1279 Landtsfrömbter
1140 1208 1241 1268 nach
1281 1202 1524 1262 vollendeter
1565 1195 1779 1255 Kindtbett,

766 1306 829 1366 Soch
851 1304 1031 1364 alsobaldt
1063 1300 1168 1360 laut
1201 1295 1296 1355 Ihren
1371 1284 1562 1344 gethaner
1593 1276 1784 1336 versprechen

776 1387 853 1447 Von
878 1385 1004 1445 hinnen
1043 1384 1195 1444 begeben
1234 1379 1348 1439 undt
1385 1375 1449 1435 Ihu
1499 1368 1640 1428 fortum
1665 1360 1791 1420 außet

769 1474 919 1534 landts
931 1475 1042 1535 suchen
1056 1472 1231 1532 sollindt
1268 1465 1418 1525 solchem
1455 1445 1755 1505 nachzukommen

783 1566 882 1626 beyde
943 1563 1030 1623 auch
1044 1557 1292 1617 angelobt:
1330 1546 1429 1606 desße
1453 1540 1478 1600 e
1490 1535 1565 1595 Mein
1577 1524 1676 1584 gnädige
1702 1511 1776 1571 Herr

789 1655 924 1715 hiemit
964 1655 1004 1715 zu
1046 1651 1154 1711 Ihren
1181 1640 1356 1700 Verhalt
1383 1614 1694 1674 verständiget

803 1719 970 1779 berdinht.

819 1896 966 1956 Weilen
994 1901 1088 1961 Hanß
1140 1897 1276 1957 Lüth.
1315 1889 1396 1949 Von
1423 1874 1678 1934 Rüedeßtlieb
1705 1855 1785 1915 legen

800 1975 900 2035 seiner
922 1982 1023 2042 Fr.
1034 1984 1213 2044 Margreth
1235 1977 1436 2037 Benhardt
1469 1958 1694 2018 begangen

797 2075 977 2135 Ehebauhs
1011 2072 1068 2132 der
1090 2070 1237 2130 genißt
1260 2066 1441 2126 erwarten
1453 2061 1566 2121 will,
1588 2054 1666 2114 umb
1690 2046 1804 2106 alß¬

800 2159 913 2219 dann
924 2155 1015 2215 seinen
1048 2153 1230 2213 bescheidt
1252 2150 1332 2210 undt
1366 2144 1535 2204 begehre
1581 2127 1728 2187 darüber

796 2248 968 2308 zugebe,
994 2244 1061 2304 alß
1100 2242 1259 2302 laßende
1284 2237 1390 2297 Gnädigen
1416 2230 1508 2290 Here
1534 2221 1575 2281 Er
1601 2209 1667 2269 auch

804 2338 949 2398 darbey
973 2327 1189 2387 betanden.

3072 208 3164 268 291

2144 333 2416 393 Sonstags
2435 314 2502 374 den
2538 307 2605 367 2.
2641 303 2794 363 Febr.
2810 301 2966 361 1733.

2415 438 2645 498 Greses.

2107 595 2227 655 Me
2244 580 2381 640 ere
2552 551 2621 611 ere
2689 532 2896 592 erned.

2426 690 2738 750 Aspessores.

2085 877 2291 937 MH.

2106 1031 2286 1091 Wardt
2313 1012 2438 1072 Mistr
2465 995 2617 1055 Samul
2659 975 2936 1035 Bauwmann
2963 964 3033 1024 dem

1845 1058 1920 1118 ser
1940 1033 2071 1093 kande

2093 1128 2255 1188 kueffer
2283 1108 2405 1168 Won
2432 1090 2580 1150 allhie
2609 1068 2879 1128 bewilliget
2906 1056 2974 1116 mit
3001 1049 3204 1109 Margnassa

1838 1140 1920 1200 Poche
1933 1120 2042 1180 Marge

2034 1230 2225 1290 brichts
2259 1210 2347 1270 auch
2381 1197 2468 1257 von
2502 1183 2643 1243 allhro
2677 1160 2990 1220 KiösenRecht
3027 1144 3182 1204 halten

1863 1196 1984 1256 p.

2068 1321 2080 1381 z
2117 1298 2316 1358 können.

2075 1459 2303 1519 Collione
2353 1435 2467 1495 Auß
2517 1421 2615 1481 Ihre
2631 1406 2893 1466 Vitheiftige
2909 1388 3105 1448 Sraedus

2075 1557 2149 1617 hade
2179 1543 2240 1603 en
2269 1530 2372 1590 nädigen
2389 1517 2507 1577 Here
2522 1510 2553 1570 r
2568 1503 2701 1563 sehen,
2747 1494 2791 1554 in
2821 1489 2897 1549 daß
2941 1473 3164 1533 franioire

1854 1585 1901 1645 puis
1919 1578 2056 1638 francoire

2080 1638 2185 1698 has
2222 1616 2291 1676 Ihr
2326 1594 2610 1654 angehoige
2645 1577 2804 1637 sowohs
2821 1568 2893 1628 der
2911 1559 3017 1619 Ehere
3035 1544 3139 1604 alßo

2084 1703 2417 1763 schwengrung
2458 1674 2585 1734 hall,
2606 1666 2646 1726 so
2667 1663 2710 1723 re
2751 1651 2960 1711 Auguacto
2980 1630 3168 1690 beschen

1859 1675 1969 1735 Kaigune
1993 1665 2067 1725 Siem

2085 1799 2323 1859 iderfahren
2399 1772 2606 1832 beklagen
2623 1755 2725 1815 thue
2786 1737 2934 1797 Diere
2966 1718 3158 1778 Bresinge

2059 1890 2226 1950 Bürger
2256 1879 2303 1939 zu
2333 1869 2485 1929 Neite,
2517 1851 2670 1911 welches
2715 1835 2807 1895 aber
2852 1821 2974 1881 Ihren
3006 1809 3081 1869 daß
3128 1797 3219 1857 Eeit

2077 1970 2189 2030 undt
2226 1962 2376 2022 andern
2401 1955 2439 2015 in
2452 1947 2588 2007 abert
2614 1935 2726 1995 seye,
2763 1917 2951 1977 hierüber
2963 1903 3038 1963 nun
3076 1887 3238 1947 wollind

2059 2060 2249 2120 Mh.
2289 2049 2385 2109 hund
2404 2030 2768 2090 auffgetogen
2827 1997 2960 2057 haben
3000 1980 3057 2040 die
3075 1964 3190 2024 Eas

2075 2147 2109 2207 in
2143 2142 2249 2202 hrer
2283 2123 2667 2183 bevorstehender
2686 2094 2877 2154 genißt
2894 2074 2982 2134 nach
3034 2053 3122 2113 der

2087 2231 2324 2291 Eodinung
2358 2206 2631 2266 Examinien
2664 2189 2700 2249 zu
2750 2175 2904 2235 laßen
2954 2152 3073 2212 undt
3108 2127 3194 2187 Ro¬

2090 2329 2145 2389 sie
2165 2324 2277 2384 auff
2314 2313 2426 2373 Ihme
2462 2298 2668 2358 behare,
2686 2281 2779 2341 und
2818 2271 2855 2331 Eo
2891 2263 2967 2323 das
2985 2249 3172 2309 Kindte

2074 2428 2189 2488 nicht
2217 2418 2362 2478 aumen
2391 2403 2550 2463 wurde
2638 2380 2797 2440 beyde
2826 2368 2869 2428 im
2912 2346 3259 2406 Burgations¬
