4032 3024
426 329 512 389 1292
523 326 586 386 f.

453 776 561 836 sahr
583 748 735 808 haten

461 1029 609 1089 Monan
646 1015 744 1075 Mari

463 1110 616 1170 Deitard
638 1090 771 1150 Franco

750 376 842 436 tat
856 359 964 419 undt
994 346 1056 406 der
1085 331 1331 391 Richtigkeit
1346 329 1560 389 deßelben
1575 342 1652 402 wohl
1681 357 1758 417 undt

756 450 1005 510 grundtlich
1032 417 1392 477 underichten,
1406 410 1489 470 undt
1503 413 1587 473 mit
1600 421 1752 481 nötigen

753 542 865 602 bricht
889 532 926 592 so
950 523 1037 583 wohl
1088 505 1224 565 beydes
1248 489 1583 549 Empfangener
1608 502 1732 562 Eyde

753 630 995 690 Inctrution
1044 609 1117 669 alß
1165 590 1371 650 habenden
1420 577 1747 637 Lümbden¬

764 723 964 783 berichten
995 698 1256 758 zulaßen:

747 882 1012 942 Milden:
1048 862 1132 922 was
1157 847 1326 907 maßen
1386 832 1531 892 Marie
1554 823 1700 883 Monan

776 963 863 1023 von
905 955 1037 1015 Jang
1059 946 1101 1006 ze
1125 937 1209 997 er
1233 923 1384 983 geist
1405 909 1516 969 auf
1537 901 1600 961 dem

781 1037 949 1097 Francois
979 1025 1167 1085 Deytard
1209 1007 1419 1067 verharret
1429 995 1492 1055 sye
1544 985 1627 1045 dar
1648 976 1754 1036 Kindt

775 1120 912 1180 Ernach
925 1107 1139 1167 gestorben,
1151 1095 1239 1155 undt
1266 1086 1340 1146 deß
1391 1072 1554 1132 Geytard
1593 1054 1730 1114 ftraub

761 1216 822 1276 die
848 1195 1059 1255 schidigung
1096 1172 1331 1232 nunmehro
1369 1156 1641 1216 Verlange,
1665 1147 1740 1207 dar

773 1302 933 1362 habind
975 1283 1048 1343 Me
1064 1272 1180 1332 Hen
1194 1263 1267 1323 auß
1295 1253 1398 1313 ihreo
1427 1235 1732 1295 Eingesendter

762 1378 924 1438 Proredur
957 1367 1151 1427 zurrsehen
1185 1348 1380 1408 gehabt,
1412 1327 1629 1387 Worüber
1650 1311 1803 1371 dieselben

764 1462 815 1522 Ihm
855 1463 893 1523 in
933 1458 1140 1518 antwort
1193 1439 1414 1499 Verdeüten
1452 1417 1608 1477 wollen
1648 1402 1751 1462 auff

771 1552 857 1612 Ihr
870 1550 1013 1610 achten
1055 1544 1112 1604 zu
1140 1535 1310 1595 laßen,
1339 1520 1438 1580 undt
1466 1511 1496 1571 so
1524 1504 1581 1564 Er
1595 1489 1779 1549 erschine

777 1638 976 1698 dorzmahl
1030 1630 1136 1690 Vor
1164 1624 1257 1684 Euch
1298 1618 1337 1678 zu
1378 1597 1737 1657 bescheiden,

772 1729 878 1789 undt
891 1726 1010 1786 fahle
1036 1723 1090 1783 Er
1155 1716 1354 1776 bekenn
1382 1704 1514 1764 wurde
1567 1681 1701 1741 beyde

778 1814 1037 1874 Vermeinenden
1061 1808 1179 1868 fahls
1202 1804 1285 1864 aber
1308 1800 1403 1860 und
1450 1793 1509 1853 Sie
1544 1786 1651 1846 zur
1674 1776 1829 1836 abbüße¬

789 1902 825 1962 so
851 1898 948 1958 halte
996 1893 1105 1953 undt
1129 1888 1385 1948 seinethalb
1421 1876 1544 1936 alleß
1580 1861 1713 1921 Goft

778 1978 896 2038 vundt
922 1979 975 2039 der
1001 1981 1093 2041 Zeit
1120 1978 1317 2038 heimbzu
1343 1968 1514 2028 stelle,
1540 1953 1593 2013 da
1632 1930 1790 1990 Indeßen

760 2070 965 2130 MeHen
979 2069 1030 2129 die
1043 2070 1275 2130 verlangte
1314 2062 1622 2122 Schudigung,
1649 2032 1675 2092 so
1700 2016 1752 2076 laß

786 2156 853 2216 alß
892 2153 946 2213 die
972 2152 1078 2212 Bon
1118 2153 1171 2213 der
1211 2153 1384 2213 Monan
1451 2131 1704 2191 begehrende

767 2245 914 2305 Kösten
928 2242 1120 2302 verschoben
1163 2242 1236 2302 biß
1295 2242 1368 2302 der
1399 2234 1633 2294 Derstard
1662 2215 1706 2275 in

785 2338 913 2398 kandt
927 2333 997 2393 sein
1024 2330 1165 2390 wird.

1826 545 1848 605 s

1841 556 2047 616 seten

1831 661 1953 721 1b

1894 2305 1902 2365 M

3075 225 3225 285 Gl.

2027 315 2394 375 Monsoreveure:
2422 290 2493 350 Ihr
2520 287 2648 347 Prond
2690 287 2717 347 e
2733 287 2788 347 ein
2802 290 2915 350 gnädigen
2930 294 3029 354 Herre
3057 300 3141 360 e

2026 426 2072 486 hie
2095 410 2164 470 daß
2223 384 2442 444 Elisabeth
2501 370 2709 430 Duperner
2754 370 2813 430 der
2835 371 3113 431 schwängerung

2043 508 2121 568 halb
2143 484 2301 544 beklage
2358 465 2470 525 Lauis
2503 459 2661 519 Nacard
2685 458 2752 518 Bon
2786 458 2966 518 Savignis
2999 457 3112 517 undt

2055 594 2107 654 dlß
2149 572 2323 632 derselbe
2349 558 2445 618 Stod
2458 552 2552 612 Euch
2593 547 2659 607 hat
2687 545 2820 605 Citirt
2835 542 2955 602 lieder
2968 538 3090 598 selben

2048 684 2105 744 der
2133 661 2289 721 Richter
2317 647 2358 707 zu
2402 638 2586 698 Pacigni
2627 635 2712 695 auß
2756 634 2912 694 grundt
2925 632 2981 692 die
3010 628 3167 688 foges¬

2035 764 2128 824 nuß
2161 745 2239 805 seye
2270 728 2506 788 hinderthag
2537 722 2804 782 Vorhangen,
2835 719 2881 779 die
2914 713 3149 773 requgitona

2049 852 2122 912 nit
2160 836 2259 896 habe
2295 818 2505 878 bewillige
2541 806 2678 866 wollen
2777 796 2876 856 wol
2900 793 2961 853 min
2975 787 3074 847 gnädigen
3086 781 3173 841 Herr

2030 927 2194 987 Ihnein
2219 912 2410 972 antwort
2435 897 2651 957 verdeütet
2676 886 2829 946 haben,d
2854 880 2904 940 in
2916 877 3018 937 gnädigen
3030 873 3159 933 Herren

2023 1027 2098 1087 dem
2153 1008 2357 1068 Ehergricht
2379 998 2411 1058 zu
2454 987 2638 1047 favignis
2659 972 2993 1032 auffgetragen,
3014 961 3101 1021 den

2016 1122 2192 1182 Qucard
2233 1089 2613 1149 aufferfolgende
2653 1070 2857 1130 Aation
2924 1058 3019 1118 vor
3045 1051 3114 1111 Sie

2029 1204 2287 1264 zuhalten,
2319 1184 2464 1244 deßen
2495 1173 2561 1233 Sie
2593 1162 2769 1222 hiemit
2785 1149 2964 1209 berachtet
2979 1134 3172 1194 wordendt

2068 1296 2152 1356 mit
2176 1279 2383 1339 gesinnen
2443 1263 2515 1323 die
2551 1246 2782 1306 Dupeorie
2830 1232 2854 1292 in
2890 1225 2975 1285 Ihrer
2999 1213 3193 1273 genißt

2068 1375 2150 1435 nach
2184 1365 2235 1425 der
2268 1352 2469 1412 Oordnung
2519 1329 2821 1389 Examiniren,
2838 1314 2956 1374 undt
2989 1306 3024 1366 s0
3057 1301 3140 1361 Sie

2070 1464 2153 1524 auf
2204 1447 2305 1507 Ihme
2338 1430 2523 1490 beharre,
2555 1416 2640 1476 und
2656 1412 2705 1472 er
2757 1405 2856 1465 das
2907 1399 3041 1459 Kind
3090 1392 3191 1452 nicht

2078 1552 2206 1612 einen
2242 1533 2424 1593 wollte
2478 1502 2881 1562 vrunstilkte,
2899 1483 2971 1543 daß
3007 1473 3135 1533 beide

2054 1649 2122 1709 von
2165 1625 2456 1685 Purgations
2497 1607 2622 1667 durch
2649 1599 2706 1659 Ior
2747 1593 2817 1653 H.
2844 1584 3067 1644 Effarhl.
3081 1575 3122 1635 in

2060 1739 2130 1799 dem
2188 1718 2492 1778 Burgations,
2517 1702 2622 1762 Eydt
2657 1692 2750 1752 wohl
2798 1683 2915 1743 undt
2949 1668 3219 1728 gründtlich

2063 1820 2389 1880 underrichtet,
2412 1804 2529 1864 undt
2552 1795 2646 1855 mit
2669 1784 2867 1844 nötigem
2961 1765 3113 1825 bericht
3148 1756 3194 1816 so

2062 1923 2173 1983 wohl
2216 1913 2313 1973 Ihro
2342 1899 2636 1959 empfangen
2663 1886 2803 1946 Eydes
2817 1876 3053 1936 Seateution
3097 1862 3207 1922 also

2070 2023 2281 2083 habenden
2320 2004 2584 2064 Lumbders
2624 1992 2730 2052 auff
2768 1983 2861 2043 eine
2901 1974 2966 2034 Ihm
3007 1957 3243 2017 ansetzenden

2076 2119 2200 2179 vnndt
2230 2104 2526 2164 vergleichenden
2541 2093 2619 2153 tag
2649 2085 2836 2145 allharo
2866 2069 3068 2129 gehalten
3099 2052 3223 2112 inder

2061 2284 2285 2344 Savigni
2375 2271 2479 2331 Ihme
2510 2260 2794 2320 aufftragen,
2809 2250 2884 2310 der
2899 2243 3033 2303 Lonis
3064 2228 3212 2288 Ruuard

2074 2380 2168 2440 nach
2198 2371 2573 2431 Mantprereiye
2621 2352 2887 2412 zuhet.
