4032 3024
444 323 523 383 294
539 313 603 373 f.

440 554 607 614 Spihs
628 533 713 593 harß

440 640 559 700 Herrn
589 618 738 678 Barbera

450 1090 626 1150 Baalmos
638 1076 732 1136 Costeh

456 1178 539 1238 Abi
567 1161 705 1221 Madia

511 1738 665 1798 obf.

456 2166 593 2226 Högl.
610 2161 778 2221 Elstbeh.

468 2266 643 2326 Minger
658 2264 775 2324 Jacob.

730 405 939 465 Kantz.
971 386 1015 446 Es
1045 373 1120 433 hat
1150 351 1391 411 Endtlichen
1420 343 1450 403 so
1465 343 1555 403 wehl
1585 353 1690 413 Hanß

755 498 911 558 Seicher
925 489 996 549 alß
1068 465 1237 525 barbara
1281 443 1436 503 Hannn
1464 439 1536 499 Ihr
1564 459 1779 519 angesörgen

769 585 973 645 frwillig
1001 563 1205 623 versprochen
1233 545 1409 605 finanden
1451 541 1494 601 zu
1525 545 1698 605 Ehrlichen

757 674 996 734 deßwegen
1046 656 1134 716 auch
1159 643 1371 703 Einanden
1385 632 1447 692 die
1472 629 1598 689 handt
1623 630 1748 690 darauff

748 759 887 819 gegebe,
914 748 1024 808 undt
1053 735 1177 795 deßen
1206 726 1275 786 Sie
1303 711 1581 771 nachrichtlich
1622 704 1734 764 ver¬

745 840 949 900 ständigen
961 826 1114 886 wollen.

746 998 1105 1058 Heimißweil.
1121 975 1188 1035 Ers
1204 969 1284 1029 hat
1302 962 1449 1022 Cosas
1481 956 1564 1016 Vr
1596 953 1742 1013 Balmos

770 1095 908 1155 welchen
932 1081 1070 1141 Maria
1133 1071 1208 1131 Abi
1233 1067 1271 1127 so
1295 1061 1409 1121 wohl
1446 1054 1508 1114 der
1533 1046 1634 1106 Ehr,
1646 1039 1709 1099 alß

763 1189 816 1249 dß
871 1171 1086 1231 beyschlaffe
1115 1159 1331 1219 beklaget
1371 1140 1628 1200 angelobet

774 1277 918 1337 selbige
956 1260 1204 1320 zuEhrlichen
1255 1243 1386 1303 deßen
1437 1230 1516 1290 Sie
1542 1218 1711 1278 berachtet

770 1367 934 1427 verdindt
958 1354 1040 1414 mit
1064 1343 1241 1403 gesinnen
1265 1332 1371 1392 auff
1419 1321 1548 1381 beyde
1572 1311 1678 1371 achte

767 1449 848 1509 und
875 1445 928 1505 wo
956 1435 1171 1495 Bongthen
1211 1425 1305 1485 zum
1345 1416 1494 1476 friden
1507 1405 1723 1465 anmehnen

760 1539 802 1599 zu
831 1524 1014 1584 laßen.

753 1677 931 1737 Gedul
966 1666 1000 1726 an
1037 1656 1304 1716 Marh.
1321 1645 1482 1705 Helffer
1499 1621 1766 1681 Langbanst¬

770 1762 867 1822 Ihne
883 1753 1110 1813 ersuchen,
1144 1747 1306 1807 obige
1338 1736 1484 1796 diesen
1500 1713 1662 1773 abendt
1678 1686 1727 1746 um

758 1846 900 1906 gebett
964 1838 991 1898 zu
1030 1831 1302 1891 Copuliren.

797 2024 1037 2084 Wohlen
1086 2018 1166 2078 und
1213 2011 1422 2071 Seedoff
1438 1997 1566 2057 Lep.
1582 1974 1742 2034 Weten

820 2115 959 2175 Jacob
996 2110 1172 2170 Münge
1222 2105 1323 2165 von
1373 2093 1562 2153 Wehlen
1625 2063 1800 2123 bekant¬

812 2197 897 2257 lich
925 2197 1069 2257 worden
1141 2195 1198 2255 die
1242 2188 1457 2248 Elßbeth
1499 2165 1629 2225 fügl.
1643 2142 1730 2202 Mon

804 2290 1010 2350 Gedorff
1053 2284 1332 2344 beschlaffen
1361 2269 1493 2329 undt
1523 2238 1786 2298 geschwangen

772 2378 1002 2438 zuhaben,
1034 2383 1134 2443 Alß
1198 2374 1395 2434 habendt
1427 2352 1559 2412 Wie
1575 2332 1675 2392 thur
1691 2313 1757 2373 auh

766 2458 869 2518 atra
919 2461 1090 2521 Kindt
1107 2459 1209 2519 nach
1228 2456 1295 2516 des
1330 2441 1568 2501 Ordnung
1620 2407 1706 2467 Son

3051 214 3201 274 295f.

2000 358 2058 418 No
2081 341 2152 401 172
2187 327 2246 387 alß
2281 310 2492 370 ohnehelich
2527 301 2761 361 zubekennet,
2784 301 2902 361 welches
2913 301 3147 361 anzunemmen

2020 439 2065 499 Er
2080 424 2171 484 auch
2186 403 2430 463 angelobt,
2460 391 2536 451 dire
2551 387 2610 447 Ehe
2627 383 2884 443 ersprechung
2899 382 2990 442 abesr
3005 380 3126 440 sielen

2022 531 2101 591 der
2135 506 2284 566 Vatter
2306 495 2353 555 sich
2387 489 2478 549 deren
2513 482 2718 542 Epponirt,
2741 478 2980 538 auffgehoben
3004 465 3106 525 undt

2033 612 2164 672 beyde
2193 595 2252 655 zue
2268 580 2545 640 abbüeßung
2573 571 2735 631 gehalten

2025 804 2259 864 Conthaz
2294 775 2367 835 übe
2402 749 2744 809 Ihreingesendte
2762 732 2924 792 Pracdas
2961 722 3176 782 betrfendt

2055 907 2128 967 von
2170 888 2302 948 Maro
2331 869 2462 929 Taren
2505 851 2592 911 Von
2608 836 2768 896 Ladiger
2797 825 2870 885 undt
2898 816 3103 876 Bemeste

1832 931 2000 991 Zoenhan

2066 988 2248 1048 Satan
2273 966 2366 1026 Ihr
2410 938 2662 998 angeböge
2710 910 2870 970 llnde
2917 896 3032 956 eht
3077 888 3195 948 hmn

1846 1016 1926 1076 Ma

2050 1072 2311 1132 mnantort
2331 1043 2570 1103 verdeitet
2592 1017 2752 1077 haben,
2791 1001 2851 1061 daß
2892 991 2971 1051 der
2991 981 3131 1041 Jacas

1838 1094 1923 1154 geo
1942 1067 2049 1127 tioen

2032 1166 2159 1226 Vheri
2180 1152 2266 1212 hr
2307 1129 2564 1189 Brotemect
2585 1104 2798 1164 befehren
2818 1088 2883 1148 der
2904 1073 3096 1133 Saction

1865 1144 1947 1204 patl

2055 1266 2122 1326 soy
2143 1249 2231 1309 daet
2253 1230 2384 1290 bend
2429 1211 2538 1271 undt
2581 1194 2712 1254 deßen
2736 1161 3241 1221 Sehrwongeminto¬

2031 1351 2281 1411 solbing
2335 1317 2389 1377 de
2446 1303 2500 1363 Br
2527 1289 2638 1349 ndt
2695 1276 2749 1336 se
2803 1268 2833 1328 r
2860 1249 3190 1309 beieschalt

2073 1455 2137 1515 so
2202 1430 2303 1490 et
2335 1411 2468 1471 lant
2569 1377 2831 1437 ebse
2900 1353 2964 1413 de
2997 1345 3029 1405 e
3097 1330 3231 1390 le

2053 1545 2241 1605 Srande
2286 1518 2404 1578 Ese
2426 1503 2518 1563 und
2566 1486 2659 1546 chen
2706 1454 3057 1514 otschlageden

2073 1737 2314 1797 Keldorff.
2331 1717 2523 1777 Weilen
2557 1702 2730 1762 Rudolff
2764 1691 2886 1751 Büse,
2903 1682 3041 1742 welchen
3058 1668 3248 1728 Elstbeth

2093 1828 2350 1888 Krettinger
2385 1811 2467 1871 vor
2502 1800 2596 1860 Jang
2621 1792 2725 1852 undt
2749 1784 2830 1844 nach
2855 1777 2924 1837 der
2949 1763 3183 1823 Gruißt

1868 1867 2034 1927 Srttinger

2064 1926 2129 1986 Ihr
2156 1925 2223 1985 zur
2249 1919 2356 1979 velt
2408 1904 2622 1964 gebohrne
2648 1885 2781 1945 Kindt
2820 1863 3073 1923 zugefignet
3099 1845 3219 1905 dieses

1883 1936 2018 1996 Ehstbeth

1870 2041 1910 2101 dir
1937 2035 2074 2095 Rudolf
2089 2024 2279 2084 ankelgdt
2306 2012 2375 2072 sich
2416 2000 2608 2060 Eydtlich
2635 1980 2881 2040 entschuttet,
2894 1963 2977 2023 alß
3032 1944 3209 2004 habindt

2061 2132 2272 2192 Mee
2325 2104 2503 2164 enthals
2521 2088 2643 2148 allesß
2697 2072 2821 2132 Gott
2856 2059 2943 2119 und
2963 2050 3033 2110 der
3050 2034 3264 2094 Beith¬

2060 2225 2138 2285 en
2194 2204 2512 2264 estlstnd
2590 2180 2645 2240 hr
2697 2170 2778 2230 des
2804 2155 2963 2215 kladt
2989 2133 3174 2193 undte

2069 2319 2227 2379 deßen
2266 2303 2503 2363 erhaltung
2523 2272 2799 2332 überlasten,
2818 2250 2878 2310 die
2897 2232 3075 2292 Köster
3094 2212 3231 2272 undes

2052 2410 2157 2470 Ihen
2198 2403 2259 2463 vor
2303 2391 2448 2451 bestect
2489 2374 2615 2434 kegen
2635 2342 2990 2402 bottschlagede
3011 2312 3116 2372 undt
3136 2298 3241 2358 soll

2063 2497 2406 2557 sese
2519 2460 2673 2520 be
2785 2427 2935 2487 ie
3201 2389 3319 2449 en

2074 2590 2228 2650 geseng
2295 2574 2405 2634 hoch,
2427 2560 2516 2620 daß
2559 2547 2605 2607 er
2626 2532 2758 2592 zute
2804 2502 3068 2562 linbesie
3114 2479 3292 2539 bschaten

2081 2670 2263 2730 korbe.
