4032 3024
429 324 574 384 296f.

428 577 633 637 Leilember
665 572 762 632 Jacb¬

445 1443 654 1503 Richenet
667 1433 751 1493 Jean

536 1517 679 1577 Pierol

453 1867 621 1927 Khreyer
645 1859 764 1919 Subaa

444 1955 575 2015 Knecht
600 1946 635 2006 .
646 1945 765 2005 Albach

736 396 1056 456 Drachselwaldt
1087 375 1233 435 Praf.
1261 370 1378 430 Jacob
1409 370 1643 430 Leüsenberg
1657 376 1701 436 de

772 490 944 550 Eirfhöre
970 474 1155 534 Walters
1168 462 1274 522 welo
1301 455 1381 515 seyn
1420 454 1499 514 mit
1525 456 1566 516 12
1592 464 1725 524 Jährigen

799 578 962 638 legdten
1017 563 1126 623 lider
1153 553 1222 613 den
1262 545 1426 605 Wirth
1453 544 1480 604 zu
1535 558 1740 618 Schnidigen

737 667 855 727 fosen
884 661 958 721 Min
973 654 1091 714 gnädigen
1105 647 1223 707 Herren
1237 641 1326 701 aber
1355 635 1547 695 habindt
1562 632 1680 692 ihme

743 761 930 821 darüber
952 751 1029 811 kein
1095 740 1237 800 gehör
1282 727 1435 787 geben,
1458 716 1611 776 sondern
1632 711 1733 771 selben

735 854 777 914 an
805 853 877 913 dem
891 850 962 910 H.
990 842 1103 902 Prof.
1133 831 1274 891 teifen
1302 820 1473 880 wollen,
1501 814 1600 874 undt
1614 815 1744 875 Ihre,

735 949 848 1009 vielen
876 944 918 1004 Er
948 935 1075 995 seinen
1130 921 1215 981 H.
1245 907 1541 967 Ambttmann
1584 913 1783 973 übergangn

742 1038 858 1098 undt
873 1029 963 1089 ohne
988 1019 1145 1079 Einichen
1172 1006 1379 1066 gehabten
1418 998 1561 1058 acceso
1587 998 1653 1058 sich
1679 1000 1756 1060 ge¬

745 1133 899 1193 stellt
956 1121 1026 1181 für
1053 1113 1096 1173 24
1153 1100 1292 1160 stundt
1321 1087 1461 1147 wegen
1489 1078 1629 1138 seiner

759 1221 1212 1281 ohnterschamtheit
1251 1184 1478 1244 hieundes
1496 1165 1780 1225 sitzenlaßen

776 1425 872 1485 Ube
903 1420 934 1480 i
999 1413 1014 1473 e
1063 1407 1079 1467 n
1126 1398 1221 1458 nigen
1239 1387 1366 1447 err
1397 1377 1446 1437 der
1461 1362 1782 1422 kilchefleßten

773 1513 877 1573 undt
894 1505 1028 1565 kehren
1059 1497 1105 1557 im
1134 1486 1345 1546 understen
1360 1472 1496 1532 Statt
1525 1454 1721 1514 Quartier

761 1607 852 1667 soll
891 1600 997 1660 Jean
1050 1587 1208 1647 Piere
1247 1569 1482 1629 Richenet
1497 1552 1588 1612 auff
1600 1538 1758 1598 küfftig

759 1686 940 1746 Montag
969 1677 1080 1737 Citirt
1107 1670 1277 1730 woeder:

817 1848 940 1908 durch
955 1840 1000 1900 Ein
1030 1833 1199 1893 Schuiben
1246 1822 1336 1882 von
1369 1810 1490 1870 Belg
1522 1797 1628 1857 wieden
1645 1775 1783 1835 Moh.

797 1944 1010 2004 berichtet
1041 1935 1103 1995 wie
1132 1929 1209 1989 daß
1255 1917 1453 1977 Susanna
1482 1892 1652 1952 Schuyers
1667 1870 1743 1930 von

765 2031 1133 2091 WeilerEegundes
1164 2012 1438 2072 gnugsam̄er
1469 1977 1758 2037 Examnation

777 2134 859 2194 auf
907 2127 972 2187 dem
1020 2121 1118 2181 Erst
1152 2111 1363 2171 beklagten
1379 2098 1460 2158 H.
1476 2078 1671 2138 Allbacht
1687 2046 1801 2106 Racht

775 2219 850 2279 Alß
879 2215 1044 2275 Vatter
1074 2210 1178 2270 Ihre
1209 2205 1299 2265 zur
1314 2197 1418 2257 velt
1448 2180 1627 2240 gebohren
1659 2146 1792 2206 köndt

780 2308 1013 2368 verharret
1039 2305 1168 2365 sye.

3043 217 3113 277 291
3133 218 3192 278 f.

1839 446 1863 506 s
1939 384 2039 444 och
2088 338 2212 398 icht
2264 311 2389 371 bsten
2413 302 2589 362 keren
2638 304 2714 364 ied
2762 307 2862 367 eh
2890 311 3163 371 versendet

2036 452 2101 512 daß
2150 427 2200 487 der
2233 408 2365 468 Madte
2397 397 2497 457 buter
2513 394 2578 454 Ehr
2597 394 2761 454 Ehschein
2777 397 2842 457 sche
2875 400 3023 460 Erhalt
3041 396 3174 456 worden.

2019 551 2138 611 ser
2183 523 2421 583 ksterkar

2257 696 2557 756 Montags
2593 676 2650 736 den
2668 673 2707 733 9.
2725 671 2893 731 Febr.
2911 669 3025 729 173.

2439 807 2689 867 Braens.

2153 964 2282 1024 Me
2303 941 2476 1001 ege
2647 910 2689 970 e
2820 895 2928 955 en

2459 1045 2726 1105 Asessores.

2160 1176 2376 1236 M.

2025 1450 2186 1510 Brbul
2208 1437 2324 1497 lahe
2372 1422 2465 1482 ach
2487 1410 2581 1470 be
2626 1394 2719 1454 von
2741 1367 3133 1427 Stielhissens

2064 1551 2132 1611 bey
2179 1538 2295 1598 her
2317 1511 2596 1571 bediglihen
2619 1483 2757 1543 sein
2802 1467 2872 1527 r.
2894 1447 3244 1507 aebtmann

1849 1503 1997 1563 besherbs

2073 1627 2294 1687 verlisen
2328 1604 2513 1664 tonden.

2042 1783 2314 1843 Vineltzan
2340 1773 2414 1833 H.
2427 1760 2676 1820 Hfarhl.
2700 1745 2862 1805 Weilen
2911 1738 2974 1798 der
2999 1735 3036 1795 den
3048 1734 3086 1794 26
3111 1733 3197 1793 Janl

2050 1874 2223 1934 Pasoati
2260 1866 2323 1926 der
2360 1857 2547 1917 Salome
2584 1846 2684 1906 bloch
2696 1836 2908 1896 ertheilte
2945 1817 3218 1877 Schuliguungt

1864 1926 1916 1986 Rrch
1925 1927 2038 1987 Salome

2082 1964 2209 2024 brieff
2241 1954 2358 2014 leiter
2379 1945 2625 2005 mitgibet,
2646 1936 2730 1996 daß
2773 1929 2912 1989 selbige
2943 1921 2964 1981 in
2996 1912 3166 1972 Freyheit

2071 2055 2238 2115 gesetzet
2251 2045 2327 2105 seye
2367 2038 2431 2098 sich
2456 2032 2521 2092 noch
2547 2025 2676 2085 Glük
2727 2012 3010 2072 anderlertig
3036 2005 3229 2065 wohelich

2073 2144 2325 2204 zukömmen,
2372 2131 2468 2191 Alß
2504 2122 2600 2182 wole
2624 2115 2683 2175 Min
2695 2108 2791 2168 gnädigen
2803 2102 2887 2162 Herrn
2911 2096 2982 2156 Ime
3007 2090 3271 2150 auffgetragen

2079 2242 2194 2302 haben
2297 2229 2353 2289 die
2377 2219 2617 2279 Instantia
2651 2207 2754 2267 mit
2788 2200 2891 2260 Ihrem
2925 2185 3222 2245 Eheverlobten

2077 2333 2170 2393 Von
2196 2324 2357 2384 numan
2396 2314 2437 2374 zu
2477 2300 2798 2360 verbunden;
2824 2284 2876 2344 Es
2904 2275 2984 2335 seye
3011 2263 3104 2323 dann
3117 2247 3252 2307 sach¬

2081 2416 2151 2476 daß
2186 2411 2350 2471 derselbe
2408 2396 2678 2456 Importanten
2714 2369 3006 2429 Cppositionen
3030 2342 3205 2402 darlider

2088 2488 2307 2548 byzuwenden
2319 2481 2487 2541 hätte.
