4032 3024
428 334 499 394 298
522 319 570 379 f.

721 402 747 462 Aa
774 390 949 450 Ebbage
991 374 1031 434 da
1070 365 1138 425 Lac
1165 360 1206 420 de
1233 353 1382 413 Joua:
1408 352 1490 412 Ehe
1503 355 1597 415 undt
1624 367 1747 427 beoe¬

722 483 805 543 Me
828 475 911 535 gen
923 467 1006 527 über
1029 458 1089 518 den
1112 440 1398 500 verlangenden
1433 433 1622 493 heutrath
1658 442 1705 502 deß

738 573 862 633 Atram
918 555 1032 615 Depra
1099 536 1179 596 mit
1212 520 1383 580 Marie
1416 514 1631 574 Euignard
1655 528 1735 588 ab¬

426 600 563 660 Depas
595 574 686 634 Aun

765 657 904 717 sprehe
931 643 1056 703 wollen
1097 621 1277 681 habindt
1320 607 1388 667 Sie
1402 600 1540 660 nötig
1568 602 1736 662 befunden

431 677 606 737 Gaugnas
638 655 768 715 Man¬

738 746 951 806 zumahln
976 724 1189 784 himblicher
1214 700 1427 760 Verdacht,
1440 689 1490 749 ob
1527 683 1653 743 hätte
1665 683 1716 743 der

750 832 921 892 Depras
942 820 1017 880 bet
1072 806 1135 866 läb
1168 793 1285 853 zeiten
1329 779 1457 839 seiner
1490 769 1737 829 verstorben

762 918 882 978 Fheuw
934 900 1014 960 mit
1040 890 1094 950 der
1119 874 1357 934 Suiguard
1371 861 1436 921 sich
1464 852 1675 912 vertrabet

756 1000 837 1060 die
859 990 928 1050 sach
962 982 1031 1042 biß
1076 972 1156 1032 nach
1191 965 1248 1025 der
1272 959 1375 1019 seth
1408 948 1603 1008 genißt
1638 938 1672 998 zu

748 1079 1023 1139 verschieben,
1046 1061 1212 1121 deßen
1260 1049 1330 1109 Sie
1379 1037 1581 1097 berichtet
1616 1029 1735 1089 wedind

749 1162 824 1222 mit
846 1157 1031 1217 gesinnen,
1074 1145 1150 1205 die
1182 1130 1400 1190 Quignard
1432 1118 1464 1178 in
1485 1111 1703 1171 derselben

749 1247 1024 1307 Examiniren
1059 1235 1107 1295 und
1120 1230 1203 1290 Mein
1215 1222 1311 1282 gnädigen
1322 1215 1418 1275 Herren
1442 1207 1550 1267 ihrer
1574 1199 1778 1259 genißt¬

751 1340 867 1400 lichen
880 1330 1074 1390 außrag,
1086 1324 1177 1384 umb
1215 1318 1268 1378 zu
1293 1312 1447 1372 wüsen,
1462 1307 1512 1367 ob
1551 1304 1603 1364 die
1628 1299 1772 1359 anget¬

747 1429 920 1489 zeigten
952 1414 1114 1474 Epoque
1169 1401 1374 1461 eintreffen
1396 1391 1526 1451 werden
1570 1379 1743 1439 berichten

758 1521 949 1581 zulaßen
1002 1508 1034 1568 zu
1066 1502 1151 1562 dero
1182 1491 1352 1551 fernerer
1416 1470 1757 1530 Erkantnuß.

742 1594 752 1654 V
782 1590 822 1650 die
853 1584 973 1644 Eporfle
1013 1578 1064 1638 der
1084 1566 1365 1626 schwangerschafft
1395 1551 1446 1611 iIst
1466 1538 1667 1598 ohngefehrt
1677 1521 1768 1581 mitten

785 1633 951 1693 vergangen
996 1620 1260 1680 herbstmratt.

796 1702 946 1762 Wardt
967 1701 1032 1761 H.
1053 1695 1235 1755 Rudolff
1279 1677 1537 1737 Grütthert
1568 1658 1633 1718 von
1654 1645 1772 1705 allhier

471 1736 656 1796 Geüthert
681 1720 780 1780 Rud¬

813 1783 1044 1843 bewilliget
1057 1780 1134 1840 mit
1159 1778 1263 1838 Jgf.
1288 1765 1571 1825 Margartha
1622 1740 1726 1800 Ruhn

457 1813 555 1873 Kuhn
586 1797 779 1857 Margaorthe

770 1874 871 1934 Einer
896 1871 1123 1931 Provelyptim
1172 1859 1350 1919 Kirchen
1375 1842 1513 1902 Recht
1551 1820 1715 1880 halten

784 1964 823 2024 zu
848 1954 1003 2014 können.

741 2100 927 2160 Gedul
957 2095 1015 2155 an
1043 2088 1287 2148 MHHn
1317 2079 1359 2139 der
1389 2069 1547 2129 Bürger
1575 2046 1749 2106 Cammer.

765 2189 819 2249 Sie
847 2194 1010 2254 deßen
1039 2191 1119 2251 se
1148 2181 1435 2241 bezeuhung
1475 2160 1531 2220 deß
1584 2138 1763 2198 gekehrte

483 2208 572 2268 obl

777 2293 1096 2353 Einzugigeltr
1146 2275 1567 2335 veständigen:

3088 225 3164 285 299

2030 336 2096 396 Ist
2112 323 2180 383 dem
2212 305 2397 365 Bedicht
2429 292 2646 352 hoffman,
2663 289 2712 349 daß
2747 289 2780 349 in
2812 292 2997 352 därischen
3013 296 3179 356 drefen

2029 439 2083 499 sich
2111 412 2347 472 befindenden
2387 388 2622 448 Aboahamb
2649 383 2870 443 Hoffmans
2899 386 3022 446 bauter
3036 388 3146 448 lielen

2048 518 2126 578 seine
2154 501 2354 561 Ehefrauwe
2367 488 2474 548 Cato
2528 479 2687 539 küeffe
2713 476 3007 536 Eingewilliget
3035 479 3181 539 annoch

1824 555 1898 615 so
1936 530 2010 590 e

2036 601 2290 661 Wirmonat
2332 576 2494 636 Termin
2520 568 2709 628 Ertheilt,
2722 565 2803 625 umb
2843 562 2884 622 zu
2910 562 3031 622 lüßen
3044 558 3167 618 obt¬

1862 628 1877 688 h

2032 695 2255 755 apperenz
2284 674 2388 734 seye,
2403 665 2492 725 daß
2521 659 2582 719 Er
2611 653 2819 713 dermahlen
2850 649 2998 709 könen
3027 647 3131 707 ledig

1856 721 1938 781 16

2046 805 2164 865 teden
2254 783 2307 843 da
2372 763 2581 823 indeßen
2634 750 2712 810 dem
2791 743 2934 803 Bäuter
2960 742 3026 802 ist
3039 745 3210 805 injun¬

2030 898 2127 958 gurt
2139 879 2287 939 worden,
2311 861 2433 921 alleß
2470 843 2642 903 mügliche
2678 829 2972 889 anzuwenden,
2996 827 3070 887 daß
3106 829 3204 889 diese

2048 988 2178 1048 beide
2212 967 2308 1027 ledig
2342 947 2506 1007 körnen
2537 931 2735 991 Lreden.

2030 1162 2365 1222 Püegisherg.
2383 1135 2569 1195 Marin
2606 1123 2717 1183 Fache
2737 1118 2848 1178 Ihre
2884 1107 3145 1167 angehorge

2077 1269 2172 1329 habe
2185 1255 2239 1315 sich
2267 1241 2389 1301 voen
2402 1230 2511 1290 gnädige
2539 1222 2647 1282 Heren
2661 1214 2891 1274 beklaget,
2904 1203 2986 1263 man
3014 1192 3149 1252 wolle

1845 1304 1902 1364 det
1919 1278 2050 1338 Morin

2069 1362 2154 1422 sein
2182 1344 2295 1404 Kind
2323 1326 2480 1386 droben
2521 1310 2664 1370 hinder
2692 1299 2805 1359 Ihen
2848 1290 2918 1350 mit
2933 1278 3132 1338 ferners¬

2054 1443 2180 1503 gede
2344 1419 2418 1479 ne
2436 1408 2565 1468 He
2601 1399 2673 1459 unb
2729 1381 3020 1441 handtbetung
3038 1366 3241 1426 erschendt

2069 1531 2300 1591 derowegen
2331 1503 2534 1563 dieselben
2595 1477 2904 1537 auffgetragen
2952 1461 3059 1521 haben
3090 1450 3229 1510 wollend

2052 1623 2257 1683 selbiges
2298 1603 2380 1663 biß
2422 1589 2628 1649 außtrag
2668 1573 2860 1633 handels
2916 1554 3121 1614 zumahlen

2072 1726 2147 1786 die
2179 1711 2315 1771 hochen
2345 1699 2404 1759 bey
2451 1691 2466 1751 N
2602 1675 2662 1735 den
2677 1663 2845 1723 Räthen
2905 1640 3222 1700 aurcommendirt

2062 1812 2292 1872 woaten,
2332 1791 2485 1851 zinder
2525 1769 2639 1829 hhere
2678 1739 2967 1799 sugekellen

2061 2009 2272 2069 Frachsel
2307 1993 2431 2053 baldt
2466 1977 2608 2037 Pref.
2625 1964 2714 2024 Vor
2749 1949 2908 2009 Maht.
2926 1936 3015 1996 sye
3032 1923 3229 1983 erschinen

2090 2091 2233 2151 Borna
2294 2067 2558 2127 Kreyenbühl
2594 2043 2774 2103 Christen
2821 2025 3086 2085 Conkausers
3110 2015 3243 2075 Ehe¬

2075 2176 2195 2236 freuw
2242 2163 2349 2223 undt
2385 2146 2600 2206 beklaget
2636 2130 2695 2190 der
2718 2112 3100 2172 schwangenschafft
3137 2102 3269 2162 halben

1891 2139 2041 2199 bhaufer

1885 2219 2011 2279 Christen

2080 2265 2123 2325 an
2167 2260 2283 2320 Alli.
2311 2236 2732 2296 Reutenschwander
2761 2206 2862 2266 Von
2907 2186 3168 2246 Riederkeil

1883 2309 2040 2369 genbürhl

2069 2359 2238 2419 selcher
2258 2352 2353 2412 aber
2390 2340 2503 2400 Ihre
2543 2324 2656 2384 dieser
2674 2306 2845 2366 anbleges
2882 2285 3072 2345 gentzlich
3090 2275 3148 2335 um

1890 2371 2032 2431 Mona.

2095 2453 2413 2513 abendtgelesen
2460 2433 2569 2493 dero
2587 2423 2666 2483 min
2681 2412 2809 2472 gnädigen
2824 2400 2936 2460 Here
2968 2391 3015 2451 iß
3046 2380 3236 2440 geschäff

1890 2440 2043 2500 verschlan

1906 2502 1980 2562 Ul.

2067 2557 2135 2617 alß
2169 2553 2222 2613 die
2256 2547 2361 2607 Stan
2412 2535 2480 2595 dem
2551 2511 2811 2571 gantlice
2862 2476 3207 2536 Verlangenden
