4032 3024
466 325 503 385 30
527 325 578 385 f.

727 374 964 434 Schdigung
998 340 1217 400 Woschaben
1252 328 1319 388 biß
1352 328 1437 388 noch
1454 332 1523 392 der
1540 349 1742 409 genisten

728 486 765 546 in
778 472 931 532 velcher
982 450 1057 510 Wie
1084 438 1173 498 nach
1210 429 1275 489 der
1337 425 1542 485 Lordnung
1579 446 1782 506 Examinir

738 564 859 624 werden
898 548 1033 608 soll,
1087 526 1248 586 Wahlt
1287 515 1342 575 Sie
1368 512 1408 572 in
1436 516 1663 576 derselben

745 658 829 718 auff
843 650 943 710 thme
1015 627 1258 687 Verharn,
1272 611 1372 671 undt
1401 605 1457 665 Er
1501 604 1571 664 dar
1599 609 1742 669 Kinden

743 747 857 807 nicht
884 734 1037 794 anemmen
1062 718 1227 778 wollte
1265 705 1430 765 beyder
1457 700 1494 760 im
1533 703 1751 763 Burga¬

741 839 885 899 istiones
908 826 1004 886 Eydt
1027 816 1124 876 undt
1148 808 1220 868 der
1255 797 1506 857 richtigkeit
1543 798 1746 858 deßelben

738 939 828 999 wohl
866 923 970 983 undt
995 904 1227 964 grundtlich
1266 883 1561 943 underichten,
1587 877 1690 937 undt

761 1018 955 1078 nachtertt
984 997 1248 1057 mitnötigem
1345 979 1540 1039 bericht,
1553 976 1596 1036 so
1623 976 1707 1036 wohl

753 1117 863 1177 Ihrer
876 1099 1184 1159 empfangenen
1208 1084 1319 1144 Eydt
1369 1075 1652 1135 Instruction

765 1204 817 1264 alß
860 1191 1019 1251 habenden
1050 1174 1294 1234 Lümbdens
1337 1160 1527 1220 allharr
1559 1153 1708 1213 halten

766 1282 986 1342 zulaßen,
1009 1271 1057 1331 zu
1092 1263 1243 1323 wolchen
1277 1254 1371 1314 fad
1406 1247 1534 1307 allein
1580 1237 1756 1297 dochl.

742 1379 1011 1439 Landtvogt
1038 1365 1089 1425 die
1114 1356 1294 1416 anstalt
1346 1341 1590 1401 verfürgen
1615 1334 1655 1394 zu
1680 1330 1784 1390 laßen

761 1471 907 1531 hiemit
936 1456 1201 1516 freundtlich
1230 1444 1408 1504 ersucht
1437 1430 1644 1490 worden.

745 1610 770 1670 N
843 1602 894 1662 sie
918 1597 1018 1657 will
1055 1592 1104 1652 zu
1142 1586 1352 1646 Langnaut
1390 1575 1539 1635 Kinder
1576 1563 1663 1623 lige,
1688 1551 1761 1611 undt

778 1694 840 1754 die
864 1690 1001 1750 Epoque
1037 1688 1099 1748 der
1112 1681 1347 1741 geklagten
1371 1655 1730 1715 schwängerschafft

766 1779 814 1839 Ist
838 1782 874 1842 an
911 1784 1018 1844 Einem
1068 1779 1236 1839 Sontag
1272 1768 1357 1828 Vor
1393 1760 1440 1820 des
1476 1733 1765 1793 Endtfrndigen

773 1873 900 1933 Jahrs,
912 1871 1039 1931 allbo
1064 1868 1115 1928 der
1140 1859 1329 1919 Beklagte
1368 1845 1431 1905 Sie
1470 1830 1571 1890 auff
1609 1812 1710 1872 Ihren

782 1962 999 2022 heimbtey
1046 1955 1217 2015 zrüsche
1248 1945 1372 2005 Ridt
1405 1931 1512 1991 undt
1544 1908 1761 1968 Nanflich

754 2063 985 2123 beschlaffen
1002 2060 1110 2120 undt
1125 2050 1451 2110 geschwangeet
1482 2026 1592 2086 habe

3091 226 3175 286 3ag

2173 324 2421 384 Sonstag
2479 313 2535 373 den
2554 313 2631 373 12.
2650 317 2821 377 Febrb.
2839 327 2994 387 1733.

2425 430 2649 490 Praesides

2124 562 2246 622 Mn
2260 543 2371 603 geHr
2397 535 2424 595 r
2493 529 2548 589 ai
2575 527 2822 587 Mühlenen

2130 663 2353 723 Muckk.
2389 640 2592 700 Rathtf.
2612 632 2798 692 Jener.

2418 777 2700 837 Assessores.

2120 926 2226 986 Me
2244 914 2496 974 ger
2548 906 2565 966 e
2637 903 2691 963 e
2746 901 2818 961 en
2852 901 2924 961 e
3139 907 3194 967 ach

1852 1146 1902 1206 Sis
1919 1112 2072 1172 shesten

2095 1140 2427 1200 Eobhlindach.
2456 1126 2656 1186 Welcher
2687 1119 2887 1179 gestalten
2918 1111 3118 1171 Christina

2071 1237 2198 1297 hügl.
2221 1230 2278 1290 den
2312 1225 2370 1285 19.
2382 1222 2497 1282 Janl.
2520 1219 2600 1279 Eest
2613 1217 2670 1277 hin
2704 1215 2738 1275 zu
2785 1203 3130 1263 herrnschwanden

1836 1225 2026 1285 pulblutig

2060 1332 2125 1392 ohn
2166 1320 2231 1380 daß
2285 1305 2498 1365 Jehmandt
2524 1300 2605 1360 bey
2631 1297 2696 1357 der
2724 1294 2922 1354 gemißt
2935 1282 3108 1342 gelesen

2024 1423 2208 1483 Kindts
2242 1399 2519 1459 Niderkommen
2588 1384 2692 1444 undt
2703 1376 2922 1436 nachterts
2958 1369 3038 1429 zum
3095 1366 3233 1426 Vetter

2053 1500 2245 1560 deselben
2312 1478 2482 1538 angeben
2572 1460 2741 1520 Ludwig
2787 1451 2922 1511 Dulia
2966 1444 3081 1504 Stor¬

2037 1588 2288 1648 Schoffausen
2362 1566 2392 1626 da
2450 1558 2524 1618 hend
2539 1553 2614 1613 ein
2628 1548 2746 1608 gnädigen
2761 1542 2879 1602 Herrn
2908 1536 2954 1596 uß
3012 1524 3130 1584 Ihren

2064 1682 2214 1742 bericht
2226 1668 2388 1728 schreiben
2450 1655 2674 1715 zuersehen
2737 1643 2948 1703 gehabt,
2974 1629 3161 1689 Worüber

2070 1775 2258 1835 dieselben
2291 1765 2416 1825 Pfued
2431 1753 2731 1813 vrffgetragen
2761 1741 2873 1801 haben
2903 1729 3092 1789 wollind,
3109 1715 3170 1775 die

2076 1864 2243 1924 hüglin
2288 1857 2367 1917 wan
2411 1852 2479 1912 Sie
2501 1848 2545 1908 im
2567 1840 2714 1900 standt
2748 1831 2814 1891 sein
2849 1824 2937 1884 wirt
2994 1810 3195 1870 herhalten

2080 1953 2329 2013 zulaßen,
2356 1938 2578 1998 Indeßen
2648 1929 2745 1989 aber
2772 1926 2814 1986 zu
2855 1917 3077 1977 Inoigilige,
3104 1906 3174 1966 daß

2064 2063 2217 2123 sirsich
2233 2052 2319 2112 mit
2335 2037 2609 2097 absintion.

1897 2218 1935 2278 hut
1947 2225 2049 2285 Dane

2084 2265 2371 2325 Villette.
2401 2250 2476 2310 Ihr
2491 2238 2643 2298 schieben
2673 2225 2749 2285 blben
2780 2218 2824 2278 e
2854 2211 2915 2271 n
2945 2203 3035 2263 Hee
3052 2196 3202 2256 rofnet

1898 2301 2036 2361 vatte.

2071 2359 2157 2419 wie
2181 2355 2268 2415 daß
2317 2349 2453 2409 Jeane
2502 2336 2700 2396 Provette
2736 2320 2922 2380 Bessat
2960 2305 3045 2365 zum
3107 2286 3255 2346 Vatter

2066 2453 2178 2513 Ihre
2212 2440 2436 2500 Zurtelt
2470 2429 2647 2489 gebohren
2695 2419 2840 2479 Kindt
2872 2401 3163 2461 ernombset
