4032 3024
448 317 517 377 302
544 319 587 379 f.

728 411 831 471 habe
868 391 991 451 einen
1026 366 1272 426 MaulEhel
1307 353 1430 413 täber
1464 360 1641 420 wahnen
1676 384 1765 444 e¬

729 489 936 549 Molander
964 458 1269 518 Ernfräubte.
1298 445 1435 505 dahero
1450 446 1560 506 Ihnen
1587 461 1742 521 aufge¬

709 573 855 633 stragen
870 564 1000 624 wonde,
1034 554 1147 614 gleich
1163 546 1211 606 lie
1244 540 1308 600 die
1326 535 1503 595 Stressat
1537 538 1600 598 sich
1616 546 1714 606 auch

734 664 1011 724 angebegensen
1036 648 1167 708 laßen
1204 632 1312 692 solle
1336 621 1481 681 selbe
1518 621 1698 681 trachten

749 766 811 826 zu
842 754 1045 814 Entdeben
1090 732 1200 792 undt
1231 718 1341 778 silm
1371 710 1527 770 standt
1557 719 1775 779 zubeygen

754 855 803 915 da
865 842 1012 902 Indeße
1036 833 1085 893 ine
1097 828 1195 888 gnädigen
1208 822 1306 882 Herren
1330 818 1405 878 Ihre
1465 815 1576 875 das
1600 814 1723 874 Kinde

742 942 903 1002 sambt
918 929 1035 989 deßen
1081 919 1331 979 erhaltung
1360 911 1671 971 überlaßen.

727 1119 1072 1179 Gunmplitz.
1102 1102 1216 1162 über
1260 1094 1347 1154 ihrn
1391 1088 1663 1148 eingesendten

775 1208 941 1268 bericht,
955 1196 1219 1256 betreffendt
1260 1183 1372 1243 Hanß
1428 1174 1594 1234 Schweger
1634 1172 1719 1232 Son

456 1231 661 1291 Bautoman̄
681 1225 760 1285 Rub¬

773 1301 877 1361 Moos
899 1294 1083 1354 Kichhöre
1119 1285 1268 1345 kantz
1291 1276 1383 1336 undt
1419 1270 1510 1330 seine
1534 1264 1706 1324 schwanger

466 1313 630 1373 Schwyr
643 1298 732 1358 hauß

767 1395 882 1455 Anna
940 1377 1217 1437 Bautomann
1251 1364 1355 1424 Nen
1401 1355 1517 1415 buch
1562 1345 1690 1405 füter

761 1473 1009 1533 angehörige
1047 1465 1074 1525 so
1100 1459 1283 1519 Einander
1309 1451 1362 1511 die
1400 1445 1466 1505 Ehe
1492 1430 1726 1490 versprochre

771 1570 848 1630 dera
898 1559 1065 1619 Vatter
1103 1553 1193 1613 aber
1219 1551 1244 1611 so
1270 1548 1372 1608 wohl
1411 1541 1476 1601 alß
1526 1531 1578 1591 Sie
1603 1520 1667 1580 der

781 1653 1019 1713 besuchung
1050 1641 1235 1701 derselben
1276 1636 1339 1696 sich
1369 1631 1545 1691 weigeren
1607 1606 1762 1666 wolleit

773 1763 786 1823 M
836 1750 988 1810 igen
1013 1742 1103 1802 enren
1128 1737 1458 1797 auffgetragen
1535 1724 1662 1784 haben

786 1858 974 1918 Partheym
1022 1847 1188 1907 sambt
1211 1841 1270 1901 dem
1318 1830 1495 1890 Vatter
1530 1814 1720 1874 Stoinheut

765 1949 950 2009 überacht
1060 1940 1136 2000 Men
1151 1934 1277 1994 gnädigen
1292 1927 1416 1987 Herren
1432 1917 1540 1977 alten
1573 1901 1775 1961 zulasten.

755 2137 1042 2197 tauffen.
1075 2137 1234 2197 Weilen
1268 2132 1380 2192 laut
1411 2126 1507 2186 Ihre
1539 2106 1781 2166 beihscwei¬

800 2221 882 2281 bens
924 2223 1074 2283 daviel
1114 2227 1292 2287 Klopfen
1305 2224 1400 2284 stein
1442 2218 1509 2278 der
1537 2201 1687 2261 Mahte
1700 2173 1811 2233 ween

474 2223 724 2283 Klopfenstein

553 2298 740 2358 Daniel:

792 2299 880 2359 mit
900 2308 1096 2368 kelegende
1113 2317 1419 2377 schwängrung
1474 2304 1527 2364 der
1545 2294 1617 2354 Eelr
1653 2268 1760 2328 hatte

813 2391 1112 2451 angesprochenen
1144 2404 1293 2464 Maria
1323 2400 1518 2460 Anpecht
1548 2377 1758 2437 viebheauch

493 2389 661 2449 Auplecst
675 2399 791 2459 Maria

779 2486 891 2546 Vor.
909 2485 1005 2545 Jeine
1022 2490 1104 2550 und
1136 2494 1218 2554 nach
1234 2497 1299 2557 de
1315 2496 1511 2556 genißt
1527 2483 1592 2543 alß
1640 2452 1770 2512 Vatter

1846 1485 1922 1545 sehe
1946 1468 2047 1528 hirich

1856 1577 1937 1637 M.
1952 1565 2047 1625 Marie

3067 212 3198 272 303.

2053 334 2128 394 Thaß
2174 312 2251 372 zud
2266 301 2374 361 welt
2389 295 2573 355 geboheren
2603 296 2741 356 Kindes
2756 299 2847 359 auff
2864 302 2940 362 zuer
2955 301 3138 361 verhart

2046 423 2170 483 halte
2203 395 2296 455 fent
2343 381 2453 441 unkt
2469 379 2595 439 anders
2626 383 2813 443 verneinet
2846 391 3019 451 wollendt
3034 393 3176 453 Moch.

2042 513 2155 573 Ihen
2184 480 2466 540 auffgetragen
2507 472 2635 532 haben
2720 481 3086 541 zuveranstalten,
3100 478 3171 538 daß

2040 606 2190 666 heein
2266 571 2521 631 Purgations,
2550 563 2656 623 Eydt
2670 563 2761 623 undt
2790 563 2835 623 des
2850 562 3075 622 Richtigkeit

2042 688 2238 748 deßelben
2266 666 2372 726 wohl
2411 655 2503 715 undt
2529 650 2767 710 grundtlich
2793 650 2898 710 durch
2911 650 3017 710 Ihren

2030 800 2135 860 Hr
2151 777 2351 837 Hffarhh
2381 755 2627 815 underichte,
2657 744 2765 804 undt
2780 735 2978 795 nachterts
2994 726 3086 786 mit

2041 888 2216 948 netigen
2298 867 2473 927 bericht,
2486 859 2513 919 so
2539 856 2621 916 wohl
2661 850 2743 910 Ihro
2769 844 3066 904 Empfangenen

2077 995 2222 1055 tyder
2248 970 2511 1030 Instraction
2577 955 2656 1015 alß
2695 949 2878 1009 habenden
2919 939 3167 999 Lümbdens

2055 1098 2172 1158 auff
2207 1076 2324 1136 Einen
2357 1063 2476 1123 Ihne
2493 1053 2746 1113 aufehenden
2813 1047 3186 1107 tagallhorgehaltn

2038 1188 2254 1248 wedind.

2039 1335 2375 1395 Stauffberg.
2389 1320 2449 1380 Es
2492 1317 2581 1377 habe
2624 1315 2727 1375 war
2756 1312 2873 1372 allhie
2902 1308 3005 1368 gleich
3034 1299 3180 1359 lrunden

2096 1456 2157 1516 bey
2190 1443 2299 1503 Ihnen
2376 1427 2548 1487 Heinrich
2579 1420 2657 1480 Rob
2703 1414 2797 1474 Von
2845 1400 3140 1460 huntzenschiel

2106 1546 2158 1606 ein
2184 1528 2472 1588 pfaßamente
2512 1516 2590 1576 der
2616 1513 2669 1573 Ehe
2708 1509 2826 1569 halb
2852 1499 3127 1559 angesprochen

2073 1640 2229 1700 Maria
2295 1616 2504 1676 Gölklin
2545 1608 2649 1668 Ston
2675 1604 2871 1664 Schaffin
2897 1597 3029 1657 heimb,
3055 1589 3159 1649 welche

2068 1734 2150 1794 aber
2178 1723 2262 1783 Ihme
2289 1714 2386 1774 solche
2414 1707 2623 1767 ohngracht
2650 1699 2831 1759 gethanen
2872 1691 2914 1751 zu
2943 1678 3193 1738 sprechent¬

2061 1827 2265 1887 gäntzlich
2306 1810 2536 1870 Verneme,
2550 1803 2645 1863 undt
2673 1799 2713 1859 Er
2755 1794 2821 1854 Sie
2836 1789 2945 1849 solche
2971 1768 3272 1828 nachterts¬

2073 1933 2136 1993 mit
2163 1919 2431 1979 gsatzmeßig
2470 1905 2713 1965 bescheinigen
2738 1894 2945 1954 können.
2970 1876 3187 1936 derlegen

2053 2044 2095 2104 so
2109 2035 2207 2095 hande
2249 2025 2278 2085 e
2320 2019 2391 2079 eie
2418 2011 2517 2071 eren
2531 2007 2586 2067 die
2615 2002 2825 2062 Gölklin
2868 1994 2967 2054 von
2994 1990 3107 2050 Ihme

2057 2146 2162 2206 Rohr
2188 2135 2292 2195 ledig
2305 2123 2501 2183 erbennet
2540 2110 2644 2170 undt
2685 2100 2802 2160 beyde
2828 2093 2868 2153 in
2907 2084 3050 2144 Oorige
3077 2073 3246 2133 Freyheit

2087 2236 2278 2296 gesetzet,
2307 2223 2381 2283 Ich
2396 2217 2469 2277 doch
2498 2209 2573 2269 daß
2631 2200 2691 2260 Sie
2705 2193 2809 2253 Ihme
2824 2186 2897 2246 sein
2926 2179 3015 2239 gelt
3044 2173 3104 2233 des
3133 2166 3252 2226 Ver¬

2081 2335 2261 2395 meinten
2299 2321 2554 2381 Ehrpfandt
2580 2300 2873 2360 widergebeselt,
2900 2284 2963 2344 die
2990 2275 3143 2335 Kösten

2079 2422 2516 2482 tettschlagende:
