4032 3024
455 328 529 388 304
554 317 593 377 f.

711 411 972 471 Pünglen:
1004 390 1199 450 Weilen
1250 383 1495 443 Abersamb
1527 403 1722 463 Schweder

774 489 866 549 Von
900 469 1202 529 Schwederanto
1238 461 1387 521 welchem
1479 472 1607 532 Mana
1630 491 1723 551 Loshe

447 559 623 619 Schneider
636 543 760 603 Gbesorn

757 575 879 635 Inder
905 560 1069 620 Genstt
1082 548 1206 608 under
1219 541 1465 601 gnugsammer
1491 555 1763 615 Examnation

759 666 801 726 Ih
815 661 874 721 fur
888 656 974 716 woelt
1003 644 1190 704 gebohnes
1220 635 1364 695 Kindt
1394 636 1638 696 zugefignet
1654 650 1710 710 sich

447 661 558 721 Eosfab
599 640 724 700 Mlaia

763 754 838 814 die
850 751 875 811 se
913 742 1088 802 anklegdt
1112 730 1287 790 fydtlich
1325 723 1599 783 Entschutte,
1623 737 1711 797 alo

742 844 794 904 ben
821 841 885 901 min
898 837 1004 897 gnädigen
1030 830 1121 890 erren
1147 820 1370 880 einethalb
1383 818 1487 878 alleß
1528 822 1645 882 Wett
1671 833 1749 893 undt

752 936 809 996 der
834 932 926 992 suth
949 919 1286 979 heimbgestellt
1322 907 1415 967 Ihra
1460 907 1542 967 das
1566 911 1799 971 Kindsambte

764 1024 915 1084 deßen
930 1010 1164 1070 erhaltung
1191 1000 1440 1060 überlaßen,
1467 1000 1536 1060 Sie
1563 1000 1633 1060 zur
1646 1003 1799 1063 abbie¬

746 1115 914 1175 aßung
941 1103 1124 1163 gehalten
1179 1092 1278 1152 undt
1292 1088 1418 1148 Thog.
1447 1087 1628 1147 Verleden
1642 1091 1768 1151 laßen

765 1254 1060 1314 betreffendt,
1074 1242 1178 1302 dain
1207 1237 1326 1297 anna
1355 1235 1473 1295 Summe
1502 1238 1562 1298 Ihr
1577 1249 1783 1309 angehörge

756 1346 889 1406 welche
915 1338 981 1398 zum
1021 1333 1182 1393 neheber
1208 1331 1301 1391 Ihrer
1329 1334 1701 1394 schwangerschafft

472 1341 607 1401 Simen
653 1331 728 1391 Ang

473 1425 605 1485 Conradt
631 1419 736 1479 Pfeter

768 1435 964 1495 beklaget
993 1433 1144 1493 PPeter
1174 1433 1325 1493 Conveit
1354 1429 1489 1489 Cammer
1520 1422 1625 1482 dero
1655 1412 1777 1472 bey¬

764 1527 835 1587 Her
869 1523 1127 1583 haubtmann
1163 1517 1327 1577 Stücke
1363 1506 1620 1566 dißmahlen
1643 1498 1679 1558 in

769 1612 874 1672 ifpre
897 1609 933 1669 in
968 1604 1050 1664 H.
1073 1599 1226 1659 Oberst
1251 1591 1333 1651 von
1402 1577 1637 1637 Goumoens
1662 1562 1802 1622 Regint

775 1696 886 1756 wolid
911 1693 974 1753 ein
986 1691 1085 1751 gnädigen
1099 1688 1211 1748 Herren
1223 1685 1336 1745 ihnen
1410 1674 1748 1734 auffgetragen

764 1785 923 1845 haben,
957 1781 1013 1841 Sie
1037 1780 1070 1840 in
1105 1774 1491 1834 Ihreoniderkunfft
1502 1764 1604 1824 nach
1638 1754 1695 1814 der

777 1871 990 1931 Oodnung
1026 1865 1275 1925 Examinun,
1288 1861 1413 1921 undt
1438 1852 1638 1912 dieselben
1650 1837 1750 1897 Ihrer

765 1960 972 2020 genißtl.
997 1955 1180 2015 außaag
1216 1953 1413 2013 berichten
1485 1944 1534 2004 da
1584 1928 1729 1988 mithin

740 2068 754 2128 M
812 2057 943 2117 eHen
986 2053 1017 2113 e
1060 2051 1103 2111 en
1117 2050 1365 2110 haubtmann
1394 2041 1585 2101 ersuchen
1599 2021 1730 2081 laßen

745 2166 855 2226 Ihne
884 2151 1064 2211 hunredt
1091 2150 1190 2210 über
1217 2150 1357 2210 dieser
1397 2143 1606 2203 anblegdt
1634 2117 1759 2177 suret

758 2259 984 2319 zustoßen
1020 2251 1127 2311 undt
1150 2248 1258 2308 seiner
1293 2242 1496 2302 Declaratie
1520 2233 1592 2293 Min
1603 2225 1687 2285 gnädige
1711 2212 1795 2272 Hrrn

774 2368 819 2428 zu
836 2359 1203 2419 verständigen:

1858 520 1961 580 I.

1834 630 2063 690 seen

1843 1034 1956 1094 pestan

1860 1084 2015 1144 Ganvit.

1851 1186 2050 1246 Consfer¬

1862 1261 1991 1321 patte.

3074 223 3156 283 305
3170 223 3225 283 f.

2036 386 2114 446 An
2144 373 2237 433 H.
2252 358 2516 418 Haubtman̄
2531 351 2639 411 Harl
2670 349 2825 409 Stücke.
2856 349 2933 409 Über
2949 351 3057 411 obige
3072 355 3228 415 anblget

2039 484 2095 544 sie
2108 472 2179 532 auch
2207 462 2292 522 über
2306 456 2361 516 der
2375 452 2558 512 Johanna
2600 452 2740 512 Liecht,
2768 456 2795 516 so
2825 458 2908 518 Ihne
2935 463 2979 523 de
3006 470 3218 530 schwanger¬

2050 575 2217 635 schafft
2232 553 2398 613 beklagt
2413 547 2473 607 den
2488 547 2654 607 Conwedt
2669 550 2805 610 Pfeter
2850 557 2897 617 zu
2942 564 3215 624 Endustosen

2050 679 2133 739 und
2165 659 2331 719 Meen
2364 645 2447 705 eine
2479 637 2828 697 verantwortung
2860 644 3026 704 bericht
3042 657 3209 717 zulaßen

2033 862 2304 922 Laudane
2342 836 2479 896 Rrach.
2498 824 2731 884 Nachten
2750 821 2943 881 MHr
2962 827 3021 887 den
3040 832 3118 892 kern

2055 956 2249 1016 Franios
2284 933 2363 993 Bo
2421 922 2490 982 undt
2524 913 2717 973 Vernette
2752 911 2945 971 Epsardet
2969 911 3060 971 auff
3084 913 3163 973 dero

2047 1046 2175 1106 Ihnen
2244 1017 2466 1077 angelegte
2489 1005 2675 1065 Citation
2746 1000 2874 1060 wegen
2909 997 3014 1057 Ihnen
3049 988 3225 1048 vormahlt

2067 1121 2348 1181 verbottenen
2420 1095 2665 1155 dißmahls
2690 1087 2788 1147 aber
2812 1085 2910 1145 wider
2935 1084 3218 1144 Continuirlichen

2071 1214 2377 1274 Gebrecherischen
2415 1187 2615 1247 umbgang
2654 1179 2695 1239 zu
2733 1175 3025 1235 Redgestellt,
3051 1172 3131 1232 hat

2070 1334 2112 1394 Eo
2126 1321 2196 1381 sich
2212 1305 2323 1365 diese
2351 1285 2550 1345 ankleydt
2578 1271 2775 1331 gäntzlich
2803 1260 3127 1320 entschuldigen

2035 1426 2172 1486 velen
2187 1409 2311 1469 gnädige
2326 1394 2433 1454 Heren
2465 1379 2602 1439 abend,
2619 1368 2711 1428 aber
2726 1362 2771 1422 so
2803 1357 2895 1417 Wiel
2910 1354 2987 1414 auß
3032 1352 3094 1412 der

2040 1520 2154 1580 Ihnem
2204 1497 2466 1557 übersendten
2531 1462 2911 1522 Poredarersehen,
2944 1448 3009 1508 daß
3057 1445 3238 1505 dieselben

2051 1615 2285 1675 beracht
2312 1594 2404 1654 chit
2427 1577 2619 1637 laugen,
2642 1561 2712 1621 sor
2738 1548 2926 1608 besein
2949 1544 3114 1604 facher

2073 1713 2343 1773 befunden.
2378 1682 2547 1742 Deren
2580 1660 2715 1720 gnädige
2732 1646 2849 1706 Here
2901 1633 3069 1693 chebet,
3102 1631 3187 1691 daß

2067 1816 2146 1876 Sie
2172 1805 2239 1865 biß
2278 1794 2318 1854 am
2357 1778 2516 1838 Montag
2571 1755 2769 1815 hinunder
2795 1742 2942 1802 gesetzet
2968 1733 3179 1793 nachterts

2067 1894 2159 1954 mit
2190 1887 2315 1947 Eines
2330 1871 2563 1931 kefftigen
2593 1853 2748 1913 Censred
2778 1836 2996 1896 dimittirt,
3011 1828 3089 1888 und
3119 1828 3214 1888 Ihren

2057 1991 2160 2051 alles
2186 1985 2316 2045 frwer
2382 1967 2628 2027 umbgang
2666 1950 2732 2010 bey
2771 1929 3198 1989 Schalleterksstraff

2061 2089 2311 2149 verbotten
2339 2077 2408 2137 sein
2422 2069 2560 2129 solle,
2589 2057 2740 2117 welches
2769 2046 2837 2106 der
2851 2040 2934 2100 H.
2949 2029 3060 2089 Staf.
3073 2018 3143 2078 dem

2055 2202 2172 2262 Ehre
2189 2190 2339 2250 Rrcht
2374 2179 2424 2239 zu
2457 2165 2675 2225 Romanel
2727 2150 2760 2210 zu
2812 2138 2979 2198 bekuten
2995 2126 3096 2186 umb
3113 2117 3214 2177 auf

2066 2310 2150 2370 Sie
2167 2302 2304 2362 achte
2354 2277 2628 2337 zulaßenn
2678 2249 2832 2309 benieben
2885 2230 3122 2290 freundtlich

2065 2415 2263 2475 Eersicht
2281 2399 2390 2459 vnd
2425 2377 2661 2437 künfftig
2678 2362 2732 2422 hin
2769 2353 2840 2413 die
2876 2338 3165 2398 Ambtlichen

2070 2513 2371 2573 Authoritet
2399 2491 2513 2551 dahin
2557 2478 2599 2538 zu
2642 2458 2957 2518 Interponiren,
3001 2446 3073 2506 daß
3115 2446 3201 2506 Mes
