4032 3024
455 344 550 404 106l

732 407 783 467 zun
800 399 942 459 solchen
959 384 1136 444 stachen,
1170 370 1241 430 alß
1275 362 1469 422 lediglich
1505 369 1593 429 von
1610 391 1770 451 deren¬

736 502 804 562 H.
831 484 1106 544 Ambtbüthen
1148 458 1436 518 abhangende
1463 459 1697 519 Comperens

453 615 530 675 dern
547 593 827 653 außgerechtenten
857 566 1091 626 erbhelliget
1124 548 1358 608 verdindt.

741 764 1007 824 Eggileil.
1041 734 1307 794 Burtzelen
1358 715 1476 775 undt
1492 718 1675 778 Mandas
1709 739 1777 799 pe.

775 849 902 909 kreit,
917 843 997 903 mit
1028 836 1075 896 die
1139 817 1330 877 Barbara
1393 805 1568 865 Bübsl,
1584 813 1646 873 boß
1679 834 1775 894 hae¬

788 923 863 983 ana
916 915 1022 975 undt
1054 903 1192 963 Berna
1246 890 1489 950 Schönberger
1533 891 1618 951 Stan
1628 901 1766 961 Mandal

463 918 587 978 Bichsel
607 899 732 959 Barbara

778 1002 828 1062 das
854 995 967 1055 foster
992 986 1056 1046 auß
1093 980 1156 1040 den
1181 969 1385 1029 Eppitil,
1409 963 1485 1023 das
1498 962 1625 1022 andern
1650 965 1713 1025 van

462 1004 524 1064 boß
565 986 730 1046 Calariua

756 1089 976 1149 Sefftingen
1003 1070 1160 1130 Kirchhör
1223 1053 1485 1113 Gurtzeler,
1510 1046 1654 1106 seyindt
1667 1047 1758 1107 wegen

459 1074 712 1134 Schonberger

536 1129 710 1189 Berna.

760 1173 988 1233 Verdächtig
1020 1153 1232 1213 nächtlich
1280 1139 1622 1199 herumbstrechen
1654 1140 1803 1200 vige¬

755 1269 845 1329 oht
881 1250 1177 1310 sempfahung
1211 1239 1280 1299 30
1303 1234 1451 1294 streichn
1474 1232 1509 1292 in
1532 1230 1588 1290 den
1600 1228 1761 1288 Ihweg¬

774 1351 881 1411 sthl
916 1337 1096 1397 gethan,
1119 1327 1191 1387 und
1215 1323 1310 1383 mit
1334 1319 1406 1379 dem
1478 1314 1632 1374 Kräger
1657 1308 1716 1368 die

762 1431 890 1491 Sstatt
942 1416 1159 1476 hinmnder
1185 1408 1377 1468 geführt
1403 1401 1584 1461 worden,
1596 1392 1686 1452 mit

774 1510 1055 1570 betrütung,
1077 1498 1163 1558 daß
1218 1494 1282 1554 Sie
1326 1487 1531 1547 dieselben
1542 1478 1629 1538 mer
1661 1470 1726 1530 Mir

773 1600 905 1660 Jahren
931 1595 997 1655 bey
1037 1587 1209 1647 Schallen
1222 1577 1328 1637 webs
1354 1569 1500 1629 straff
1526 1564 1606 1624 mit
1619 1562 1778 1622 zube¬

779 1687 946 1747 fatten
1024 1677 1139 1737 haben
1166 1665 1358 1725 sollindt,
1371 1656 1423 1716 sie
1460 1646 1640 1706 könnind
1667 1637 1769 1697 dann

749 1773 1055 1833 Huthentische
1102 1754 1303 1814 Reugnuß
1350 1740 1444 1800 von
1479 1729 1563 1789 Ihne
1598 1715 1774 1775 aufleten

795 1860 919 1920 deßen
956 1853 1018 1913 Sie
1056 1846 1242 1906 berichtet
1279 1834 1466 1894 werdinde
1503 1823 1591 1883 mit
1615 1812 1752 1872 gesine

783 1948 902 2008 selbe
926 1944 986 2004 zur
1010 1941 1129 2001 arbit
1142 1934 1345 1994 anhalten
1392 1920 1571 1980 zulaßen
1608 1906 1715 1966 undt

795 2038 890 2098 auff
925 2035 985 2095 Sie
996 2032 1185 2092 zuachten
1221 2025 1268 2085 da
1328 2016 1446 2076 sonsten
1470 2010 1493 2070 in
1518 1997 1766 2057 ermangleden

799 2134 916 2194 fahl
955 2126 1020 2186 Sie
1046 2122 1137 2182 mit
1176 2116 1358 2176 bemelter
1386 2109 1503 2169 stoaff
1528 2094 1737 2154 angesehen

801 2216 890 2276 oder
912 2215 990 2275 aber
1023 2214 1112 2274 Ihmen
1123 2213 1212 2273 auff
1233 2213 1300 2273 Ihn
1322 2210 1500 2270 Kosten,
1511 2201 1633 2261 wurde
1666 2184 1800 2244 zuge¬

780 2297 1048 2357 führtteden,
1074 2302 1114 2362 zu
1140 2306 1208 2366 den
1235 2309 1327 2369 Endt
1355 2309 1435 2369 Ihmn
1474 2302 1529 2362 Sie
1569 2286 1689 2346 durch
1702 2263 1755 2323 die

789 2389 981 2449 Pofoser
1012 2389 1203 2449 zugesendt
1218 2390 1395 2450 vordindt.

3057 224 3138 284 302

2023 366 2189 426 Rehul
2219 347 2251 407 an
2281 332 2508 392 MeH.
2538 326 2795 386 Goßlebel
2827 329 3037 389 Kuepfr.
3054 332 3114 392 Ihr

2056 449 2270 509 besuchen,
2294 434 2358 494 die
2382 425 2571 485 anstalt
2596 422 2823 482 verfürger
2860 421 3049 481 zulaßen,
3073 418 3137 478 daß

2032 553 2144 613 gbiche
2172 530 2284 590 Töne
2327 519 2409 579 mit
2423 516 2480 576 dem
2508 515 2663 575 Koagen
2676 515 2747 575 die
2774 515 2900 575 Statt
2914 510 3110 570 hinunder

1845 529 1939 589 H.

2031 636 2205 696 seht
2232 605 2436 665 bonden

2028 801 2171 861 Rehil
2206 782 2260 842 an
2329 761 2543 821 Malhr
2578 745 2933 805 Seilehlkerhalter
2950 728 3148 788 Mager.

2046 886 2124 946 Ihne
2146 867 2360 927 ansinnen
2450 845 2674 905 überden,
2697 837 2765 897 daß
2831 824 3102 884 vorstehende

1867 917 1973 977 1.

2040 959 2235 1019 Weidtlin
2260 946 2298 1006 zu
2346 935 2592 995 empfahung
2616 927 2678 987 30
2702 923 2825 983 strechen
2849 918 2873 978 in
2898 915 2960 975 den
2996 903 3218 963 Schleinge¬

2022 1061 2151 1121 stihl
2171 1040 2299 1100 gesehr
2337 1023 2503 1083 verdinde

2068 1243 2350 1303 Saanen:
2376 1218 2442 1278 Es
2471 1208 2563 1268 habe
2618 1196 2711 1256 was
2752 1187 2873 1247 Anna
2900 1181 3047 1241 Maria
3074 1174 3221 1234 Wieste

2085 1339 2145 1399 Ihe
2182 1317 2460 1377 angehörige
2508 1296 2604 1356 laut
2616 1289 2689 1349 Ihre
2725 1274 3039 1334 Decommendation
3076 1259 3220 1319 schreiben

1854 1380 1939 1440 Reste
1951 1369 2025 1429 Gua

2087 1424 2169 1484 Einen
2203 1408 2461 1468 Kuftreff
2484 1388 2590 1448 wider
2636 1375 2729 1435 Ihon
2754 1363 2964 1423 Vermeint
2999 1357 3246 1417 Eheverlobtzn

1885 1445 1976 1505 paria

2118 1510 2323 1570 Johanneß
2374 1485 2529 1545 Straffe
2567 1467 2682 1527 Gan
2734 1451 2900 1511 Klocham
2965 1439 3106 1499 Ueber
3133 1438 3236 1498 ver¬

1860 1562 1929 1622 rohl
1943 1543 2041 1603 Johau

2104 1596 2277 1656 langet
2318 1579 2421 1639 weiln
2451 1567 2533 1627 aber
2563 1553 2737 1613 derselbe
2779 1535 2993 1595 niemahlen
3034 1525 3106 1585 von
3136 1520 3188 1580 dem

2039 1620 2054 1680 1

2056 1690 2252 1750 Richse
2279 1658 2599 1718 gestanben,
2627 1639 2723 1699 alß
2775 1625 2947 1685 habend
2998 1603 3198 1663 Mehge¬

2074 1788 2152 1848 die
2182 1760 2385 1820 Würsten
2430 1738 2570 1798 dahin
2603 1721 2851 1781 gewisen,
2881 1708 2974 1768 Ihne
3006 1693 3162 1753 touffen

2074 1880 2113 1940 zu
2155 1866 2233 1926 auß
2294 1834 2656 1894 findigmachung
2695 1808 2817 1868 Ihres
2856 1789 3079 1849 Rechters
3098 1765 3238 1825 Lider

2085 1957 2245 2017 seinen
2306 1942 2468 2002 Rachte
2507 1922 2708 1982 Susuche,
2730 1900 2889 1960 welches
2931 1883 2990 1943 Sie
3012 1871 3093 1931 der
3132 1855 3233 1915 Waß

2054 2039 2549 2099 Kundmahrnlik.

2098 2234 2225 2294 Hier
2267 2217 2414 2277 Eercht
2435 2198 2624 2258 aufehr
2645 2177 2855 2237 schfehen
2876 2161 2941 2221 die
2961 2146 3171 2206 Elstolhe

2116 2327 2255 2387 Wegen
2287 2314 2348 2374 den
2379 2302 2535 2362 Heinrich
2566 2285 2768 2345 Gloonit
2800 2267 2970 2327 Ehrlichen
2987 2251 3141 2311 wollte

1898 2290 2058 2350 seEhtbet

1886 2372 1934 2432 Ver
1966 2378 2092 2438 hinich.

2100 2425 2205 2485 werde
2235 2414 2296 2474 Ie
2341 2394 2643 2454 auffgetoagen,
2658 2372 2868 2432 Pfarthey
2913 2355 2989 2415 von
3034 2342 3140 2402 heit
3155 2330 3245 2390 aber

2072 2513 2117 2573 ach
2163 2506 2193 2566 o
2392 2492 2468 2552 ien
2483 2484 2589 2544 Heen
2620 2474 2741 2534 alten
2773 2465 2817 2525 zu
2849 2452 2987 2512 laße.
