4032 3024
454 325 556 385 300f

760 381 888 441 langte
916 363 1099 423 folgende
1128 350 1255 410 hedul
1283 347 1367 407 Ein:
1397 351 1538 411 Wilz
1566 374 1707 434 Rudelch

769 478 850 538 beg
889 466 957 526 von
998 450 1186 510 Lobsingen
1227 436 1336 496 wegen
1363 434 1457 494 ihme
1485 440 1566 500 von
1605 463 1754 523 Ehsßlech

440 542 525 602 Ho
591 512 719 572 eilese

796 550 1002 610 Krattinger
1038 535 1130 595 Gon
1153 527 1348 587 Schuipfen
1429 538 1705 598 zugefigerten

452 606 638 666 settinge
655 580 780 640 Ersege

759 649 975 709 ghefhrlchen
990 629 1145 689 kints
1160 623 1221 683 sich
1253 620 1330 680 mit
1345 620 1421 680 dem
1499 624 1607 684 Eydt
1639 632 1732 692 Ent¬

748 740 969 800 schuttet.
995 724 1074 784 Alß
1127 714 1269 774 habendt
1297 709 1439 769 Ihrgl.
1465 709 1543 769 über
1571 715 1754 775 zuger¬

748 830 963 890 Mohl.
993 809 1349 869 Betragerbeit,
1364 801 1442 861 daß
1488 802 1551 862 Sie
1566 805 1627 865 die
1642 819 1814 879 Kaltinge

763 924 963 984 Neymahl
1000 912 1038 972 24
1087 904 1225 964 stunk
1249 892 1425 952 länges,
1437 887 1500 947 alß
1537 882 1675 942 sonsten

755 1019 806 1079 in
831 1016 884 1076 der
909 1006 1166 1066 Ehorgrichtl.
1179 986 1578 1046 Gefangenschafft
1603 976 1745 1036 behalten

754 1109 874 1169 Led.
902 1101 1035 1161 Act.
1048 1092 1129 1152 10.
1155 1085 1302 1145 Febrl.
1328 1078 1463 1138 1733.

710 1287 737 1347 Me
885 1267 994 1327 Hre
1062 1256 1158 1316 enden
1184 1249 1253 1309 der
1266 1242 1523 1302 Consistoral
1565 1231 1714 1291 handel

816 1348 944 1408 züschen
986 1343 1082 1403 brat
1104 1337 1265 1397 Ludtig
1296 1330 1414 1390 lerber
1447 1323 1542 1383 undt
1564 1315 1713 1375 Susanna

475 1390 585 1450 Lebeo
598 1383 672 1443 brat
695 1381 783 1441 Luden

788 1428 947 1488 Weyung
970 1423 1027 1483 auß
1061 1419 1119 1479 den
1142 1415 1209 1475 St.
1221 1408 1404 1468 Zimmerhol
1450 1396 1564 1456 welche
1598 1387 1655 1447 Ihm

482 1456 631 1516 Wägung
646 1447 795 1507 Sisam¬

773 1512 831 1572 Iho
854 1510 913 1570 zue
936 1508 1018 1568 velt
1041 1503 1240 1563 gebohrnes
1287 1496 1426 1556 Kindt
1449 1487 1591 1547 Vor-
1602 1477 1649 1537 Im
1695 1463 1777 1523 undt

781 1591 861 1651 noch
874 1591 926 1651 der
953 1590 1125 1650 geißt
1138 1587 1362 1647 zugeeignet
1389 1574 1626 1634 verschoben,
1641 1559 1693 1619 biß
1733 1547 1785 1607 dar

770 1687 885 1747 Kindt
919 1679 1183 1739 Sehsmonat
1229 1673 1276 1733 da
1310 1667 1493 1727 indeßen
1527 1655 1585 1715 die
1619 1638 1779 1698 Meyeng

773 1765 906 1825 sambt
917 1762 978 1822 den
1016 1759 1124 1819 Kindt
1160 1755 1232 1815 von
1256 1751 1305 1811 den
1341 1742 1571 1802 2frofosen
1595 1725 1679 1785 auff
1705 1713 1752 1773 die

772 1843 940 1903 Grntzen
963 1837 1155 1897 gesuchet
1178 1829 1346 1889 worden:
1370 1822 1393 1882 4
1430 1807 1682 1867 altseikiet¬

797 2008 955 2068 bescheit
984 2012 1142 2072 Samuel
1171 2015 1301 2075 bartr
1329 2009 1561 2069 Ehefreuto
1589 1991 1689 2051 velhe
1705 1976 1762 2036 sich

481 2073 572 2133 Bart
603 2066 744 2126 Sariuel

805 2101 983 2161 beklagt
1010 2099 1047 2159 ab
1086 2101 1149 2161 dem
1200 2104 1353 2164 schling
1392 2091 1735 2151 Tractamentiher

788 2185 1002 2245 Ehemannt,
1025 2185 1085 2245 wie
1109 2185 1157 2245 sie
1180 2186 1299 2246 dain
1334 2185 1418 2245 auch
1431 2181 1525 2241 übel
1560 2158 1800 2218 abgeschlagen

780 2276 988 2336 außsache,
1018 2280 1123 2340 sogl.
1152 2282 1184 2342 Er
1213 2284 1272 2344 biß
1318 2282 1348 2342 an
1377 2280 1421 2340 den
1453 2273 1572 2333 fasten
1587 2249 1810 2309 Ihorgricter

776 2378 838 2438 In
871 2374 948 2434 dar
979 2379 1279 2439 EhrCammel.

3056 213 3133 273 309
3156 217 3212 277 f.

2084 340 2295 400 Bescheine
2310 318 2506 378 vindemahl
2520 317 2596 377 H.
2611 319 2733 379 Samul
2763 324 2838 384 dike
2868 328 2929 388 und
2959 329 3034 389 sein
3064 325 3216 385 dienst¬

1843 435 1881 495 1

2087 438 2222 498 Magdt
2246 413 2405 473 Barbern
2455 407 2590 467 Garb
2614 409 2700 469 undt
2712 412 2799 472 leste
2811 416 2896 476 seine
2933 419 3105 479 Klegten

1825 516 1939 576 gese
1986 467 2056 527 en

1840 609 1887 669 de
1957 541 2196 601 eiel
2270 501 2459 561 esen
2483 494 2696 554 schflih
2746 496 2793 556 er
2863 497 2889 557 h
2936 496 3176 556 ebesen

2035 630 2254 690 Verlangt
2295 593 2611 653 Communication
2665 591 2734 651 des
2747 592 2884 652 Suppl.
2911 591 2994 651 umb
3021 587 3077 647 sich
3090 581 3158 641 auch

2046 721 2291 781 schiftlich
2325 683 2656 743 Verantworten
2673 677 2917 737 zukemn,
2951 674 3178 734 accorirt

2043 931 2137 991 Ahbr
2162 912 2221 972 das
2245 888 2484 948 widermalig
2520 874 2711 934 frscheinen
2771 871 2830 931 der
2853 867 2949 927 Erl.
2973 859 3117 919 Grläder
3141 849 3211 909 undt

2059 1013 2148 1073 Ihrt
2176 987 2370 1047 gewesenen
2408 970 2603 1030 Eheherrn
2628 964 2694 1024 Her.
2719 959 2835 1019 Jacob
2861 949 3081 1009 Holäders,
3094 935 3146 995 da

1846 1044 1866 1104 1
1965 1004 2044 1064 .

2081 1098 2131 1158 die
2143 1083 2280 1143 Fostern
2342 1067 2417 1127 hat
2454 1059 2541 1119 Eine
2579 1049 2729 1109 Replic
2741 1042 2828 1102 auff
2852 1038 2903 1098 die
2928 1027 3115 1087 Stanh.

1890 1085 2078 1145 Ptobt.

2077 1184 2266 1244 herläder
2283 1152 2491 1212 gegeben,
2508 1130 2784 1190 anlkortauf
2818 1118 2905 1178 Ihr
2922 1105 3217 1165 Klagschifft¬

2064 1274 2207 1334 tlichen
2222 1257 2302 1317 lege
2334 1243 2478 1303 wolle,
2494 1233 2574 1293 hat
2589 1228 2652 1288 sich
2685 1219 2859 1279 derselbe
2874 1206 3050 1266 opporirt
3081 1190 3177 1250 undt

2083 1354 2283 1414 genent,
2311 1338 2368 1398 Es
2397 1331 2468 1391 seye
2498 1325 2582 1385 nit
2596 1318 2754 1378 nötig,
2769 1307 2941 1367 zumahl
2969 1286 3156 1346 alleß¬

2063 1454 2102 1514 in
2141 1445 2195 1505 der
2235 1433 2354 1493 Klag
2394 1423 2472 1483 und
2500 1413 2672 1473 antwort
2712 1397 2923 1457 Elucidirt
2936 1382 3056 1442 seye,
3082 1369 3175 1429 habe

2056 1544 2262 1604 MHrer
2279 1525 2382 1585 retn
2417 1513 2487 1573 dad
2520 1504 2590 1564 de
2657 1495 2693 1555 he
2726 1486 2882 1546 erade
2915 1475 3002 1535 Ihr
3037 1463 3191 1523 Replic

2078 1645 2158 1705 Den
2178 1635 2259 1695 Hl.
2299 1616 2480 1676 Frebeder
2500 1597 2663 1657 Comnini
2683 1584 2743 1644 cin
2763 1574 2884 1634 sebe,
2904 1559 3045 1619 damit
3065 1541 3249 1601 deselbe

2090 1735 2193 1795 seie
2233 1713 2420 1773 Dapli
2480 1687 2666 1747 direiber
2686 1670 2790 1730 auch
2810 1655 3016 1715 inschaft
3036 1635 3266 1695 Verfasen

2091 1822 2196 1882 keie
2226 1807 2331 1867 undt
2361 1791 2496 1851 hiemt
2527 1778 2601 1838 Ein
2662 1763 2858 1823 völlige
2888 1746 3113 1806 Procedur

2060 1913 2316 1973 Inctenirt
2333 1890 2452 1950 seye,
2487 1879 2554 1939 da
2606 1871 2658 1931 su
2708 1857 2981 1917 burtheilung
3016 1828 3237 1888 deselben

2071 2021 2216 2081 Mch
2361 1982 2598 2042 obege
2655 1966 2683 2026 h
2715 1958 2800 2018 tig
2832 1944 3005 2004 anrit
3066 1923 3182 1983 nit

2074 2125 2347 2185 kruftig
2404 2085 2676 2145 Moatagit
2706 2057 2926 2117 alsteg
2953 2038 3036 2098 ser
3062 2020 3199 2080 bert

2083 2235 2161 2295 den
2180 2219 2257 2279 23.
2278 2192 2550 2252 deßmoncks
2590 2165 2805 2225 Eebeh.
