4032 3024
458 334 535 394 312
574 325 614 385 f.

742 390 890 450 beschin
908 375 1167 435 halteschent
1204 361 1315 421 kondt
1352 363 1593 423 Viderkammn
1632 388 1723 448 undt

746 493 833 553 habe
864 487 893 547 in
922 478 1054 538 beysen
1069 466 1218 526 Meyer
1246 460 1333 520 Cchor
1379 458 1554 518 Richtern
1569 462 1658 522 zum

739 586 861 646 tatte
887 574 1084 634 derßelben
1110 561 1357 621 ernembset
1381 553 1493 613 Einen
1529 551 1716 611 gewüßen

723 674 906 734 Fredenich
930 665 1053 725 deßen
1065 658 1248 718 nahmen
1286 649 1371 709 Ihre
1433 641 1677 701 ohnbekant

760 760 830 820 und
860 758 929 818 seye
957 756 1001 816 in
1028 747 1255 807 diensten
1326 734 1396 794 bey
1439 730 1551 790 Mr
1594 734 1793 794 Fließ¬

745 851 812 911 dem
856 841 1111 901 huttmacher,
1133 832 1345 892 denselben
1378 825 1468 885 nun
1512 817 1689 877 habende

724 947 909 1007 Megen
921 937 996 997 Bor
1033 930 1096 990 Sie
1133 923 1370 983 bescheiden
1456 915 1606 975 laßen
1642 910 1754 970 undt

772 1026 943 1086 nambset
955 1020 1017 1080 sich
1041 1011 1226 1071 Foidenich
1264 997 1435 1057 Kürang
1485 994 1558 1054 von
1596 1001 1769 1061 Libsig¬

772 1104 981 1164 nachdemme
1010 1096 1094 1156 nun
1135 1092 1246 1152 Ihne
1289 1087 1359 1147 der
1386 1085 1554 1145 Inhalt
1581 1084 1708 1144 Ihrer

786 1189 977 1249 schrebens
1009 1180 1243 1240 vorgelesen
1296 1171 1488 1231 worden,
1519 1164 1604 1224 hat
1626 1162 1658 1222 Er
1689 1159 1742 1219 die

792 1271 877 1331 that
898 1268 1056 1328 gäntzlich
1099 1259 1311 1319 verneinet
1343 1253 1427 1313 mit
1470 1250 1660 1310 Verdeiten
1682 1252 1724 1312 Er

779 1357 839 1417 sey
877 1354 914 1414 an
976 1348 1110 1408 keinem
1185 1342 1344 1402 Sontag
1382 1339 1442 1399 sein
1480 1334 1627 1394 läbtag
1639 1331 1725 1391 nicht

759 1436 847 1496 mit
868 1435 977 1495 Einem
1044 1432 1230 1492 Meitschen
1273 1429 1350 1489 zum
1416 1424 1525 1484 bäre
1568 1419 1722 1479 gangen

776 1528 919 1588 deßen
932 1527 998 1587 Sie
1023 1524 1166 1584 hiemit
1206 1518 1375 1578 berichtet
1415 1512 1584 1572 werdendt
1611 1510 1675 1570 mit
1688 1507 1820 1567 gesung¬

780 1617 842 1677 von
883 1616 946 1676 die
976 1615 1174 1675 Kistherim
1216 1609 1361 1669 standt
1382 1604 1454 1664 sein
1475 1598 1579 1658 lindt
1610 1584 1725 1644 selbe

773 1703 916 1763 allharo
942 1702 1084 1762 halten
1099 1696 1372 1756 zulaßen,
1397 1689 1450 1749 da
1476 1673 1761 1733 Immittestehr

775 1799 1018 1859 angelobt,
1047 1798 1124 1858 das
1153 1796 1262 1856 Recht
1291 1791 1397 1851 nicht
1427 1786 1474 1846 zu
1504 1772 1763 1832 verlaßen.

764 1970 994 2030 Savignis.
1027 1974 1176 2034 Fahls
1192 1973 1275 2033 laut
1308 1969 1391 2029 Ihrs
1407 1961 1637 2021 Menorois
1672 1943 1720 2003 die

802 2060 1006 2120 Eisabeth
1039 2062 1243 2122 Duperner
1290 2059 1414 2119 welche
1448 2053 1505 2113 der
1527 2034 1776 2094 schwanger¬

479 2081 605 2141 Picard
626 2082 721 2142 lonis

832 2146 942 2206 chafft
966 2147 1054 2207 halb
1090 2152 1276 2212 beklaget
1325 2153 1437 2213 Lauis
1473 2143 1621 2203 Picard
1634 2124 1721 2184 Ihre

481 2153 644 2213 Duperis
666 2150 782 2210 lidabet

804 2234 1107 2294 angehörigen,
1123 2242 1251 2302 dieses
1285 2244 1460 2304 Landals
1493 2232 1619 2292 halb
1653 2208 1732 2268 vor

781 2334 895 2394 henen
953 2332 1081 2392 wäre
1111 2334 1167 2394 zu
1197 2336 1297 2396 Redt
1311 2335 1497 2395 gestoßen
1541 2321 1627 2381 undt
1641 2301 1756 2361 sitit

796 2417 947 2477 worden,
960 2419 1002 2479 so
1015 2422 1097 2482 solle
1124 2425 1192 2485 das
1220 2429 1397 2489 Delictum
1466 2420 1603 2480 hinder
1629 2398 1738 2458 Ihren

789 2506 983 2566 Sindicert
1020 2513 1178 2573 lidagen
1196 2520 1302 2580 fahs
1319 2521 1409 2581 aber
1461 2511 1622 2571 hunder
1639 2474 1835 2534 Mort¬

1842 852 1954 912 sl.

1851 1108 1935 1168 habe
1950 1081 2049 1141 Mora

1846 1178 2066 1238 seschricht¬

1881 1678 1949 1738 hert
1959 1669 2073 1729 Samul

1884 1774 1974 1834 ptean

1875 1859 1964 1919 fierdet
1984 1859 2074 1919 Ber¬

1900 1924 2001 1984 nette.

1897 2371 2043 2431 Walina

1905 2442 1974 2502 ichsel
1984 2449 2102 2509 barbar

1913 2513 2067 2573 Hhauberges

1927 2572 2096 2632 Bereia.

1956 390 1999 450 11

3078 205 3153 265 333
3178 214 3230 274 f.

2028 345 2208 405 Perege
2237 320 2515 380 gerechtfertiget
2529 316 2683 376 werden,
2711 317 2724 377 o
2738 319 2822 379 hne
2836 320 2879 380 in
2892 322 3031 382 antvor
3059 322 3184 382 hiemit

2044 435 2233 495 Verdutet
2245 418 2346 478 wede
2383 411 2471 471 umb
2498 409 2748 469 solchenfahls
2773 409 2849 469 nach
2874 408 3126 468 vorhandenen

2027 536 2186 596 Gesetz
2217 517 2328 577 undt
2358 508 2565 568 Ordnung
2595 506 2628 566 zu
2659 509 2881 569 procedire.

2034 709 2401 769 Monsperegre.
2419 686 2491 746 Ihm
2529 677 2621 737 Wie
2639 671 2766 731 diesen
2804 668 2876 728 mnt
2914 669 2950 729 d.
2968 673 3169 733 auchpote

2038 813 2219 873 gebet.

2045 984 2200 1044 langte
2230 960 2430 1020 folgender
2463 947 2570 1007 Zeul
2602 940 2694 1000 Ein.
2724 934 2863 994 Mania
2896 928 3018 988 Hochen
3050 921 3127 981 Von

2081 1071 2338 1131 Rirgeisfeg,
2355 1057 2392 1117 so
2426 1051 2511 1111 eine
2547 1039 2892 1099 Ehrensprachan
2927 1015 3170 1075 Heinrich¬

2066 1191 2174 1251 risel
2190 1174 2269 1234 auß
2315 1157 2503 1217 koupten
2536 1142 2770 1202 formieret,
2785 1135 2847 1195 ist
2880 1128 2973 1188 von
3004 1120 3098 1180 Ihrg

2051 1278 2176 1338 kegen
2217 1250 2526 1310 verlangender
2567 1222 2944 1282 Recommendation
2987 1205 3209 1265 abgeliesen

2075 1355 2296 1415 zumahlen
2355 1335 2547 1395 gedeutes
2590 1318 2796 1378 kempten
2827 1306 2987 1366 Könische
3018 1300 3150 1360 Aachsohr

2038 1457 2255 1517 Religion
2327 1429 2562 1489 zurgethan
2581 1414 2672 1474 ist.

2545 1583 2647 1643 färte

2104 1664 2181 1724 Ist
2203 1653 2282 1713 der
2315 1639 2492 1699 Samuel
2525 1628 2625 1688 mitt
2658 1618 2891 1678 forstlicher
2935 1602 3178 1662 Erinnerung

2085 1753 2140 1813 die
2174 1739 2264 1799 auch
2297 1730 2387 1790 Jean
2432 1719 2622 1779 Gonundt
2655 1711 2858 1771 Srmette
2913 1697 3138 1757 Givardet

2095 1843 2166 1903 Iho
2201 1826 2332 1886 läben
2379 1808 2629 1868 beßteren
2677 1796 2760 1856 mit
2784 1789 2891 1849 Eines
2915 1773 3152 1833 krefftigen

2079 1918 2368 1978 imonitaobu
2426 1898 2501 1958 der
2523 1884 2907 1944 gesangenschafft
2926 1855 3118 1915 elaßten

2076 2010 2266 2070 worden:
2288 1999 2378 2059 mit
2411 1986 2669 2046 betreken,
2691 1975 2757 2035 Sie
2792 1968 2859 2028 bey
2881 1950 3150 2010 erstrorecidu

2086 2095 2179 2155 mit
2205 2084 2481 2144 gemeßener
2521 2071 2679 2131 Straff
2718 2058 2864 2118 stunden
2890 2041 3127 2101 angesehen

2076 2178 2220 2238 Lende.

2091 2305 2208 2365 Über
2236 2301 2295 2361 der
2338 2289 2586 2349 demütige
2631 2264 2892 2324 nachleben,
2907 2248 2980 2308 deß
3037 2231 3242 2291 Profosen

2130 2397 2188 2457 boß
2249 2389 2322 2449 und
2368 2381 2426 2441 der
2456 2374 2531 2434 bich
2560 2367 2604 2427 lin
2635 2358 2783 2418 Batte
2812 2345 2946 2405 anen
2975 2335 3021 2395 ie
3050 2326 3155 2386 ndigen
3169 2316 3274 2376 Heren

2131 2473 2446 2533 abEndegung
2483 2455 2584 2515 dero
2610 2444 2862 2504 erkentnuß
2911 2424 3063 2484 erbet,
3089 2411 3189 2471 daß

2106 2572 2170 2632 der
2202 2557 2365 2617 Catonia
2413 2541 2543 2601 boß,
2576 2528 2722 2588 bichsol
2770 2513 2965 2573 bebern,
2981 2502 3078 2562 und
3110 2489 3256 2549 Ihrema
