4032 3024
455 325 510 385 24

467 984 689 1044 Kehrband
705 966 749 1026 to

510 1033 691 1093 Iusina.

526 2092 664 2152 166l.

486 2368 600 2428 Meyer
620 2364 724 2424 Maria

728 406 950 466 Scheüberge
981 388 1061 448 mit
1094 382 1156 442 dem
1204 377 1346 437 fregen
1379 383 1586 443 Vrschent
1601 400 1727 460 leden

750 502 782 562 in
813 481 1019 541 gegetheil
1037 468 1131 528 aber
1146 463 1339 523 anstatt
1370 465 1448 525 30,
1466 468 1482 528 R
1545 476 1656 536 strech
1672 483 1719 543 in

782 582 796 642 v
886 551 1171 611 Schwingstehl
1200 541 1304 601 zurn
1319 541 1469 601 lfahre
1498 548 1589 608 haben
1604 555 1754 615 sllinde¬

742 656 937 716 Abeigens
966 636 1120 696 beydem
1189 625 1386 685 Inhalt
1427 625 1483 685 der
1512 626 1708 686 Erkanbniß

759 747 820 807 Es
856 733 1101 793 verbliben
1150 718 1407 778 laßende:

792 891 947 951 Wardt
982 879 1125 939 Rosina
1173 863 1434 923 Kehrwandt
1469 854 1565 914 Von
1600 856 1731 916 Barbeg

783 982 807 1042 so
832 978 931 1038 fost
970 969 1069 1029 Vor
1094 960 1256 1020 Etlich
1293 948 1431 1008 wocher
1468 940 1543 1000 Ein
1568 934 1742 994 Ehebruch

785 1063 1027 1123 begangen,
1063 1042 1379 1102 vorgestellt
1415 1032 1524 1092 undt
1548 1028 1584 1088 in
1621 1022 1694 1082 deß

796 1142 1177 1202 dausheimbtstall
1239 1126 1270 1186 in
1311 1121 1373 1181 der
1404 1110 1610 1170 Kiechsten
1630 1096 1733 1156 bott

777 1227 969 1287 bezogen
983 1212 1138 1272 werde,
1150 1202 1279 1262 undt
1292 1189 1511 1249 engesetzt
1538 1173 1730 1233 worden,

784 1315 867 1375 für
887 1310 928 1370 20
970 1301 1073 1361 tag,
1093 1292 1186 1352 also
1218 1282 1280 1342 der
1331 1269 1476 1329 Meyle
1507 1256 1787 1316 ledigeEhe¬

801 1393 911 1453 bauch
949 1378 1171 1438 hinunder
1210 1363 1334 1423 undt
1370 1357 1419 1417 zu
1470 1346 1716 1406 empfachung

775 1488 814 1548 10
840 1474 984 1534 strichen
1012 1464 1051 1524 in
1089 1459 1169 1519 den
1195 1451 1510 1511 schwingstuhl
1549 1433 1719 1493 gesetzet

796 1569 949 1629 worden,
983 1555 1183 1615 benebens
1219 1550 1324 1610 aber
1360 1545 1525 1605 hobeit
1559 1531 1642 1591 daß
1689 1513 1747 1573 Sie

776 1650 879 1710 Vor
919 1640 1256 1700 Grrfließung
1307 1639 1320 1699 1
1386 1636 1516 1696 Jahren
1542 1626 1606 1686 die
1631 1611 1749 1671 Statt

789 1739 848 1799 bey
882 1731 1209 1791 Schallentorkt
1245 1723 1373 1783 straff
1396 1714 1489 1774 nit
1525 1695 1781 1755 zubetatten

783 1828 902 1888 haben
913 1825 1033 1885 solle,
1056 1822 1103 1882 sie
1151 1816 1328 1876 könne
1375 1803 1506 1863 dann
1541 1780 1814 1840 Anthentische

757 1929 890 1989 Acta
934 1922 1038 1982 Ihres
1053 1918 1157 1978 wohl
1203 1903 1455 1963 verhaltens
1499 1868 1751 1928 Vorwiesen

777 2085 969 2145 Koberg:
982 2088 1038 2148 sie
1065 2089 1134 2149 deß
1189 2084 1327 2144 obigen
1367 2070 1546 2130 brichte
1588 2050 1683 2110 undt
1697 2034 1779 2094 Ihan

785 2177 849 2237 die
880 2176 1118 2236 Kehrwand
1151 2176 1245 2236 durch
1278 2173 1340 2233 den
1373 2163 1579 2223 Pfrofohen
1595 2127 1784 2187 zuschiben

790 2350 936 2410 Mana
966 2354 1114 2414 Meyer
1142 2357 1216 2417 Von
1245 2356 1554 2416 Bhoritenbach
1597 2319 1790 2379 Ambts¬

778 2435 938 2495 Baden,
951 2439 979 2499 so
1006 2443 1087 2503 auß
1127 2447 1276 2507 befelch
1302 2446 1383 2506 deß
1436 2429 1664 2489 Mattlers
1692 2392 1758 2452 bey

777 2525 879 2585 dhem
915 2525 982 2585 bey
1035 2532 1276 2592 eingesetzt
1292 2534 1430 2594 worde.
1463 2523 1567 2583 Iacht
1584 2498 1738 2558 erkent

1838 709 1913 769 soch
1933 672 2065 732 bacen

1870 1355 2088 1415 geshebea.

1870 1746 2060 1806 NiberJacob

1876 1822 2009 1882 Kentith.

1905 2391 2058 2451 Urheimb.

3052 224 3118 284 315
3140 230 3195 290 f,

2027 350 2186 410 Einsolle
2217 323 2488 383 bißaufforten
2519 317 2582 377 chor
2599 317 2742 377 Grichts
2758 317 2821 377 tag
2837 319 2933 379 vinder
2948 318 3188 378 hienunder¬

2023 435 2252 495 geshoen,
2269 409 2375 469 undt
2393 402 2464 462 der
2481 402 2730 462 Wetbrach
2765 408 2870 468 dann
2888 412 3013 472 Elit
3048 406 3171 466 weder

2133 507 2233 567 E.
2247 491 2309 551 V.
2321 482 2359 542 hy
2397 475 2471 535 fol.
2483 476 2597 536 leq.

2075 597 2134 657 der
2168 575 2365 635 Barbara
2424 559 2576 619 Blaube
2598 556 2668 616 Bon
2716 554 2983 614 Steffißburg,
2994 553 3017 613 so
3041 552 3111 612 auch
3123 548 3169 608 bey

2078 677 2123 737 Im
2170 659 2284 719 fared
2295 646 2432 706 nachts
2455 641 2535 701 umb
2569 640 2616 700 10
2638 640 2707 700 Uhr
2752 640 2891 700 bezogen
2913 640 2994 700 undt
3016 633 3187 693 eingesetzt

2061 755 2192 815 worder
2223 736 2283 796 ist
2324 724 2566 784 Einmonat
2596 719 2738 779 Termin
2778 715 2940 775 vergant
2971 707 3113 767 worden
3142 695 3194 755 sich

2060 836 2161 896 umb
2201 815 2332 875 füres
2362 800 2534 860 Ehrlichen
2563 791 2946 851 Dientzubtleoben
2987 786 3147 846 lidrigen

2070 921 2220 981 fahls,
2247 903 2314 963 wan
2368 892 2423 952 Sie
2450 885 2531 945 nach
2573 876 2843 936 verfloßener
2870 871 2952 931 Zeit
2966 868 3033 928 alß
3062 864 3225 924 dienst¬

2058 1021 2180 1081 loos
2207 994 2329 1054 wurde
2357 977 2519 1037 bezogen
2532 966 2667 1026 werden,
2696 962 2776 1022 Sie
2791 958 2980 1018 alsdann
3021 949 3130 1009 durch
3143 942 3196 1002 die

2054 1100 2315 1160 Phobosein
2352 1065 2595 1125 Gehenach
2613 1054 2856 1114 susehen.

2078 1267 2220 1327 Anna
2285 1242 2504 1302 Längacher
2530 1231 2621 1291 von
2646 1225 2762 1285 Äschi,
2775 1222 2802 1282 so
2827 1220 2904 1280 noch
2931 1214 3163 1274 mittemaht

2072 1362 2223 1422 beyden
2266 1345 2362 1405 bäen
2390 1334 2543 1394 bezogen
2570 1325 2654 1385 und
2696 1317 2890 1377 Eingesett
2917 1310 2974 1370 ist
3001 1307 3070 1367 für
3097 1298 3250 1358 dißmahl

2076 1453 2163 1513 mit
2197 1443 2329 1503 Einer
2373 1430 2549 1490 Census
2581 1416 2802 1476 dimuttirt
2835 1400 2967 1460 worden

2082 1625 2257 1685 Wardt
2298 1614 2365 1674 der
2392 1605 2529 1665 Wioth
2569 1592 2690 1652 beymd
2717 1583 2852 1643 bären
2921 1568 3042 1628 Jacob
3082 1554 3217 1614 Mörber

2092 1720 2176 1780 von
2219 1704 2450 1764 Langnauto
2470 1694 2587 1754 Citirt
2618 1686 2734 1746 undt
2755 1679 2850 1739 Ihne
2881 1669 2997 1729 wiegen
3029 1654 3145 1714 sines

2095 1803 2365 1863 überbiethend
2390 1792 2467 1852 fur
2492 1781 2737 1841 dißmahlen
2764 1764 2892 1824 lieben
2944 1752 2994 1812 Er
3034 1741 3111 1801 sith
3136 1727 3252 1787 etlebe

2079 1902 2237 1962 wohen
2278 1892 2383 1952 Erst
2409 1885 2463 1945 ich
2489 1876 2633 1936 allhier
2674 1858 2859 1918 befindet
2898 1841 2991 1901 nur
3017 1830 3096 1890 für
3137 1817 3202 1877 die

2091 2003 2222 2063 halbe
2251 1979 2585 2039 bußnemblich
2614 1965 2628 2025 1
2657 1961 2702 2021 lb
2745 1952 2918 2012 beleget,
2934 1940 3020 2000 undt
3035 1928 3137 1988 Ihme

2072 2094 2209 2154 gantz
2251 2076 2431 2136 haftlich
2458 2058 2777 2118 eingescheelft
2817 2040 2970 2100 worden,
2997 2028 3067 2088 sich
3080 2018 3190 2078 also

2094 2187 2474 2247 auchtzuführen,
2506 2164 2605 2224 daß
2655 2153 2703 2213 zu
2738 2141 2887 2201 fernen
2919 2125 3134 2185 klegdten

2107 2288 2238 2348 nicht
2283 2280 2429 2340 anlaß
2487 2261 2648 2321 gegeben
2662 2240 2823 2300 werde.

2090 2432 2241 2492 Sele
2293 2421 2370 2481 des
2447 2398 2752 2458 Mohteste
2802 2372 2980 2432 dusel
3033 2348 3289 2408 hulbesen

2092 2510 2190 2570 undt
2222 2507 2255 2567 fr
2289 2500 2486 2560 zugleich
2502 2488 2617 2548 auff
2649 2472 2864 2532 kenfftign
2896 2451 3043 2511 dorstag
3078 2434 3208 2494 swirt

2091 2593 2251 2653 werden.
