4032 3024
444 324 556 384 36f

726 436 871 496 Idus
903 424 950 484 an
983 409 1176 469 MusH.
1207 391 1384 451 Spitahl
1418 385 1610 445 Verwelter
1626 392 1756 452 Wger

757 517 890 577 plinet
914 505 974 565 sub
998 495 1084 555 lig:
1108 489 1132 549 D
1193 480 1277 540 Fol.
1289 473 1435 533 praed.
1460 470 1606 530 Etwan
1630 471 1702 531 vor

480 650 630 710 Toumt
660 629 721 689 lan
751 616 810 676 dich
842 598 977 658 Wohen
1007 580 1128 640 solle
1157 569 1217 629 Ein
1248 560 1458 620 Knäblin
1503 558 1579 618 von
1608 563 1776 623 ohnge¬

755 700 869 760 sohed
907 686 1002 746 becht
1042 670 1156 730 Jaherd
1175 658 1233 718 in
1251 650 1328 710 den
1366 638 1578 698 Pflahl
1596 637 1711 697 auff

762 784 879 844 undt
901 770 1158 830 angenommen
1181 749 1343 809 worden
1367 737 1483 797 sein.
1518 729 1622 789 Wie
1634 727 1704 787 nun

754 884 918 944 Mohl.
935 868 1026 928 huß
1046 852 1245 912 gehabten
1318 831 1482 891 anlaß
1538 820 1737 880 zulisten

766 968 907 1028 nöht,
922 952 1000 1012 was
1048 942 1093 1002 er
1126 937 1204 997 für
1234 932 1328 992 eine
1375 924 1657 984 gestaltsanme
1672 915 1750 975 mit

774 1049 889 1109 diesem
930 1036 1087 1096 Knäbl
1149 1026 1274 1086 habe.
1306 1019 1441 1079 Alß
1482 1011 1597 1071 lende
1638 1004 1680 1064 Er

770 1141 818 1201 Es
854 1131 1001 1191 ersucht
1037 1119 1121 1179 sein
1170 1108 1316 1168 bericht
1352 1097 1547 1157 darüber
1583 1089 1644 1149 den
1668 1087 1680 1147 H

776 1225 922 1285 Landt
938 1216 1086 1276 Maijon
1118 1199 1330 1259 Schmoltz
1362 1177 1674 1237 zuubergeh¬

927 1408 1157 1468 Sonstags
1191 1393 1257 1453 dn
1273 1387 1340 1447 19.
1372 1381 1520 1441 Febrl.
1554 1375 1671 1435 1733.

1165 1513 1377 1573 Praeses.

858 1636 1110 1696 Menge
1140 1628 1158 1688 e
1268 1621 1345 1681 herer
1378 1612 1520 1672 Jree

1145 1763 1416 1823 Asesores

867 1885 992 1945 Met

793 2099 935 2159 Inß.
955 2101 1097 2161 damit
1134 2102 1331 2162 dermahre
1366 2100 1438 2160 das
1475 2089 1655 2149 Consirto
1672 2070 1779 2130 undt

499 2205 786 2265 GüntlisPfager
813 2198 1102 2258 Matimonial
1143 2197 1349 2257 geschäfft
1390 2188 1582 2248 zischen
1611 2168 1733 2228 Anna

583 2282 699 2342 Jacob
790 2284 971 2344 Rupecht,
997 2286 1022 2346 so
1049 2287 1100 2347 ich
1127 2288 1359 2348 dißmahle
1398 2281 1450 2341 zu
1488 2263 1710 2323 brüttelen

504 2368 692 2428 Ruprecht
720 2368 779 2428 Tna
822 2373 1026 2433 aufhalten
1040 2379 1114 2439 ol
1142 2381 1244 2441 undt
1273 2381 1403 2441 Jacob
1446 2362 1795 2422 Güntlispreger

819 2464 919 2524 Von
951 2464 1118 2524 Lausper
1167 2472 1234 2532 Isoe
1250 2480 1499 2540 Erndtschafft
1515 2470 1649 2530 wrieche,
1666 2437 1814 2497 wolluct

3057 220 3135 280 317
3161 220 3214 280 f.

2018 358 2167 418 Wehhe
2202 332 2301 392 ehren
2318 318 2617 378 aufgetragen
2634 319 2752 379 habe,
2768 322 2884 382 selbe
2917 325 2984 385 von
3019 326 3203 386 heinsüber

2033 462 2074 522 in
2101 446 2156 506 far
2183 432 2251 492 vor
2278 417 2427 477 dieselbe
2443 409 2579 469 halten
2592 407 2796 467 zulaßen,
2810 409 2946 469 sfehlt
2973 410 3015 470 Sie
3029 410 3123 470 aber

2045 540 2118 600 mit
2129 530 2170 590 im
2191 515 2326 575 Standt
2348 504 2452 564 wäre
2483 500 2577 560 undt
2608 499 2702 559 wegen
2713 499 2796 559 Iher
2807 500 2901 560 leibs
2921 502 3151 562 Schwachheit

2042 615 2231 675 zurschein
2253 598 2308 658 nit
2330 586 2486 646 müglich
2521 580 2642 640 wäre,
2666 578 2833 638 vordindt
2855 580 2899 640 Sie
2910 581 2954 641 sie
2989 587 3145 647 durch¬

2062 716 2149 776 sey
2178 686 2381 746 Ehrichter
2410 662 2656 722 Kraminun
2715 656 2772 716 ie
2817 658 2874 718 ndg
2888 661 2975 721 Herr
3004 668 3091 728 Jhor

2054 797 2330 857 Rectoration
2362 763 2556 823 berichten
2574 751 2621 811 zu
2637 744 2816 804 laßen.

2863 868 2913 928 Ein
2930 864 3174 924 außgeschoßner

2034 987 2317 1047 Lauppen.
2331 968 2406 1028 Go
2450 952 2614 1012 WeHrren
2629 941 2703 1001 habe
2733 934 2807 994 sich
2822 926 3119 986 angemetdete
3134 931 3238 991 lasten

2958 971 3043 1031 wolle

2080 1080 2267 1140 Rudolff
2294 1066 2406 1126 Räber
2443 1055 2509 1115 Ein
2545 1044 2714 1104 blinder
2741 1035 2798 1095 Ihr
2825 1027 3096 1087 angehorgert

2079 1169 2139 1229 mit
2174 1161 2307 1221 Ursula
2344 1150 2476 1210 Fabri
2500 1143 2584 1203 von
2620 1134 2788 1194 Linens
2823 1121 3088 1181 verEhelichen

1844 1165 1925 1225 Vter
1940 1143 2048 1203 Rludol

2071 1254 2268 1314 zuköneg,
2292 1240 2342 1300 sie
2367 1235 2405 1295 ab
2417 1232 2465 1292 eine
2477 1227 2578 1287 gnädigen
2590 1223 2676 1283 Herrn
2700 1216 2898 1276 nbewusf
2936 1207 3022 1267 was
3047 1195 3207 1255 Sigi

1851 1236 2056 1296 sitiosula

1884 1378 2001 1438 dern
2018 1352 2154 1412 dieser
2187 1323 2457 1383 oppontionen
2489 1307 2642 1367 darden
2675 1301 2691 1361 e
2726 1296 2860 1356 haben
2877 1287 3046 1347 möchten,
3062 1278 3146 1338 alß

2049 1437 2149 1497 tende
2192 1417 2304 1477 Ihnen
2315 1399 2637 1459 auffgetragen,
2670 1387 2814 1447 fahls
2847 1381 2903 1441 Sie
2935 1374 3024 1434 dern
3058 1363 3212 1423 hätten

2052 1528 2252 1588 Mee
2268 1511 2335 1571 en
2386 1494 2553 1554 rchen
2585 1471 2868 1531 zulaßen,
2887 1452 2970 1512 wauß
3003 1441 3054 1501 de
3070 1429 3221 1489 geuandt

2091 1595 2201 1655 diti,
2214 1590 2297 1650 undt
2310 1584 2379 1644 hat
2408 1570 2656 1630 angebracht,
2669 1548 2888 1608 orlider
2917 1531 2971 1591 die
2986 1513 3218 1573 geneidtsich

2114 1643 2335 1703 guponir:

2069 1717 2357 1777 Ziembingen
2392 1700 2428 1760 an
2465 1692 2536 1752 H.
2555 1681 2734 1741 Pforfl.
2751 1669 2806 1729 der
2824 1646 3168 1706 Pemmpuenache¬

2086 1799 2205 1859 Revr
2220 1792 2280 1852 ist
2310 1780 2533 1840 vndemahler
2563 1756 2876 1816 etonädiehhter
2891 1729 3041 1789 schinen
3070 1709 3175 1769 undt

1886 1802 1957 1862 H.

2091 1883 2145 1943 hat
2172 1876 2281 1936 wegen
2308 1859 2622 1919 saumbseliger
2649 1836 2854 1896 bezahlung
2881 1817 2977 1877 umb
2990 1801 3126 1861 frawre

1926 1875 2068 1935 Perng.

1879 1885 1888 1945 1

2081 1964 2401 2024 handtbietung
2417 1938 2753 1998 angehalten,
2768 1916 2928 1976 welches
2977 1888 3184 1948 dieselben

2085 2066 2160 2126 Ihm
2218 2055 2311 2115 auch
2351 2042 2484 2102 wegen
2503 2032 2577 2092 der
2596 2018 2767 2078 vealitet
2806 2002 2862 2062 der
2881 1987 3033 2047 schikdt
3051 1966 3147 2026 nit

2089 2166 2229 2226 hatte
2275 2144 2479 2204 versagen
2510 2125 2665 2185 können.
2696 2108 2838 2168 Allein
2869 2097 2900 2157 an
2930 2087 3055 2147 gnädigen
3088 2071 3213 2131 Heren

2096 2264 2291 2324 gethane
2329 2239 2584 2299 zuspacher
2603 2220 2701 2280 undt
2720 2209 2779 2269 in
2817 2188 3110 2248 betrchteng,
3129 2171 3208 2231 daß

2096 2375 2230 2435 Alten
2265 2364 2350 2424 H.
2383 2351 2468 2411 hat
2501 2340 2553 2400 der
2586 2327 2671 2387 H.
2704 2314 2807 2374 lero
2824 2303 2890 2363 sich
2925 2291 3010 2351 dahn
3027 2279 3229 2339 erleitert

2089 2466 2187 2526 fur
2209 2461 2327 2521 alleß
2369 2448 2487 2508 undt
2506 2432 2669 2492 alleßo
2688 2416 2767 2476 sich
2786 2404 2867 2464 mit
2907 2388 3027 2448 Sehr
3047 2376 3187 2436 hale
