4032 3024
453 326 594 386 3188.

747 392 989 452 Metzigbeze
1037 377 1070 437 zu
1102 363 1344 423 vermunge,
1360 356 1393 416 so
1425 356 1506 416 sehr
1538 360 1651 420 Ihne

746 501 855 561 solche
891 482 1099 542 alsobaldt
1136 461 1320 521 behahlt
1344 446 1563 506 werden,
1587 445 1673 505 oder

757 590 834 650 aber
858 586 913 646 Ein
935 578 1025 638 Jahr
1047 556 1339 616 Langstermin
1418 535 1653 595 zuertheiln
1664 543 1743 603 allen

762 687 832 747 daß
876 676 974 736 Ihme
1018 665 1074 725 die
1102 655 1217 715 summ
1231 644 1359 704 nicht
1401 632 1658 692 Contertiot

761 772 905 832 berde:
941 758 1073 818 deßen
1097 750 1156 810 der
1193 744 1253 804 H.
1276 737 1481 797 Vicarius
1517 725 1685 785 berichtet

764 854 912 914 werdte,
925 845 1019 905 mit
1048 832 1264 892 gesinnen,
1303 824 1371 884 die
1399 821 1480 881 sach
1519 820 1709 880 dißmahn

772 948 893 1008 dahin
928 932 1255 992 zuverleiten,
1279 917 1328 977 da
1351 910 1424 970 Mmin
1436 904 1532 964 gnädigen
1544 897 1641 957 Herren
1653 893 1749 953 dieser

782 1038 985 1098 achthalb
1014 1029 1082 1089 nit
1109 1021 1232 1081 mehr
1273 1005 1533 1065 behäliget
1560 991 1696 1051 werden

787 1120 965 1180 müßen:

775 1283 1004 1343 Inteolahen
1034 1269 1201 1329 Praef.
1231 1256 1369 1316 Anna
1415 1241 1566 1301 Häßko
1598 1223 1704 1283 Ston

799 1360 1087 1420 Lauterbaudin
1138 1347 1212 1407 hab
1250 1339 1312 1399 ich
1339 1331 1413 1391 Min
1425 1320 1526 1380 gnädigen
1538 1305 1639 1365 Herren
1651 1287 1739 1347 blaget

471 1376 627 1436 häßtes
655 1367 784 1427 Amlag

801 1435 857 1495 sie
879 1435 925 1495 daß
969 1431 1116 1491 Christen
1138 1421 1329 1481 Gtrahten
1375 1405 1476 1465 Von
1522 1378 1746 1438 Matten,

488 1451 618 1511 wahle
641 1436 783 1496 Christen

771 1524 896 1584 welche
923 1520 979 1580 Sie
993 1517 1049 1577 Ihr
1077 1510 1160 1570 vor
1189 1501 1273 1561 direy
1300 1488 1440 1548 Jahren
1467 1471 1565 1531 zur
1578 1459 1676 1519 welt

799 1604 961 1664 gebohrne
999 1594 1112 1654 Kindt
1149 1576 1476 1636 zugefignet,
1501 1547 1727 1607 daßelbige

780 1686 1083 1746 zuverhaltung
1120 1672 1210 1732 Ihra
1271 1657 1386 1717 nicht
1423 1634 1650 1694 abnennen

779 1771 899 1831 wolle
952 1768 1033 1828 Me
1046 1763 1141 1823 Hrren
1154 1755 1220 1815 umb
1274 1728 1597 1788 Landtbietung
1623 1693 1825 1753 ersuchendt¬

787 1858 938 1918 dahro
967 1846 1133 1906 dieselben
1162 1838 1268 1898 Ihne
1298 1831 1374 1891 H.
1404 1821 1539 1881 Praeff.
1554 1788 1811 1848 auffgetrogn

790 1943 870 2003 hach
901 1935 1106 1995 wollindt
1154 1931 1234 1991 die
1265 1924 1503 1984 Partheyn
1534 1908 1582 1968 in
1613 1881 1803 1941 Contratuio

777 2028 898 2088 itono
936 2024 1119 2084 darüber
1143 2020 1352 2080 Nememmen
1402 2009 1511 2069 Eine
1549 1973 1832 2033 Urtheilanst¬

782 2111 949 2171 gfellen
965 2113 1033 2173 und
1049 2114 1116 2174 die
1133 2110 1469 2170 beschwarende
1502 2068 1738 2128 Pforhspe

784 2201 953 2261 cuiren
974 2203 1006 2263 zu
1027 2208 1164 2268 laße.

883 2349 1038 2409 Want
1066 2353 1124 2413 de
1152 2354 1266 2414 Anna
1310 2347 1551 2407 Margeth
1579 2322 1679 2382 Hofch
1707 2297 1765 2357 en

505 2342 605 2402 Hosch
618 2338 690 2398 Aina
703 2338 832 2398 Mergit

857 2429 1014 2489 hasel,
1041 2432 1168 2492 wolche
1184 2435 1239 2495 der
1269 2435 1467 2495 Ehehalb
1495 2409 1750 2469 amshicht

527 2422 633 2482 Rupp
659 2426 819 2486 Johanns

815 2520 1030 2580 Johanneß
1078 2521 1154 2581 Nip
1200 2523 1278 2583 auß
1339 2522 1402 2582 dem
1463 2499 1742 2559 Lindenthal

1865 847 1975 907 S.

3077 217 3160 277 319

2039 348 2173 408 solche
2208 318 2293 378 aber
2309 305 2377 365 sich
2394 294 2563 354 drunden
2579 289 2664 349 Sten
2697 289 2816 349 bosel
2849 297 3103 357 fortgenacht

2064 447 2098 507 se
2132 408 2424 468 handtlebung
2460 385 2665 445 deßelben
2701 382 2819 442 Einten
2838 383 3026 443 Gwolte
3043 383 3181 443 Jahaert

2869 480 2943 540 ad
2988 474 3150 534 foram

2052 519 2306 579 tehelt.

2032 693 2348 753 Bahnigen:
2376 670 2500 730 Anna
2527 661 2748 721 Margerth.
2762 655 2858 715 Cosch
2898 649 2968 709 von
2996 645 3120 705 Basel

2051 799 2138 859 habe
2167 787 2241 847 nono
2270 776 2373 836 nädie
2387 767 2503 827 eren
2519 761 2562 821 der
2591 756 2767 816 Ehrhalb
2781 745 3088 805 angesprochen

2057 882 2269 942 Johanneß
2323 860 2456 920 Rupe
2482 852 2562 912 auß
2616 845 2683 905 dem
2776 833 3015 893 Lundenthal
3043 822 3136 882 Ihren

2045 957 2365 1017 angehorgen,
2391 935 2551 995 welcher
2578 926 2672 986 aber
2698 923 2764 983 Sie
2805 919 2924 979 Mele
2978 917 3044 977 Me
3086 919 3233 979 egeHrr

2059 1061 2167 1121 umb
2222 1028 2534 1088 hantbietung
2561 1010 2779 1070 ersuchendt
2820 1006 2956 1066 dahero
2983 1006 3092 1066 Ihren

2065 1137 2387 1197 auffgetragen
2434 1109 2553 1169 Berde
2602 1099 2697 1159 auff
2732 1095 2791 1155 Ihm
2828 1092 2959 1152 achten
2994 1090 3090 1150 auff

2088 1238 2315 1298 betrtten
2401 1201 2717 1261 glorsamblich
2751 1189 2942 1249 horhalten
2979 1185 3013 1245 u
3030 1181 3224 1241 laßen.

2062 1418 2245 1478 Thun:
2275 1401 2403 1461 ihnen
2431 1386 2659 1446 auftragen,
2673 1376 2730 1436 den
2758 1369 2858 1429 alten
2872 1360 2986 1420 Ruspe
3014 1351 3128 1411 dahin

2082 1508 2389 1568 arzuhalten,
2406 1491 2492 1551 daß
2543 1481 2595 1541 Er
2612 1472 2749 1532 seiner
2766 1460 2886 1520 Sohnt
2919 1437 3212 1497 aufferhalten

1890 1517 2003 1577 obl.

2088 1598 2283 1658 entwele,
2303 1581 2392 1641 und
2409 1570 2532 1630 selben
2552 1553 2836 1613 zumstandt
2853 1537 3051 1597 beunge.

2055 1777 2223 1837 Fivr.
2255 1759 2363 1819 Dchn
2393 1749 2455 1809 in
2470 1741 2593 1801 gnädigen
2608 1731 2731 1791 Herren
2746 1723 2793 1783 de
2808 1711 3099 1771 Matrimonal
3116 1693 3224 1753 ge¬

2124 1864 2289 1924 schofft
2305 1849 2354 1909 ent
2388 1833 2569 1893 uschen
2602 1814 2769 1874 Heinrach
2801 1798 2950 1858 Glor
2966 1784 3066 1844 undt
3099 1769 3247 1829 Elsobeg

1876 1885 1942 1945 Ver
1969 1886 2086 1946 heinlich

2103 1958 2233 2018 Weye
2249 1939 2494 1999 erdauket,
2526 1915 2738 1975 Pforthery
2772 1899 2869 1959 auch
2885 1876 3195 1936 gegefüander

1896 1986 1941 2046 ger
1956 1982 2089 2042 Eelsebeh

2082 2045 2275 2105 verhört
2310 2030 2380 2090 hat
2416 2020 2486 2080 die
2503 2009 2645 2069 Meye
2679 1991 2890 2051 ohngrecht
2907 1973 3014 2033 alleß
3049 1952 3242 2012 getharen

2093 2126 2369 2186 hresfehe
2391 2105 2483 2165 auß
2505 2096 2597 2156 dem
2642 2082 2781 2142 Ihren
2804 2067 2965 2127 schalde
2988 2040 3238 2100 erhalten

2106 2217 2355 2277 grunden,
2377 2193 2513 2253 nicht
2535 2179 2648 2239 nchr
2696 2167 2762 2227 on
2809 2156 2876 2216 der
2898 2142 3033 2202 Plio
3081 2119 3194 2179 Mlor

2096 2303 2235 2363 ließe
2272 2288 2431 2348 leben,
2465 2273 2624 2333 demen
2658 2256 2800 2316 gnädigen
2817 2242 2939 2302 Here
2976 2225 3135 2285 Feauch
3152 2211 3257 2271 Bon

2111 2382 2312 2442 Einander
2339 2375 2439 2435 ledig
2464 2365 2615 2425 erkent,
2628 2354 2742 2414 undt
2779 2339 2894 2399 beyde
2906 2330 2943 2390 in
2970 2315 3146 2375 Vörige

2120 2473 2283 2533 beyheit
2312 2464 2506 2524 gesetzet,
2535 2448 2698 2508 beieber
2727 2429 2876 2489 erkent,
2890 2417 2965 2477 daß
3010 2407 3039 2467 Er
3084 2397 3159 2457 die
