4032 3024
459 328 541 388 309

471 868 617 928 Tonret
643 856 752 916 Han.

735 375 947 435 allhiesige
974 352 1095 412 sammer
1108 330 1388 390 Emolument
1416 325 1602 385 bezahlen
1628 339 1722 399 undt

728 471 819 531 Ihres
832 456 951 516 annoch
978 444 1004 504 2
1030 434 1149 494 thaler
1162 423 1241 483 für
1280 415 1386 475 soste
1425 412 1649 472 enthrichten
1662 420 1768 480 solten

738 556 852 616 este
881 541 953 601 Sie
997 522 1156 582 hiemit
1184 504 1371 564 berachtet
1387 490 1619 550 werdend.

767 736 936 796 Längte
962 721 1027 781 von
1066 709 1131 769 H.
1171 695 1366 755 Spilahl
1391 687 1600 747 Verwalter
1613 699 1755 759 folgende

777 814 912 874 bericht
943 804 1037 864 Ein:
1067 794 1182 854 Jean
1245 780 1431 840 Tourret
1462 776 1525 836 Ein
1555 782 1721 842 Knaben

790 913 846 973 bey
875 902 989 962 hiewe
1031 891 1075 951 b.
1089 884 1189 944 Jahrn
1203 875 1345 935 altes
1375 870 1431 930 ist
1461 868 1517 928 d.
1531 868 1617 928 22.
1631 869 1747 929 §b.

759 1008 771 1068 s
821 998 870 1058 32
896 991 932 1051 in
970 980 1093 1040 begleit
1119 970 1244 1030 Eines
1268 962 1405 1022 zedelß
1454 956 1528 1016 Vte
1566 952 1754 1012 Mantik.

764 1081 986 1141 buchhalter
1007 1064 1176 1124 Nichener
1219 1053 1335 1113 durch
1367 1045 1452 1105 Eine
1495 1038 1760 1098 WibePfer¬

764 1171 913 1231 sohne,
925 1161 959 1221 so
981 1156 1040 1216 sich
1063 1150 1120 1210 bey
1142 1143 1258 1203 Mste
1292 1134 1464 1194 Wetttes
1500 1128 1626 1188 auff
1638 1125 1695 1185 dem

775 1255 1006 1315 beügesfeldt
1019 1238 1264 1298 auffhaltet,
1278 1230 1318 1290 in
1347 1223 1537 1283 sfitahl
1563 1213 1700 1273 bracht

764 1347 893 1407 worden
949 1335 1054 1395 umb
1085 1329 1190 1389 allda
1262 1324 1302 1384 zu
1335 1314 1559 1374 verbleiben
1616 1299 1672 1359 biß

775 1433 967 1493 Math.
991 1421 1218 1481 Buchhalter
1251 1415 1286 1475 in
1309 1409 1410 1469 nahen
1434 1402 1502 1462 Meine
1513 1395 1604 1455 gnädigen
1615 1383 1706 1443 Hrren
1718 1371 1763 1431 der

780 1517 1064 1577 Seinersammer
1095 1508 1158 1568 dem
1232 1497 1401 1557 Knaben
1432 1479 1642 1539 wurdindt
1662 1457 1748 1517 einen

779 1602 931 1662 meister
952 1595 1157 1655 gefunden
1256 1576 1440 1636 haben:
1461 1564 1526 1624 Dem
1581 1549 1700 1609 bericht
1710 1538 1776 1598 noch

778 1688 874 1748 solle
898 1687 935 1747 Er
959 1683 1032 1743 dem
1081 1673 1263 1733 Gärtner
1275 1660 1373 1720 auff
1397 1652 1469 1712 dem
1567 1635 1701 1695 Insel.
1713 1627 1749 1687 an

784 1778 850 1838 der
873 1769 1051 1829 Matten
1108 1753 1342 1813 verdinget
1375 1733 1543 1793 werden,
1554 1710 1721 1770 währent

791 1855 908 1915 dieses
935 1852 1093 1912 Knaben
1118 1841 1393 1901 auffenthalt
1407 1825 1471 1885 ist
1499 1811 1616 1871 obige
1656 1783 1801 1843 Witte¬

809 1948 977 2008 Pfersohn
1022 1945 1099 2005 off
1129 1941 1175 2001 in
1207 1932 1374 1992 Schwahl
1405 1912 1557 1972 suden
1618 1876 1770 1936 kaben

787 2031 920 2091 gen,
938 2029 1034 2089 Ihne
1052 2022 1471 2082 auchnachgehagen:
1490 1995 1604 2055 Also
1623 1973 1699 2033 daß
1718 1951 1774 2011 Ihr

781 2119 954 2179 Verdacht
1002 2118 1253 2178 getragen,
1286 2110 1347 2170 alß
1395 2099 1458 2159 wan
1489 2085 1568 2145 das
1585 2053 1773 2113 Mentsche

788 2207 978 2267 Willicht
1022 2207 1080 2267 die
1110 2203 1285 2263 Mutter
1314 2191 1430 2251 wäre
1475 2173 1548 2233 deß
1591 2144 1737 2204 Megen

775 2293 907 2353 solbig
1006 2293 1022 2353 e
1105 2293 1138 2353 en
1189 2290 1254 2350 en
1270 2285 1385 2345 eren
1420 2274 1469 2334 ae
1519 2257 1600 2317 and
1667 2230 1684 2290 o
1718 2200 1818 2260 en

792 2380 956 2440 Stückes
990 2380 1071 2440 Ston
1089 2380 1288 2440 Letburg
1320 2374 1403 2434 nach
1435 2353 1617 2413 Elteste
1650 2310 1733 2370 Sohn

814 2467 876 2527 alß
909 2467 987 2527 dem
1020 2468 1097 2528 deß
1145 2469 1271 2529 Knotz
1287 2465 1412 2525 legen
1459 2453 1538 2513 Ein
1554 2426 1743 2486 mehrer

3066 219 3213 279 324l.

2039 332 2079 392 die
2108 309 2257 369 bußen,
2285 289 2462 349 befraget,
2476 284 2571 344 undt
2584 284 2721 344 allezit
2748 290 3034 350 heraußkammen,
3047 295 3129 355 daß

2065 425 2128 485 daß
2174 396 2328 456 Knaben
2345 379 2499 439 Batter
2514 375 2577 435 Ein
2608 374 2779 434 Saffärd
2824 377 2979 437 derselbe
2996 374 3072 434 wör
3104 371 3165 431 zum

2061 504 2194 564 handt
2207 480 2339 540 hinauß
2394 468 2500 528 undt
2513 467 2579 527 der
2607 469 2752 529 Knaben
2779 477 3005 537 verlaßen,
3018 482 3151 542 welches

2042 591 2255 651 ahete
2290 569 2345 629 Mo
2362 563 2452 623 hHe
2469 559 2576 619 Land
2593 559 2719 619 vVogt
2737 562 2861 622 Rürte
2898 569 2950 629 zud
2985 578 3184 638 vershen¬

2033 705 2093 765 Mene
2155 675 2217 735 Mnen
2247 656 2354 716 Herer
2386 647 2431 707 re
2478 641 2600 701 ener
2615 643 2722 703 hanme
2754 649 2953 709 übergeben
2968 656 3090 716 worden
3105 658 3152 718 Rl

2062 785 2158 845 aber
2199 759 2268 819 der
2296 738 2544 798 Knabübel
2584 730 2832 790 gehalten,
2859 731 2970 791 hatte
2983 730 3024 790 sie
3037 728 3093 788 sich
3106 724 3202 784 seine

2054 863 2265 923 brbornet,
2288 837 2383 897 Ihne
2406 829 2441 889 in
2464 823 2559 883 Ihren
2594 818 2747 878 hausien
2770 815 2852 875 mit
2863 814 2923 874 sich
2958 810 3206 870 herumb¬

2053 957 2286 1017 geführt,
2310 936 2373 996 biß
2423 927 2471 987 Sie
2495 921 2582 981 noch
2620 915 2718 975 Bain
2767 909 2915 969 kome,
2927 907 2990 967 und
3026 906 3112 966 Ihne

2032 1059 2290 1119 Mundeige
2306 1027 2514 1087 rehelto
2530 1002 2824 1062 zugeführet.

2029 1249 2215 1309 Hdub
2251 1226 2301 1286 an
2353 1204 2591 1264 Muth.
2625 1180 3051 1240 Buchhalterlicher.
3085 1169 3187 1229 Ihne

2069 1333 2286 1393 grsuchen,
2304 1315 2357 1375 wie
2395 1294 2812 1354 außbetgrunden
2865 1276 2974 1336 und
3009 1268 3118 1328 duch
3138 1259 3229 1319 leid¬

2063 1436 2116 1496 die
2169 1424 2241 1484 ck
2312 1412 2364 1472 e
2419 1400 2490 1460 n
2507 1393 2615 1453 Hr
2650 1374 2971 1434 recommendirt
2989 1356 3149 1416 worden

1892 1403 1996 1463 S.

2052 1532 2265 1592 Mhl.
2308 1513 2372 1573 de
2436 1498 2521 1558 icht
2544 1492 2564 1552 a
2585 1472 2908 1532 lhistatten

2120 1715 2189 1775 Vs
2226 1707 2298 1767 der
2333 1695 2474 1755 Anna
2528 1673 2724 1733 Wöttle
2758 1656 2847 1716 Ven
2867 1642 3008 1702 Bafl.
3026 1628 3132 1688 vider

1884 1739 1985 1799 Vther
1998 1727 2049 1787 ban

2107 1808 2194 1868 Ihr
2231 1793 2318 1853 Vter
2335 1784 2389 1844 10
2424 1772 2531 1832 Jahrn
2548 1747 2865 1807 außgebrtten
2919 1710 3113 1770 Ehrman

1890 1838 1954 1898 Vele
1970 1831 2096 1891 besfor¬

2100 1898 2223 1958 baß
2274 1863 2598 1923 Erkeltes
2622 1826 2872 1886 Greusen
2896 1806 2995 1866 ben
3046 1785 3296 1845 Riteise

2097 1988 2224 2048 le
2277 1969 2329 2029 si
2354 1953 2509 2013 tieche
2558 1917 2868 1977 brhalt.
2918 1890 2970 1950 as
2995 1879 3125 1939 fore

2174 2201 2269 2261 beut
2296 2194 2420 2254 legte
2460 2182 2528 2242 der
2555 2171 2624 2231 Hl.
2650 2154 2814 2214 heroläder
2856 2133 2951 2193 seine
2991 2119 3142 2179 Duplic
3168 2114 3263 2174 üher

1902 2193 2006 2253 Aedrl
2035 2213 2108 2273 hart

2119 2290 2227 2350 veir
2248 2283 2398 2343 Ferle.
2422 2267 2593 2327 Raplic
2614 2252 2680 2312 ein
2701 2239 2809 2299 und
2833 2226 2896 2286 ist
2941 2215 2983 2275 de
3004 2207 3070 2267 ab
3091 2195 3220 2255 Phrich

1963 2293 2080 2353 srb.

2089 2391 2280 2451 Gstlch
2304 2371 2545 2431 udenchen
2568 2345 2763 2405 koseg
2810 2322 2907 2382 wnde
2954 2302 3195 2362 beßolten

2057 2486 2315 2546 künftige
2350 2470 2516 2530 Montag
2552 2450 2661 2510 über
2681 2435 2753 2495 ach
2773 2420 2939 2480 trag.
