4032 3024
448 319 541 379 3229

899 330 1154 390 Montags
1185 318 1228 378 den
1244 317 1349 377 23t.
1378 320 1483 380 eb.
1497 328 1573 388 173

1073 437 1279 497 Pares

911 554 1138 614 Menge
1156 532 1208 592 er
1260 522 1312 582 e
1364 514 1454 574 en

1053 629 1319 689 Afsessores

740 721 969 781 Mege
1003 701 1083 761 ere
1150 688 1182 748 e
1248 678 1298 738 e
1314 674 1330 734 s
1347 668 1495 728 hathung
1511 665 1578 725 und
1610 666 1708 726 Vorck

807 920 878 980 It
913 907 984 967 H.
1019 890 1196 950 Gottlib
1233 874 1464 934 Fridenich
1481 872 1605 932 Kecht
1622 878 1782 938 beilist

447 948 652 1008 Kuchtl.
666 926 770 986 Gott.

785 1022 852 1082 mit
879 1013 988 1073 Hgl.
1016 998 1219 1058 Mariane
1288 980 1452 1040 Duboio
1479 972 1601 1032 beyde
1628 970 1710 1030 von

501 1026 564 1086 bib
594 1011 750 1071 forederich

805 1117 918 1177 lhrer
932 1108 1062 1168 Kochn
1076 1099 1204 1159 Recht
1234 1086 1391 1146 halten
1419 1078 1447 1138 zu
1491 1068 1677 1128 können

466 1114 580 1174 Dubois
610 1103 683 1163 Jost
705 1095 766 1155 Mla

567 1161 709 1221 Frianne

758 1321 993 1381 Piglen:
1022 1311 1096 1371 Ihr
1110 1305 1271 1365 schieben
1330 1298 1448 1358 habenä
1462 1293 1520 1353 ien
1534 1289 1652 1349 hhr
1666 1282 1769 1342 yfert

811 1417 878 1477 wie
911 1414 978 1474 daß
1023 1408 1168 1468 Marie
1211 1398 1401 1458 Duthon
1479 1384 1591 1444 von
1613 1375 1757 1435 Pfferth

481 1442 644 1502 Duthon
682 1424 808 1484 Marie.

794 1501 909 1561 hinde
939 1494 1035 1554 Ihner
1083 1477 1458 1537 Kindtsgrieser
1498 1458 1614 1518 undt
1632 1449 1700 1509 zum

775 1588 954 1648 Vatter
980 1577 1173 1637 daßelben
1186 1568 1365 1628 angeben,
1392 1556 1481 1616 Eunen
1508 1539 1687 1599 frembden

776 1669 930 1729 Scheiner
945 1664 1115 1724 geselle,
1130 1661 1192 1721 der
1207 1655 1361 1715 allhie
1393 1646 1469 1706 bey
1501 1630 1640 1690 Mster
1655 1607 1778 1667 Muitl

780 1756 822 1816 in
851 1759 1034 1819 dienste
1075 1758 1231 1818 ware,
1260 1750 1386 1810 dere
1415 1740 1486 1800 Min
1500 1728 1612 1788 gnädigen
1626 1713 1710 1773 Herre
1740 1694 1797 1754 in

784 1843 1064 1903 aufgetragen
1103 1842 1196 1902 haben
1223 1837 1437 1897 wollindt,
1477 1822 1557 1882 Sie
1598 1800 1744 1860 allharo

785 1931 992 1991 zhuhalten
1021 1925 1144 1985 undt
1173 1918 1436 1978 Jehmandt
1463 1904 1561 1964 Ihra
1588 1877 1811 1937 zuzugeben

792 2021 965 2081 indeße
1005 2021 1098 2081 aber
1137 2020 1217 2080 die
1245 2017 1364 2077 Fel.
1392 2014 1418 2074 so
1444 2010 1511 2070 Sie
1552 1988 1805 2048 fingezogen

790 2107 829 2167 in
855 2110 1039 2170 behorge
1092 2117 1236 2177 straff
1301 2111 1577 2171 zuzeücken,
1590 2092 1616 2152 so
1642 2073 1760 2133 ihren

803 2195 841 2255 in
865 2199 1040 2259 antwort
1091 2209 1304 2269 verdeütet
1342 2207 1493 2267 werde.

800 2363 1039 2423 Niderbeil
1068 2365 1114 2425 im
1144 2366 1264 2426 Ambt
1279 2362 1444 2422 Reoburg
1473 2351 1564 2411 undt
1579 2334 1743 2394 Mesten
1773 2314 1788 2374 H

513 2412 645 2472 Himmerl.
666 2417 758 2477 Mara

839 2447 998 2507 Weilen
1023 2451 1170 2511 Maria
1208 2458 1391 2518 Zimmerli
1429 2455 1527 2515 Ber
1539 2438 1736 2498 Nitekel

533 2486 782 2546 Wannerbentz.

819 2521 935 2581 welche
962 2523 1052 2583 schon
1118 2530 1273 2590 Sraher
1299 2533 1363 2593 den
1390 2528 1520 2588 Beitz
1546 2504 1740 2564 Mamis

1858 1250 2019 1310 Prudri

1887 1338 1899 1398 C

1899 2270 1953 2330 Men
1974 2281 2005 2341 H.
2027 2284 2080 2344 eaen

1906 2350 1986 2410 Pel.

3053 227 3188 287 323x

2039 325 2120 385 Von
2154 297 2367 357 Elhoffen
2383 286 2566 346 Klchhör
2582 287 2730 347 Weßen
2762 297 3060 357 deschräugeng
3076 304 3157 364 halb

2044 416 2241 476 beklaget,
2257 397 2332 457 noch
2347 391 2409 451 der
2424 387 2575 447 genißet
2607 386 2637 446 in
2652 386 2712 446 bey
2728 388 2788 448 ein
2803 391 2955 451 fweyer
2971 393 3200 453 Cotichten,

2046 521 2114 581 auf
2156 506 2223 566 Ihre
2250 492 2415 552 beharret
2442 482 2579 542 Eraber
2592 481 2648 541 die
2661 479 2744 539 that
2757 479 2948 539 Vereinet
2990 478 3057 538 alßo
3071 478 3207 538 wollinde

2031 626 2104 686 Men
2135 603 2238 663 nedge
2268 587 2371 647 en
2400 573 2637 633 aufgefrage
2652 568 2772 628 haben,
2801 566 2919 626 beyde
2948 565 2994 625 um
3023 561 3141 621 Eydt

2049 717 2094 777 ad
2124 692 2276 752 formam
2339 672 2461 732 durch
2476 669 2551 729 Ihre
2583 668 2659 728 Hr
2691 667 2843 727 Pforhl.
2873 665 3011 725 hertung
3041 660 3071 720 zu
3088 653 3194 713 laßen

2059 798 2144 858 undt
2168 784 2254 844 über
2278 771 2462 831 freywehe
2510 762 2622 822 selbe
2670 752 3109 812 allharentnötigen

2066 886 2224 946 bericht
2258 866 2380 926 halte
2415 855 2607 915 zulaßen

2062 1092 2223 1152 Wose
2255 1069 2303 1129 an
2319 1059 2400 1119 das
2432 1045 2609 1105 Geitsche
2625 1037 2738 1097 Conv.
2754 1032 2850 1092 Aber
2866 1028 2915 1088 Ehr
2947 1016 3188 1076 Eingelagte

2081 1174 2224 1234 recht
2259 1145 2529 1205 betrffendt
2547 1132 2672 1192 saten,
2690 1118 3031 1178 Grundtmann,
3048 1101 3121 1161 deß

2079 1262 2170 1322 Hanß
2208 1230 2505 1290 Grundemans
2544 1212 2608 1272 von
2648 1202 2919 1262 Kilchliedach
2944 1190 3152 1250 dißmahl

2077 1333 2383 1393 brummuster
2394 1318 2429 1378 in
2454 1310 2595 1370 Morse
2642 1298 2832 1358 tochter,
2855 1290 2890 1350 so
2901 1288 2961 1348 sich
2984 1279 3126 1339 etkan

2060 1436 2159 1496 Vor
2186 1423 2257 1483 dech
2287 1410 2484 1470 Monaten
2511 1394 2809 1454 fortgemacht,
2823 1382 2921 1442 undt
2949 1376 2992 1436 im
3020 1367 3105 1427 hiey
3118 1356 3203 1416 seye

2075 1519 2138 1579 hin
2169 1509 2369 1569 ohnEhrlich
2433 1500 2569 1560 Kindt
2600 1493 2790 1553 gebohren
2821 1487 2853 1547 zu
2895 1480 3011 1540 haben,
3032 1464 3220 1524 wollendt

2073 1619 2266 1679 MeGr
2315 1597 2347 1657 e
2363 1593 2411 1653 ien
2427 1583 2669 1643 antlortn
2685 1574 2895 1634 verdüket
2927 1563 3040 1623 haben
3089 1548 3153 1608 den

2066 1715 2250 1775 Batteo
2283 1694 2406 1754 gantz
2421 1683 2638 1743 ernstlich
2668 1673 2791 1733 dahin
2822 1668 2852 1728 zu
2884 1660 3069 1720 halten,
3099 1641 3192 1701 daß

2083 1806 2243 1866 hosenes
2276 1794 2436 1854 Jechsteo
2459 1777 2755 1837 auffhnthalt
2801 1756 2995 1816 Entdeben
3029 1743 3120 1803 thüe

2077 1909 2201 1969 undt
2231 1901 2309 1961 deß
2370 1882 2681 1942 heraußomen
2696 1864 2820 1924 gnädigen
2837 1853 2944 1913 Herre
2976 1844 3007 1904 n
3022 1831 3254 1891 deroferner

2062 2008 2323 2068 Wordung
2368 1985 2564 2045 bechten
2585 1963 2805 2023 slaßen

2082 2197 2341 2257 Resudens
2358 2188 2392 2248 ar
2409 2184 2477 2244 H.
2513 2174 2684 2234 Pfarl.
2701 2158 2926 2218 Philippe
2943 2140 3062 2200 Sod.
3081 2125 3182 2185 Ihre

2118 2288 2191 2348 für
2228 2284 2303 2344 das
2340 2277 2439 2337 erste
2464 2267 2600 2327 mahl
2639 2251 2812 2311 erinney
2862 2236 2948 2296 sein
2986 2220 3184 2280 gleibiger

2094 2390 2170 2450 H.
2183 2379 2273 2439 Dean
2337 2363 2491 2423 Semek
2529 2349 2606 2409 von
2631 2339 2772 2399 allhie
2822 2328 2862 2388 zu
2900 2314 3143 2374 befädigen

2082 2472 2180 2532 oder
2215 2458 2364 2518 steber
2413 2436 2763 2496 handtbiekung
2796 2413 2978 2473 gewetig
3012 2395 3246 2455 haffen,

3410 444 3426 504 2
