4032 3024
457 346 530 406 34
559 335 603 395 f.

459 567 582 627 heitl.
598 549 739 609 hristen

464 1098 543 1158 Deu
566 1084 746 1144 Clisabeth

460 1185 563 1245 Serex
596 1167 733 1227 Jonal.

497 1680 609 1740 Löfel
643 1672 755 1732 Maria

495 1754 643 1814 Schneider
666 1741 802 1801 Abehamb

722 411 932 471 Wollen
947 398 976 458 .
1005 386 1126 446 e
1140 372 1244 432 Hrn
1276 360 1350 420 oll
1365 355 1440 415 int
1469 355 1573 415 Ihne
1604 367 1737 427 hiemit

745 493 1011 553 aufgerogn
1041 471 1166 531 haben,
1198 459 1262 519 die
1292 445 1495 505 Christeina
1543 445 1667 505 Fügl.
1683 454 1746 514 von

748 585 1097 645 zerschwanden,
1112 560 1161 620 so
1176 552 1271 612 schon
1303 543 1413 603 zley
1446 538 1714 598 ohnehrlichen

754 686 890 746 Kinder
912 671 1089 731 erzeüget
1122 657 1216 717 noch
1258 649 1311 709 der
1342 636 1626 696 Kindtbett,
1636 628 1752 688 allharo

762 793 902 853 halben
922 764 1163 824 zeloßen.

784 958 1058 1018 Medieres:
1088 941 1164 1001 Es
1194 935 1285 995 habe
1330 927 1542 987 Endtlichen
1557 923 1663 983 Jonas
1694 922 1769 982 berar

794 1062 873 1122 Von
914 1041 1262 1101 Montshrevenre
1313 1014 1562 1074 angelobt,
1582 1007 1651 1067 daß
1682 1004 1761 1064 Ihne

786 1148 865 1208 Von
911 1140 990 1200 der
1024 1126 1230 1186 Elisabeth
1263 1112 1344 1172 Rey
1389 1094 1684 1154 zugeEignete

777 1229 874 1289 Kind
910 1223 972 1283 alß
1008 1218 1093 1278 dar
1117 1213 1252 1273 seinige
1276 1206 1533 1266 ansunemmen
1569 1197 1752 1257 derotegen

787 1318 852 1378 ist
874 1315 951 1375 Ihme
972 1311 1093 1371 solches
1125 1308 1213 1368 auch
1234 1304 1310 1364 alß
1355 1296 1572 1356 ohnehrlich
1605 1286 1639 1346 zu
1649 1279 1781 1339 bekenit¬

793 1409 865 1469 und
927 1403 1048 1463 beyde
1084 1399 1170 1459 fur
1195 1396 1316 1456 s
1340 1391 1633 1451 abbüeßung
1657 1376 1804 1436 gehalten

791 1499 950 1559 worden.
999 1479 1218 1539 betreffendt
1237 1468 1327 1528 dann
1367 1465 1407 1525 die
1427 1463 1456 1523 in
1486 1461 1525 1521 der
1556 1459 1605 1519 S.
1615 1456 1754 1516 proedar

792 1550 1000 1610 enthaltene
1032 1534 1193 1594 Kleydten,
1202 1526 1325 1586 wollendt
1348 1520 1426 1580 Wie
1450 1517 1496 1577 Sie
1511 1512 1604 1572 wegen
1628 1508 1705 1568 Ihrer
1728 1502 1783 1562 ge¬

807 1638 976 1698 Langte
1001 1623 1197 1683 folgende
1223 1612 1340 1672 hedul
1379 1602 1457 1662 Ein,
1482 1590 1625 1650 obscho
1665 1569 1768 1629 ana

828 1739 967 1799 Pofes
1005 1726 1065 1786 von
1103 1709 1381 1769 chrandeneits
1419 1684 1539 1744 vegen
1558 1653 1776 1713 zurterte

804 1830 972 1890 gehehen
996 1812 1238 1872 ehlich
1264 1795 1432 1855 sendts
1456 1780 1530 1840 deß
1603 1758 1674 1818 ab
1698 1734 1822 1794 bao¬

786 1920 957 1980 skamb
986 1903 1157 1963 Schwide
1186 1893 1244 1953 Ein
1272 1883 1458 1943 Ehmann
1545 1860 1616 1920 alß
1658 1832 1832 1892 angeter¬

796 2006 935 2066 Batte
947 2000 997 2060 sich
1024 1997 1086 2057 mit
1126 1992 1188 2052 dem
1240 1986 1354 2046 Pidt
1379 1971 1568 2031 purgiret
1595 1948 1670 2008 mit
1696 1925 1796 1985 wehren

798 2102 937 2162 straff
955 2094 1060 2154 solte
1077 2088 1286 2148 angesehen
1305 2077 1496 2137 werdenn,
1514 2057 1670 2117 habend
1707 2023 1810 2083 cheso

795 2195 974 2255 dennoch
990 2190 1037 2250 in
1071 2179 1345 2239 betrachtung
1378 2164 1460 2224 der
1491 2153 1539 2213 zu
1589 2138 1670 2198 Ihr
1702 2118 1767 2178 guß

810 2283 1024 2343 abgelegte
1042 2278 1158 2338 gute
1174 2270 1390 2330 heigammen
1406 2257 1473 2317 wie
1489 2243 1604 2303 auch
1623 2216 1738 2276 Ihre

830 2379 970 2439 Eltern
1003 2373 1285 2433 Kanklechte
1318 2356 1584 2416 hustandts
1615 2312 1773 2372 Pfeder

828 2461 949 2521 feinen
979 2461 1103 2521 straff
1133 2465 1409 2525 geschecket.
1439 2460 1471 2520 9
1501 2432 1777 2492 geigheitumb

816 2534 1036 2594 Handtbitung
1059 2537 1093 2597 an
1118 2539 1175 2599 vhon
1198 2542 1269 2602 Hl.
1292 2538 1605 2598 OberAmbtsman
1639 2500 1790 2560 Vertisen

859 2600 941 2660 haben.

1865 1253 1945 1313 Noine
1955 1233 2068 1293 Aisabem

1861 1337 1980 1397 Mahliger
2002 1316 2089 1376 kean.

1863 1416 1937 1476 Aut
1950 1395 2073 1455 Saas

3062 189 3147 249 385

2178 291 2307 351 Vora
2364 248 2740 308 Pontrandina
2794 244 2926 304 Löden
2963 241 3059 301 die¬

2443 346 2639 406 Ptases.

2081 539 2106 599 V
2197 513 2218 573 H
2309 478 2492 538 Aahsel.
2562 448 2699 508 er

2469 572 2671 632 Asesra

2100 765 2122 825 R
2215 746 2282 806 .
2330 733 2375 793 .
2397 719 2512 779 den
2627 689 2764 749 Morte
2812 673 2857 733 c.
2901 664 2949 724 ah
2994 651 3157 711 Moller

2123 857 2215 917 H.
2233 837 2360 897 Praf.
2380 814 2543 874 Matof.
2563 801 2616 861 H.
2634 791 2781 851 Falber.
2799 780 2982 840 Lateld
3055 769 3182 829 anchoen

2159 930 2342 990 Stücke:

2070 1114 2202 1174 Vg.
2248 1087 2337 1147 Ehr
2358 1066 2512 1126 krnd
2558 1050 2647 1110 abe
2668 1040 2757 1100 Me
2867 1021 3024 1081 reifet
3045 1010 3134 1070 ladt

2103 1185 2267 1245 maser.
2283 1157 2481 1217 Eliabets
2497 1140 2661 1200 Moena
2694 1128 2761 1188 von
2793 1115 2991 1175 Ptetiger
3024 1099 3089 1159 deß
3123 1084 3239 1144 Heam¬

2124 1257 2305 1317 froncais
2320 1232 2516 1292 Barets
2533 1220 2592 1280 Ihr
2638 1206 2880 1266 angehörigen
2895 1192 3001 1252 Ers.
3015 1181 3137 1241 Sehe

2100 1349 2202 1409 wohe
2241 1334 2345 1394 nach
2365 1322 2486 1382 Ihren
2508 1306 2691 1366 Hohzet
2710 1288 2873 1348 Kindts
2915 1266 3078 1326 Karnder
3098 1244 3219 1304 baund

2084 1437 2204 1497 vnd
2226 1424 2326 1484 seuin
2366 1407 2509 1467 votte
2529 1385 2734 1445 deselbe
2754 1358 2996 1418 eramnchst
3016 1333 3159 1393 haben

2073 1530 2190 1590 vans
2213 1502 2495 1562 glibinger
2521 1479 2615 1539 ven
2660 1457 2874 1517 Hattel
2920 1435 3014 1495 diß
3037 1414 3228 1474 nachten

2108 1615 2182 1675 sih
2235 1601 2284 1661 de
2337 1580 2488 1640 lagen
2513 1550 2816 1610 aufhltenct
2868 1503 3171 1563 wreibeten

2114 1691 2231 1751 le
2260 1675 2349 1735 he
2438 1644 2701 1704 setigen
2730 1620 2790 1680 de
2847 1597 2993 1657 flbe
3025 1563 3232 1623 geter

2113 1779 2176 1839 de
2242 1765 2337 1825 em
2501 1734 2631 1794 e
2694 1701 2953 1761 ehe
3019 1669 3082 1729 n
3149 1644 3279 1704 iche

2103 1863 2188 1923 Ver
2242 1825 2667 1885 antesemnet
2721 1790 2779 1850 un
2837 1767 3003 1827 elbete
3034 1746 3061 1806 s
3119 1725 3204 1785 der

2125 1950 2242 2010 seh
2284 1921 2480 1981 e
2751 1843 3265 1903 hesihen

2096 2040 2294 2100 negitio
2318 2016 2469 2076 besen
2520 1990 2667 2050 unde,
2719 1968 2818 2028 byit
2842 1956 2893 2016 in
2944 1933 3167 1993 Aegpation
3191 1912 3294 1972 hue¬

2121 2128 2325 2188 seen
2426 2082 2699 2142 e
2736 2055 2838 2115 e
3041 2013 3180 2073 sen

2129 2211 2319 2271 ahtet
2343 2191 2510 2251 hlten
2536 2160 2846 2220 Cantaditis
2870 2132 2917 2192 su
2943 2111 3157 2171 biehren

2128 2299 2222 2359 und
2267 2287 2361 2347 aleß
2384 2261 2736 2321 hriufstbammen
2807 2223 2946 2283 Mtht
2991 2188 3272 2248 edesenrer

2136 2382 2217 2442 e
2575 2341 2656 2401 e
3138 2253 3263 2313 se

2129 2469 2189 2529 de
2233 2460 2417 2520 abshech
2440 2445 2521 2505 ds
2564 2426 2688 2486 Mant
2708 2402 2896 2462 beschete
2916 2370 3144 2430 schichzunch
3164 2348 3227 2408 bas

2142 2558 2259 2618 dahin
2273 2533 2508 2593 verscheben.
