4032 3024
455 308 575 368 169

729 389 918 449 Genteng
935 375 971 435 n
1022 360 1212 420 MeHegen
1229 353 1386 413 habendz
1403 357 1506 417 uber
1525 375 1748 435 Ehrnhren

774 466 1056 526 Bachtschreiben
1116 442 1340 502 enthalten
1399 442 1695 502 Oppositiones
1718 468 1753 528 das

440 531 597 591 Hünter
622 511 742 571 Michll

776 562 908 622 Michel
951 545 1113 605 fürhers
1156 532 1230 592 daß
1288 524 1465 584 Schäres
1494 531 1757 591 Vorhabenden

457 619 570 679 Reiche
595 600 759 660 Anna.

757 659 817 719 Er
834 651 926 711 mit
956 641 1064 701 Maia
1096 630 1218 690 Rsche
1266 621 1418 681 beiden
1435 621 1605 681 Eüwen
1620 633 1775 693 ange¬

769 744 905 804 hengen
954 731 979 791 so
1003 720 1263 780 ohngereimbt
1300 715 1547 775 befunden,
1559 715 1620 775 daß
1671 716 1744 776 Wir

740 842 862 902 selbe
878 827 987 887 nach
1013 817 1069 877 der
1096 807 1344 867 Ordnung
1384 803 1453 863 den
1482 805 1549 865 17.
1564 808 1673 868 Janl.
1700 813 1768 873 178

760 924 1036 984 auffgehoben,
1065 905 1197 965 Vandt
1226 897 1341 957 libn
1358 895 1488 955 beyde
1547 896 1634 956 Oon
1648 901 1795 961 Mehen

776 1014 976 1074 bekentlich
999 1003 1070 1063 sein
1104 996 1304 1056 müeßen
1409 991 1632 1051 anfangs
1656 988 1738 1048 arts

768 1107 920 1167 besthin
957 1098 1045 1158 grad
1084 1090 1171 1150 nach
1210 1086 1273 1146 der
1323 1079 1626 1139 Verbündung
1651 1073 1802 1133 flischlich

765 1197 1061 1257 gemeinschafft
1089 1185 1158 1245 mit
1172 1180 1357 1240 Einander
1385 1173 1595 1233 gepflogen
1609 1171 1653 1231 zu
1667 1169 1764 1229 haben

766 1299 838 1359 also
862 1290 970 1350 habind
994 1284 1031 1344 de
1079 1281 1127 1341 e
1139 1279 1212 1339 Her
1259 1277 1307 1337 Sie
1344 1276 1427 1336 auch
1465 1271 1609 1331 allhier
1633 1264 1716 1324 zur

762 1379 1017 1439 abbüeßung
1055 1375 1272 1435 gehalten,
1299 1367 1452 1427 daßer
1504 1360 1567 1420 Sie
1606 1348 1772 1408 berichtet

758 1470 923 1530 verdind
959 1468 1030 1528 mit
1065 1465 1231 1525 gesinnen
1278 1459 1409 1519 fahls
1443 1453 1503 1513 die
1526 1446 1656 1506 Reichen
1669 1436 1833 1496 schwenger

761 1550 893 1610 wäre,
903 1554 1005 1614 selbe
1045 1554 1137 1614 nach
1177 1551 1249 1611 der
1309 1540 1533 1600 Ordnung
1563 1527 1717 1587 scharls

763 1648 965 1708 Examiniu
996 1645 1070 1705 und
1102 1642 1176 1702 das
1218 1631 1557 1691 heraußkauent
1632 1609 1779 1669 brichten

753 1735 969 1795 zulaßen,
997 1734 1051 1794 da
1092 1730 1200 1790 anbey
1242 1724 1350 1784 Ihne
1376 1717 1486 1777 aller
1513 1706 1636 1766 frner
1662 1695 1799 1755 umb¬

744 1827 886 1887 1gang
924 1822 987 1882 bey
1000 1820 1078 1880 der
1091 1818 1129 1878 in
1167 1815 1232 1875 der
1257 1809 1462 1869 Ordnung
1502 1788 1707 1848 gesetzter

777 1918 916 1978 stooff
966 1906 1180 1966 verbetten
1194 1896 1383 1956 worden.

738 2093 906 2153 Fuhj.
947 2078 1103 2138 Malle
1144 2072 1270 2132 halden
1298 2068 1369 2128 von
1382 2065 1536 2125 Saawe
1607 2055 1816 2115 habesoohl

476 2191 600 2251 hald:
620 2184 766 2244 Malde
796 2177 879 2237 Vor
900 2173 952 2233 alß
983 2170 1015 2230 in
1045 2167 1108 2227 der
1128 2161 1284 2221 genßt
1304 2155 1428 2215 under
1459 2146 1718 2206 gnugsammer

799 2248 1076 2308 Examination
1141 2249 1246 2309 laut
1268 2245 1482 2305 Einkommen
1524 2227 1663 2287 beichte
1694 2204 1759 2264 von

473 2274 653 2334 Eüigbiehl
678 2279 794 2339 Chisten

794 2323 916 2383 allda
957 2323 1049 2383 zum
1091 2326 1234 2386 Vatter
1266 2329 1348 2389 Ihres
1378 2326 1563 2386 saurkelt
1603 2301 1778 2361 gebohren

781 2408 930 2468 Kindts
942 2408 1177 2468 ernambset
1215 2416 1350 2476 Ehristen
1376 2416 1474 2476 lugi
1512 2404 1623 2464 Kohl
1661 2380 1747 2440 Ihre

797 2489 1083 2549 angehangen,
1111 2496 1168 2556 der
1196 2500 1297 2560 Aber
1325 2500 1440 2560 statt
1467 2494 1568 2554 auff
1596 2475 1711 2535 feute

1875 1141 1946 1201 sl

1878 1543 2057 1603 Rehselene

1885 1625 2005 1685 Ritman

1928 1680 2048 1740 Jacob:

1912 2275 2013 2335 ibleth
2026 2281 2116 2341 Aanna

1921 2345 2063 2405 Mana:

1914 2414 1994 2474 Veker
2014 2417 2103 2477 damil

3029 193 3118 253 321
3144 205 3208 265 .

1998 326 2056 386 Me
2100 304 2188 364 n
2203 290 2292 350 Hr
2321 269 2778 329 antangebestroltation
2821 269 2924 329 hette
2953 273 3131 333 erscheinen

2037 395 2186 455 sollen,
2201 374 2276 434 sich
2290 362 2440 422 ansicht
2455 354 2708 414 bargenacht,
2723 355 2916 415 deßeen
2945 358 3066 418 Wehe
3095 357 3184 417 Ihne

2032 484 2240 544 aufftehen
2253 453 2449 513 wollen,
2475 440 2710 500 zutrachten,
2723 440 2788 500 daß
2828 442 2867 502 Er
2892 442 3010 502 kame
3036 442 3166 502 einet

2039 589 2097 649 0
2134 570 2194 630 tag
2229 552 2360 612 allher
2383 540 2502 600 Cetist
2525 532 2668 592 lidigen
2680 529 2788 589 fahls
2811 527 2858 587 Er
2894 526 2966 586 per
2989 522 3202 582 sontumaniam

2045 670 2168 730 furde
2211 636 2460 696 burthilet,
2474 623 2558 683 undt
2585 619 2667 679 Ihmne
2696 618 2738 678 die
2765 615 2931 675 Klegern
2959 608 3139 668 Kaindalß

2039 756 2262 816 glefhtlich
2280 717 2675 777 zugesprechted.

2069 892 2143 952 dem
2189 867 2264 927 H.
2278 844 2490 904 Chortibel
2520 830 2579 890 ist
2594 821 2820 881 auffgetrag
2865 814 2985 874 worden
3000 807 3212 867 zutrehen

2068 972 2161 1032 nch
2180 954 2275 1014 hier
2294 929 2540 989 zufatdet,
2559 907 2673 967 undt
2691 897 2787 957 hin
2805 891 2861 951 die
2898 884 3031 944 ation
3068 880 3222 940 nrhu¬

2087 1062 2216 1122 herr:

2062 1172 2136 1232 die
2157 1160 2271 1220 halbe
2290 1150 2345 1210 ist
2364 1140 2422 1200 fur
2459 1130 2499 1190 0
2518 1123 2573 1183 tag
2611 1102 2915 1162 heundigeschet
2934 1086 3088 1146 worden.

2074 1382 2320 1442 Bineltan
2350 1365 2442 1425 H.
2472 1351 2671 1411 Pfarhl.
2703 1340 2795 1400 Über
2825 1329 2979 1389 deßelb
3009 1312 3208 1372 eingesendt

2108 1474 2264 1534 bericht,
2278 1462 2319 1522 ob
2349 1451 2489 1511 sollte
2546 1438 2617 1498 die
2659 1426 2829 1486 Salome
2872 1412 3014 1472 bloß,
3028 1407 3055 1467 so
3083 1402 3140 1462 sich
3168 1395 3239 1455 mit

2101 1567 2230 1627 Jacob
2287 1536 2566 1596 Guttmann
2603 1513 2750 1573 verloch
2789 1502 2918 1562 ull,
2937 1495 2993 1555 ich
3012 1486 3255 1546 schwangen

2092 1662 2210 1722 hat
2256 1633 2468 1693 bfinden
2491 1615 2608 1675 habe
2654 1599 2843 1659 Mohsen
2866 1587 2912 1647 e
2958 1570 3219 1630 bebabet.

2093 1739 2351 1799 getragen,
2387 1711 2608 1771 demselbe
2627 1677 2977 1737 auffzutregen,
3016 1644 3199 1704 eimahl

2098 1828 2186 1888 mit
2223 1816 2293 1876 der
2328 1795 2595 1855 sopellation
2684 1764 2896 1824 bißauff
2931 1733 3215 1793 künfftiger

2083 1914 2232 1974 Wern
2271 1901 2307 1961 zu
2344 1883 2568 1943 zuhalten,
2586 1865 2661 1925 daß
2719 1849 2792 1909 sich
2810 1841 2867 1901 dan
2904 1815 3203 1875 schonehetern

2093 2004 2214 2064 vundh
2254 1994 2335 2054 var
2375 1979 2516 2039 kan
2555 1963 2637 2023 der
2657 1942 2879 2002 Aacsye,
2899 1919 2978 1979 und
2998 1904 3100 1964 dach
3139 1882 3283 1942 machen

2075 2117 2250 2177 sehe
2278 2094 2351 2154 de
2403 2065 2707 2125 bschfecet
2732 2042 2781 2102 zu
2805 2022 3008 2082 bechte

2139 2251 2401 2311 betefed
2456 2221 2561 2281 den
2612 2204 2747 2264 Mon
2798 2182 2983 2242 zebelh
3009 2165 3063 2225 so
3115 2145 3275 2205 aben

2126 2354 2226 2414 ver
2322 2326 2491 2386 ede
2592 2301 2656 2361 ed
2756 2284 2788 2344 a
2921 2262 3053 2322 dese
3122 2239 3323 2299 eten

2141 2437 2385 2497 belenel
2479 2410 2569 2470 se
2633 2389 2787 2449 ase
2877 2347 3279 2407 ledenlen

2141 2533 2290 2593 stebe
2314 2517 2398 2577 ver
2464 2500 2551 2560 all
2572 2488 2638 2548 hie
2659 2473 2788 2533 schin
2832 2452 2961 2512 landt
3003 2425 3219 2485 befinden

2113 2614 2234 2674 wirt
2295 2598 2426 2658 Undt
2457 2580 2617 2640 weilen.
