4032 3024
441 323 595 383 M0f.

761 371 930 431 Cathona
975 349 1175 409 Tebeleth
1207 338 1300 398 son
1345 337 1514 397 Bimelt
1562 347 1607 407 der
1622 367 1792 427 spennen

778 456 907 516 schafft
921 445 1005 505 halb
1034 433 1235 493 beklaget
1263 425 1420 485 Jacob
1449 427 1577 487 Joher
1606 434 1678 494 von

447 526 639 586 Goiboless
651 505 767 565 ahin,

789 548 908 608 wann
978 534 1117 594 welcher
1137 527 1197 587 sich
1217 523 1306 583 aber
1336 520 1675 580 außertlandts
1695 530 1775 590 be¬

761 636 889 696 findet
901 628 1017 688 wole
1042 621 1105 681 Min
1117 616 1220 676 gnädigen
1233 611 1335 671 Herren
1348 608 1450 668 Ihme
1488 605 1758 665 auffgetragen

439 628 568 688 gelet
599 607 745 667 Jacob.

742 724 901 784 haben,
937 709 999 769 die
1023 698 1218 758 anstalt
1256 686 1511 746 verfurgen
1561 685 1756 745 zulaßen

742 810 941 870 daßselbe
978 796 1017 856 in
1042 790 1103 850 der
1128 782 1290 842 geüißt
1316 776 1415 836 nach
1440 775 1503 835 der
1528 775 1740 835 Lordnung

753 899 996 959 eraminirt
1008 881 1111 941 werde
1149 873 1264 933 undt
1289 868 1417 928 Ibar
1442 865 1468 925 zu
1507 859 1723 919 hrjungien

744 998 824 1058 daß
865 986 917 1046 Sie
945 975 1106 1035 trachte
1160 966 1227 1026 den
1280 960 1427 1020 Keel.
1455 955 1548 1015 Vor
1574 949 1642 1009 den

749 1085 913 1145 Rochtes
929 1072 1140 1132 zustelle,
1155 1058 1237 1118 vnß
1303 1044 1382 1104 Pra
1416 1035 1498 1095 das
1546 1023 1709 1083 Kindte

760 1180 918 1240 sambt
934 1170 1059 1230 deßer
1090 1150 1326 1210 behaltung
1373 1129 1500 1189 wurde
1546 1116 1768 1176 ubelaßen

769 1251 956 1311 fenden.

770 1386 970 1446 Homain
994 1367 1194 1427 mortier:
1218 1355 1318 1415 Von
1367 1345 1442 1405 dem
1481 1331 1742 1391 Pfedicanten

794 1463 830 1523 zu
854 1458 953 1518 letog,
966 1452 1039 1512 seyn
1065 1445 1125 1505 min
1137 1439 1236 1499 gnädigen
1249 1432 1348 1492 Herren
1360 1416 1643 1476 verständiget
1667 1395 1778 1455 worden

482 1491 619 1551 Menet
639 1478 767 1538 Jean¬

778 1545 829 1605 wie
860 1542 923 1602 daß
964 1537 1037 1597 Jean
1099 1527 1244 1587 Diere
1275 1511 1472 1571 Meriet
1515 1499 1587 1559 von
1619 1488 1784 1548 Cron¬

573 1545 748 1605 Gierre:

807 1624 859 1684 Ihr
880 1618 1153 1678 angehöriget,
1164 1606 1301 1666 welcher
1311 1595 1406 1655 seith
1437 1579 1669 1639 etwelchen

474 1637 538 1697 Ger
576 1622 796 1682 Stemhadin

785 1714 911 1774 Jahren
968 1710 1010 1770 zu
1053 1704 1138 1764 Lt.
1165 1694 1291 1754 Beke
1305 1685 1348 1745 in
1376 1672 1545 1732 diensten
1559 1658 1616 1718 ist
1644 1640 1800 1700 sich¬

792 1798 869 1858 mit
890 1789 1187 1849 Bemhardine,
1208 1778 1264 1838 Gea
1308 1768 1406 1828 Von
1440 1755 1571 1815 allda
1615 1734 1714 1794 nach
1736 1719 1780 1779 der

786 1873 972 1933 Ordnung
1012 1865 1212 1925 deymahl
1266 1856 1372 1916 habe
1426 1835 1652 1895 verkunden
1665 1802 1785 1862 laßn.

792 1951 856 2011 Als
894 1952 945 2012 ehr
958 1951 1047 2011 aber
1061 1948 1123 2008 sich
1137 1945 1226 2005 auch
1263 1934 1404 1994 hinder
1430 1917 1544 1977 Ihren
1583 1892 1711 1952 haben

790 2041 976 2101 publicig
1006 2036 1147 2096 laßen
1177 2028 1300 2088 wollen
1348 2015 1441 2075 seyn
1471 1995 1579 2055 thue
1612 1964 1750 2024 selbiche

797 2123 868 2183 auß
912 2120 1055 2180 geundt
1069 2118 1112 2178 sie
1140 2116 1227 2176 seyn
1255 2107 1415 2167 kömb,
1443 2071 1744 2131 abgeschlagen

800 2212 937 2272 worden
967 2207 1072 2267 deßen
1103 2201 1163 2261 die
1194 2190 1361 2250 berichtet
1390 2168 1603 2228 verdinde,
1618 2145 1679 2205 midt
1693 2124 1799 2184 gesann

794 2298 908 2358 Entt
926 2295 1003 2355 die
1024 2293 1061 2353 Si
1080 2288 1310 2348 fortfähes
1328 2271 1521 2331 oderaber
1540 2238 1693 2298 Mest
1730 2198 1807 2258 her

799 2377 1049 2437 ligerungs
1068 2378 1243 2438 grnden
1262 2372 1379 2432 fahle
1417 2358 1493 2418 Sie
1512 2345 1590 2405 den
1609 2314 1782 2374 eblich

803 2461 847 2521 zu
861 2462 948 2522 haben
976 2464 1179 2524 Vermeitz,
1209 2461 1368 2521 berichten
1396 2447 1628 2507 zulaßen.

3050 197 3193 257 329.

2025 332 2252 392 Rarberg.
2265 304 2386 364 Prof.
2412 293 2494 353 Auß
2533 287 2586 347 deß
2628 284 2681 344 H.
2694 281 2815 341 Viari
2841 280 2975 340 bericht
2988 279 3162 339 habindt

2071 417 2247 477 MeHe
2261 394 2408 454 sehen,
2437 380 2510 440 wie
2555 371 2613 431 daß
2643 360 2862 420 Susennan
2907 351 3054 411 Käster
3083 349 3156 409 von

2081 505 2206 565 allde
2233 486 2317 546 eit
2331 475 2415 535 nur
2442 463 2540 523 Eine
2567 453 2678 513 Zeith
2692 446 2776 506 larg
2803 442 2873 502 eit
2887 438 2957 498 nud
2984 433 3109 493 Einen

1839 538 1864 598 1
1937 480 2059 540 son

2083 586 2335 646 vedächtigen
2350 558 2573 618 umbgang
2604 544 2693 604 mit
2722 537 2842 597 Eurer
2886 523 3138 583 Pepistischer

1839 635 1864 695 1

2034 689 2327 749 Schiffmand
2371 653 2517 713 Krcht
2558 640 2769 700 Mathuß
2810 628 2959 688 hate,
2979 615 3064 675 von

2070 771 2349 831 Weignmabs
2373 738 2599 798 geflgen
2652 723 2803 783 snde,
2828 713 2902 773 daß
2927 705 2980 765 e
3005 697 3079 757 seh
3107 680 3206 740 ber

2066 886 2153 946 Ver
2175 855 2420 915 schwangen
2464 833 2575 893 litt
2597 821 2796 881 befinde,
2818 811 2908 871 und
2951 801 2995 861 Er
3019 787 3175 847 Sire¬

2055 990 2097 1050 zu
2139 961 2310 1021 felich
2352 932 2524 992 becher,
2545 919 2631 979 hie
2651 910 2735 970 abe
2779 903 2841 963 un
2886 896 3034 956 abndt
3055 887 3227 947 Mehg¬

2060 1080 2128 1140 den
2163 1063 2230 1123 H.
2266 1041 2420 1101 Praef.
2455 1018 2609 1078 bekutg
2628 999 2814 1059 wollen,
2833 987 2920 1047 daß
2970 976 3159 1036 dieselbe

2059 1168 2153 1228 das
2243 1131 2432 1191 ese
2526 1104 2650 1164 eih
2680 1085 2929 1145 ereist
2959 1063 3212 1123 seiser

2079 1248 2202 1308 aber
2221 1223 2417 1283 derselbe
2452 1201 2647 1261 ersuchen
2683 1188 2755 1248 den
2790 1176 2968 1236 hoffel.
2986 1165 3021 1225 zu
3058 1151 3219 1211 bedien,

2075 1349 2129 1409 ob
2167 1335 2204 1395 se
2240 1318 2371 1378 Unser
2407 1303 2536 1363 allen
2557 1283 2889 1343 seligemnehrnde
2946 1252 3168 1312 Religion

2065 1419 2324 1479 nichteanen
2369 1393 2520 1453 wolle,
2541 1381 2628 1441 und
2671 1371 2779 1431 Meh
2845 1363 2866 1423 e
2887 1354 3020 1414 beste
3062 1335 3216 1395 nache¬

2059 1518 2202 1578 verte
2222 1495 2399 1555 bechten
2436 1481 2472 1541 zu
2506 1469 2706 1529 laßen.

2071 1668 2379 1728 Bollingen.
2411 1646 2477 1706 Sie
2493 1633 2655 1693 ersuchen
2687 1620 2737 1680 die
2753 1610 2915 1670 Barbare
2947 1599 3093 1659 Baltz,
3127 1595 3207 1655 sont

2114 1763 2163 1823 it
2182 1754 2267 1814 ihen
2300 1742 2417 1802 stamn
2452 1721 2654 1781 Ehemann
2689 1705 2739 1765 beb
2774 1693 2891 1753 till,
2910 1679 3060 1739 sambt
3079 1667 3163 1727 dra

1875 1773 1953 1833 Ret.
1979 1770 2068 1830 brban

2074 1853 2261 1913 Stte
2284 1837 2355 1897 und
2377 1824 2494 1884 fhn
2516 1809 2610 1869 von
2658 1792 2726 1852 deß
2774 1772 2936 1832 stiun
2961 1745 3193 1805 beutren

2069 1949 2225 2009 gandt
2250 1921 2483 1981 bufteig
2533 1889 2713 1949 deseg
2741 1869 2844 1929 hch
2869 1857 2922 1917 d
2971 1831 3258 1891 hilestend¬

2158 2145 2407 2205 Demnach
2424 2117 2638 2177 Susonna
2693 2082 2941 2142 Scheyevvon
2976 2052 3262 2112 Reiberhog¬

1904 2175 1984 2235 scheye
2010 2180 2130 2240 Susana

2122 2259 2209 2319 Vor
2244 2245 2385 2305 Muchß
2436 2229 2507 2289 der
2524 2201 2909 2261 schwongerschaft
2928 2173 3016 2233 halb
3033 2155 3280 2215 bklaget.

1897 2268 1971 2328 Racht
1993 2270 2034 2330 H.
2045 2269 2109 2329 All.

2108 2360 2167 2420 he
2223 2345 2368 2405 ach
2427 2325 2541 2385 aih
2742 2283 2947 2343 ehest
3002 2263 3034 2323 e
3061 2244 3294 2304 begest

1930 2343 2060 2403 becht.

2093 2463 2167 2523 sch
2216 2432 2517 2492 fingesche,
2545 2405 2618 2465 der
2643 2388 2769 2448 damn
2794 2372 2895 2432 auch
2920 2359 2996 2419 der
3021 2340 3270 2400 bischlaff
