4032 3024
532 1677 725 1737 ob.

511 2196 623 2256 Hachor
637 2191 760 2251 Maria

503 2288 618 2348 Köistel
647 2279 791 2339 heinch.

728 375 916 435 bekennet
930 362 1003 422 sich
1018 354 1091 414 abe
1105 349 1193 409 auff
1222 346 1279 406 die
1309 346 1468 406 genißt
1497 356 1628 416 brufet
1642 374 1758 434 undter

735 470 828 530 vnß
877 461 972 521 durch
1003 455 1068 515 Ein
1083 446 1256 506 schreben
1336 437 1447 497 Van
1462 437 1524 497 der
1542 440 1730 500 Ehrbreit

735 581 773 641 zu
812 571 926 631 Belel
976 550 1268 610 varscheinlich
1293 529 1497 589 gemacht
1522 520 1725 580 worden,

740 666 820 726 daß
854 660 902 720 die
918 652 1066 712 Schager
1082 644 1114 704 in
1148 637 1228 697 Ihro
1262 626 1408 686 genstet
1440 613 1752 673 undergunug¬

738 765 873 825 samme
909 747 1227 807 Examinations
1252 734 1362 794 auff
1386 729 1447 789 dem
1497 724 1594 784 fast
1620 722 1767 782 beklagten

755 864 806 924 H.
818 855 960 915 Knecht
973 847 1036 907 alß
1088 837 1255 897 Gatter
1280 829 1370 889 Ihre
1395 826 1473 886 zue
1498 821 1588 881 welt
1613 817 1768 877 gebohren

752 949 991 1009 leibsfrucht
1041 930 1255 990 verharret
1280 918 1394 978 seye,
1419 910 1506 970 daß
1544 899 1746 959 derowegen

765 1053 874 1113 Wir
889 1041 985 1101 auff
1012 1033 1054 1093 der
1081 1023 1273 1083 Schöyerin
1301 1008 1535 1068 erscheinen
1562 994 1631 1054 hin
1658 984 1753 1044 kein

758 1138 947 1198 bedenkens
974 1126 1202 1186 getragen,
1226 1116 1327 1176 Ihme
1366 1108 1442 1168 Hl.
1454 1101 1594 1161 Knecht
1619 1088 1785 1148 diß¬

760 1236 864 1296 Kind
904 1230 967 1290 alß
995 1225 1215 1285 ohnehelich
1253 1218 1293 1278 zu
1319 1212 1566 1272 sußfrehren,
1592 1197 1683 1257 undt
1695 1186 1799 1246 Ihnen

768 1321 874 1381 umb
909 1320 963 1380 die
980 1318 1210 1378 dißlrechs
1247 1309 1514 1369 ergangene
1549 1298 1638 1358 Eoßt
1673 1286 1779 1346 auff

775 1410 1034 1470 Moderation
1091 1409 1149 1469 hie
1177 1408 1235 1468 zu
1262 1402 1521 1462 verfellen.

783 1592 945 1652 Gedul
979 1587 1011 1647 an
1061 1584 1077 1644 M
1143 1578 1305 1638 Hen
1339 1569 1403 1629 den
1421 1552 1665 1612 vorgesetzte
1681 1524 1781 1584 E.

782 1687 1086 1747 Gesellschafft
1125 1677 1163 1737 zu
1202 1671 1303 1731 Ober
1328 1662 1518 1722 Gewern.
1543 1648 1620 1708 Sie
1646 1632 1785 1692 Ersuche

786 1794 881 1854 Kon
899 1786 975 1846 deß
1014 1778 1090 1838 Hl.
1127 1771 1278 1831 Aatern
1315 1761 1485 1821 Brechte
1504 1739 1713 1799 stattder

792 1879 1048 1939 abbießung
1065 1872 1355 1932 Verspwochene
1407 1861 1492 1921 G30
1526 1849 1594 1909 R.
1611 1837 1663 1897 zu
1680 1815 1799 1875 handen

792 1981 849 2041 der
906 1973 1256 2033 Gesellschaffte
1284 1963 1401 2023 dann
1444 1953 1487 2013 zu
1517 1934 1734 1994 bezuehen

808 2152 903 2212 Soll
935 2152 1045 2212 wegen
1060 2152 1124 2212 der
1139 2153 1281 2213 Maia
1312 2150 1454 2210 he
1518 2130 1706 2190 Mngen
1739 2101 1785 2161 er

812 2239 957 2299 Vertray
993 2241 1176 2301 bedeutet
1226 2242 1371 2302 werden,
1395 2237 1469 2297 daß
1530 2216 1737 2276 Kompsten

790 2317 829 2377 in
855 2319 1041 2379 Schwaben
1080 2323 1293 2383 buthersch
1318 2319 1424 2379 seye,
1450 2310 1542 2370 undt
1569 2296 1621 2356 Sie
1662 2269 1793 2329 hiemit

807 2394 892 2454 umb
905 2398 976 2458 ein
1019 2404 1188 2464 fortort
1216 2402 1273 2462 bey
1302 2395 1471 2455 desigen
1542 2360 1754 2420 Magitat

803 2458 1135 2518 anrecomendiren.

3070 193 3140 253 334
3157 196 3193 256 f.

2065 296 2223 356 bringen
2276 273 2328 333 die
2354 265 2670 325 Wehenedttegan
2735 273 2854 333 Moria
2894 279 3039 339 Salome
3078 277 3237 337 Ertzen¬

1852 463 1921 523 aen
1971 423 2017 483 e
2064 387 2183 447 ft
2206 368 2255 428 ie
2301 349 2539 409 ersehen
2563 346 2705 406 desen
2728 352 3108 412 ketenbekeun

1837 415 1856 475 g

2070 482 2170 542 undt
2192 462 2280 522 auff
2315 449 2370 509 den
2403 440 2549 500 hiettor
2571 437 2759 497 angeben
2783 437 2894 497 Mstr
2905 434 3072 494 Alllecht

1870 513 2026 573 e

2028 570 2247 630 Hagler
2272 538 2503 598 verharret,
2517 532 2602 592 das
2626 532 2736 592 Kindt
2748 532 2833 592 aber
2847 529 2932 589 seyn
2944 527 2992 587 hin
3018 518 3151 578 stundt

2061 660 2202 720 hernach
2227 630 2509 690 gestorben,
2534 620 2652 680 sogl.
2675 619 2781 679 sollen
2841 616 2947 676 beyde
2970 610 3065 670 nach
3088 601 3148 661 der

2043 742 2309 802 Ehindtbotti
2340 705 2576 765 erscheinen

2066 920 2136 980 Ihr
2179 905 2250 965 hat
2320 887 2405 947 vor
2434 875 2547 935 Ers.
2575 861 2772 921 Stettlein
2800 847 3014 907 Klöselin
3041 844 3182 904 Wiehin

2078 1010 2183 1070 durch
2213 992 2289 1052 Ihrn
2318 979 2409 1039 Sohn
2455 964 2560 1024 begn
2590 952 2697 1012 Ihnen
2726 938 2983 998 zugestoßen
3012 922 3240 982 Eherrecht¬

1855 997 1982 1057 Ms

2054 1099 2184 1159 hichen
2197 1074 2354 1134 Calomini
2392 1055 2509 1115 oMin
2522 1045 2628 1105 gnädigen
2640 1038 2744 1098 Herrn
2757 1031 2965 1091 verlanget,
2991 1022 3070 1082 daß
3108 1016 3186 1076 Ihre

2075 1184 2137 1244 Ein
2169 1158 2480 1218 Attentation
2513 1130 2684 1190 Ertheilt
2715 1115 2824 1175 weden
2857 1100 2997 1160 möchte,
3027 1085 3170 1145 daß¬

2080 1256 2202 1316 recht
2219 1230 2549 1290 ohngebührliche,
2566 1208 2671 1268 vide
2706 1196 2776 1256 Sie
2794 1187 2879 1247 vor
2916 1168 3141 1228 Ehricht

2093 1329 2444 1389 eingelanget
2466 1305 2552 1365 sye
2598 1290 2774 1350 Met.
2796 1277 2907 1337 habe
2950 1266 3036 1326 abe
3082 1254 3191 1314 frein

2064 1442 2198 1502 necht
2220 1423 2422 1483 tatten,
2444 1403 2577 1463 sonden
2599 1390 2667 1450 zie
2689 1374 2935 1434 edglehan
2957 1357 3025 1417 den
3047 1345 3249 1405 Corper¬

2069 1531 2265 1591 tirlichen
2279 1512 2433 1572 Richtver
2447 1487 2659 1547 verleisen.

2103 1667 2303 1727 Wart
2332 1651 2418 1711 H.
2446 1634 2705 1694 Chortibell
2733 1611 2936 1671 Rehnung
2964 1589 3150 1649 pasriet

1885 1711 2036 1771 hetebels

2118 1755 2211 1815 undt
2229 1749 2291 1809 ist
2323 1741 2387 1801 sc
2434 1730 2561 1790 ie
2576 1719 2703 1779 gnädigen
2719 1706 2830 1766 Hern
2845 1683 3115 1743 raedideten

1889 1786 2063 1846 Rehnung.

2079 1837 2349 1897 injungirt
2381 1817 2531 1877 worden
2636 1796 2727 1856 den
2786 1773 3028 1833 secretario
3058 1746 3283 1806 hukünftig

2084 1931 2204 1991 selle
2237 1919 2358 1979 Ehre
2392 1901 2563 1961 Grichts
2580 1883 2666 1943 tag
2699 1869 2768 1929 ein
2802 1844 3095 1904 specifilirt
3128 1829 3231 1889 Liote

2079 2015 2248 2075 allel
2272 2002 2346 2062 be
2370 1985 2566 2045 Jungen
2614 1950 2908 2010 sodihigesch
2955 1921 3104 1981 ede,
3127 1907 3300 1967 huß.

2077 2105 2316 2165 shändig,
2336 2082 2517 2142 damit
2536 2065 2637 2125 man
2678 2044 2818 2104 aüßer
2837 2027 2960 2087 möge
2979 2011 3099 2071 vlhe
3119 1994 3261 2054 schre¬

2109 2190 2345 2250 Sengse
2387 2164 2545 2224 Köster
2584 2132 2882 2192 zubehahtn
2902 2112 2960 2172 ein
3002 2096 3258 2156 Vermögen

2099 2288 2171 2348 da
2207 2281 2335 2341 sanste
2374 2270 2410 2330 in
2446 2247 2775 2307 Ernangleden
2813 2216 2903 2276 fahl
2939 2204 2996 2264 die
3014 2191 3214 2251 Rehnung

2099 2387 2192 2447 Iue
2210 2378 2320 2438 nicht
2338 2358 2596 2418 abgenaen,
2614 2331 2781 2391 ondern
2816 2311 2947 2371 lider
2965 2297 3093 2357 lunde
3131 2284 3316 2344 zuvek¬

2099 2472 2225 2532 gegebe
2257 2455 2398 2515 werden.
2430 2443 2508 2503 N.
2524 2436 2571 2496 H.
2588 2430 2634 2490 V.
2666 2416 2825 2476 Magl.
