4032 3024
907 361 1158 421 Sonstags
1190 343 1254 403 den
1269 343 1347 403 26.
1378 347 1487 407 Feb.
1504 359 1614 419 1733

1099 485 1296 545 Praeses

904 584 1154 644 Meengde
1169 574 1217 634 He
1265 572 1310 632 rHh
1389 574 1563 634 evor.

1040 658 1378 718 Assessores.

756 787 987 847 MendeHer
1009 766 1171 826 decan,
1206 757 1343 817 Fred:
1367 755 1563 815 Morell,
1575 765 1726 825 Pra.

773 871 951 931 Müller,
977 850 1140 910 Praf.
1168 833 1330 893 Mutach

752 1008 1093 1068 Scbarhenburg
1120 981 1277 1041 Praf.
1305 972 1419 1032 Krl.
1433 971 1590 1031 Dabuis
1617 978 1689 1038 deß

810 1088 1012 1148 llhiesigen
1047 1069 1178 1129 baller
1214 1057 1416 1117 meisters
1464 1057 1618 1117 Ehefrl.
1630 1063 1712 1123 habe

484 1090 639 1150 Dabuis
659 1079 772 1139 Samgel

777 1182 929 1242 Rechss
943 1161 1156 1221 anbringen
1170 1144 1307 1204 laßen,
1322 1138 1383 1198 bie
1427 1136 1503 1196 daß
1549 1136 1610 1196 der
1624 1141 1732 1201 Ber¬

485 1164 547 1224 und
559 1156 607 1216 sein
632 1147 768 1207 Ehefel.

790 1269 900 1329 Prof.
924 1257 996 1317 eint
1021 1248 1093 1308 und
1129 1236 1276 1296 andere
1312 1226 1519 1286 schrifften
1531 1227 1615 1287 Ihon
1640 1231 1724 1291 ihrem

795 1348 964 1408 Ehemand
992 1336 1147 1396 hinder
1177 1327 1246 1387 sich
1276 1321 1403 1381 habe,
1431 1315 1544 1375 durch
1558 1312 1671 1372 belche
1699 1312 1741 1372 sie

799 1440 828 1500 zu
867 1429 1033 1489 bebeisen
1083 1408 1346 1468 getraube,
1377 1396 1445 1456 daß
1494 1387 1680 1447 selbiger
1709 1385 1758 1445 sich

812 1520 877 1580 mit
898 1512 954 1572 ser
986 1499 1172 1559 francoise
1204 1484 1390 1544 Hauthier
1422 1475 1456 1535 in
1488 1470 1662 1530 Ehebruch
1685 1466 1784 1526 verr¬

795 1598 956 1658 trabet,
979 1586 1085 1646 Wann
1107 1576 1200 1636 nun
1234 1568 1293 1628 diß
1327 1561 1386 1621 Ihr
1420 1550 1617 1610 begehren
1651 1537 1755 1597 gantz

807 1681 939 1741 billich,
964 1670 1085 1730 Soend
1098 1663 1158 1723 min
1170 1656 1268 1716 gnädigen
1280 1650 1364 1710 Herren
1376 1645 1426 1705 seyn
1450 1640 1536 1700 Herrn
1548 1634 1656 1694 Pras.
1682 1628 1828 1688 frundlich

809 1760 971 1820 ansenen
997 1751 1160 1811 wollen,
1186 1741 1260 1801 alle
1299 1733 1361 1793 die
1399 1725 1562 1785 Jenigen
1588 1720 1764 1780 schrifften

793 1852 835 1912 so
857 1845 908 1905 der
941 1829 1277 1889 ballenmeister
1308 1815 1413 1875 Ihme
1456 1803 1739 1863 zugescheiben,

783 1935 940 1995 Rechde
956 1919 1162 1979 fuederlich
1178 1908 1226 1968 zu
1273 1902 1321 1962 zu
1337 1898 1510 1958 schicken

835 2071 993 2131 einnach
1017 2065 1089 2125 H.
1127 2059 1320 2119 Francois
1357 2048 1477 2108 Lonys
1502 2034 1660 2094 Berger
1696 2013 1757 2073 von
1768 1998 1867 2058 Lhenn

501 2117 657 2177 Berger
684 2108 748 2168 H.
761 2095 815 2155 .

828 2164 853 2224 Me
879 2159 956 2219 Hdg
968 2155 981 2215 H
994 2153 1044 2213 He
1071 2150 1146 2210 end
1159 2143 1427 2203 angebracht,
1439 2132 1504 2192 bie
1542 2121 1619 2181 daß
1644 2111 1682 2171 er
1709 2091 1837 2151 duch¬

516 2175 681 2235 Francris
701 2168 805 2228 Conis

805 2248 930 2308 seiner
967 2237 1182 2297 dermahlen
1206 2236 1508 2296 verstorbenen
1532 2217 1684 2277 Ehefr.
1696 2187 1821 2247 Sarals

521 2280 631 2340 Berger
660 2271 785 2331 Saraz.

819 2338 963 2398 Borger
994 2330 1199 2390 örgerliche
1232 2323 1532 2383 Auffnüehrung
1565 2306 1645 2366 und
1660 2280 1850 2340 mustlch

844 2423 1006 2483 decution
1038 2425 1088 2485 in
1120 2428 1330 2488 merkliche
1363 2427 1493 2487 ebßten
1525 2414 1687 2474 gesetzet
1703 2381 1851 2441 werde,

817 2510 882 2570 Men
907 2508 984 2568 gdge
997 2507 1010 2567 H
1024 2507 1101 2567 Her
1126 2508 1178 2568 in
1191 2510 1346 2570 gebühr
1358 2507 1552 2567 ersuchend
1577 2493 1642 2553 sie
1667 2474 1797 2534 gereht

842 2591 990 2651 gelchen
1008 2594 1099 2654 ihme
1119 2596 1247 2656 solche
1267 2599 1322 2659 zu
1340 2594 1617 2654 zusprchen.
1654 2560 1802 2620 Worn

3074 205 3149 265 333
3171 211 3193 271 f.

2038 284 2169 344 Meths
2199 252 2462 312 reetirt,
2476 242 2549 302 daß
2592 241 2637 301 Er
2651 241 2724 301 von
2739 243 2885 303 seiner
2914 250 3193 310 nunmehrs,

2038 360 2322 420 verstorbenen
2347 333 2502 393 Ehefrl.
2528 326 2644 386 darth
2657 325 2773 385 billig
2799 326 3019 386 verlaßen,
3032 328 3110 388 und
3123 328 3199 388 kuch

2031 455 2191 515 suchung
2231 431 2298 491 der
2311 416 2526 476 reunion,
2552 406 2672 466 welche
2700 403 2726 463 o
2739 403 2794 463 sie
2807 401 2913 461 solche
2941 403 3183 463 eingeacht¬

2031 539 2296 599 Richterlichen
2320 505 2488 565 befelchs
2537 490 2861 550 außgeschlagen,
2885 484 3103 544 desetbegen
3114 481 3164 541 er¬

2032 644 2100 704 sir
2117 605 2378 665 schendigung
2413 576 2605 636 gesuchet,
2622 568 2691 628 und
2725 563 2935 623 würklich,
2952 560 3003 620 den
3020 556 3196 616 Rufel.

2048 712 2267 772 gehalten,
2294 690 2334 750 in
2377 667 2609 727 namhaffte
2622 650 2758 710 kbsten
2772 640 3018 700 convtitulert
3031 641 3183 701 berden;

2036 815 2079 875 So
2123 787 2254 847 haind
2269 769 2328 829 sie
2357 754 2459 814 kann
2488 735 2723 795 bedenkens
2752 724 2970 784 getragen,
2999 718 3118 778 Ihme
3146 715 3206 775 in¬

2054 876 2192 936 seinem
2255 850 2316 910 diß
2347 831 2532 891 öhrtigen
2549 812 2719 872 billichen
2750 800 2920 860 begehren
2935 794 2981 854 zu
3012 792 3212 852 Willschen

2069 962 2141 1022 und
2169 949 2198 1009 so
2229 925 2445 985 folligleichen
2474 907 2517 967 zu
2576 889 2821 949 bebilligen,
2836 879 2895 939 daß
2938 876 2966 936 er
2995 873 3054 933 sich
3083 872 3183 932 umb

2057 1046 2146 1106 alle
2189 1021 2337 1081 fieher
2366 997 2529 1057 gantzen
2558 975 2750 1035 Proaedur
2781 962 2868 1022 halb
2884 954 3119 1014 ergangene
3134 953 3239 1013 Kosßen

2072 1129 2106 1189 so
2140 1108 2280 1168 Ihren
2314 1084 2437 1144 guth,
2454 1071 2488 1131 be
2505 1064 2558 1124 er
2575 1053 2715 1113 solcheß
2749 1042 2870 1102 beden
2889 1032 3080 1092 betratten
3097 1029 3237 1089 können,

2071 1192 2331 1252 Rechtmöglich
2348 1163 2521 1223 erfahlten
2540 1148 2625 1208 und
2642 1136 2800 1196 bezahlt
2817 1122 2973 1182 machen
2990 1111 3165 1171 möge.

2064 1344 2204 1404 Wiriß
2261 1328 2387 1388 Cons.
2415 1310 2626 1370 Abraham
2683 1286 2880 1346 Packond
2908 1273 2965 1333 Ihr
3006 1260 3245 1320 Angehenige

2110 1436 2142 1496 vo
2174 1420 2365 1480 enädigen
2381 1404 2478 1464 Hede
2510 1389 2670 1449 egert,
2686 1379 2751 1439 daß
2798 1370 2830 1430 er
2862 1365 2895 1425 so
2927 1359 3006 1419 bohl
3022 1353 3087 1413 von
3103 1347 3182 1407 der

1870 1434 2096 1494 Aondelbatben

2094 1513 2282 1573 Slicabet
2317 1491 2507 1551 Caclond
2540 1465 2797 1525 Ehrensprich
2833 1444 2953 1504 wider
2970 1432 3090 1492 Ihme
3123 1423 3210 1483 abs

1866 1526 1939 1586 Rrd
1952 1510 2067 1570 linbet

2077 1613 2150 1673 von
2179 1602 2282 1662 ihrnen
2326 1590 2369 1650 im
2415 1578 2517 1638 Xb.
2531 1564 2678 1624 letschn
2707 1552 2767 1612 zur
2811 1540 2943 1600 Weldt
2972 1524 3178 1584 gebohrnen

2098 1694 2191 1754 vund
2233 1677 2407 1737 liberiert
2433 1660 2555 1720 berden
2581 1644 2729 1704 möchte
2795 1625 2864 1685 ar
2903 1619 2917 1679 e
2930 1614 3011 1674 min
3025 1605 3133 1665 gnädigen
3146 1598 3241 1658 Herr

2080 1793 2155 1853 der
2185 1776 2381 1836 Cactond
2412 1743 2759 1803 einbendungen
2789 1717 2894 1777 nicht
2925 1704 3060 1764 beißen
3075 1694 3241 1754 konnen,

2080 1875 2145 1935 So
2179 1862 2328 1922 habind
2344 1850 2411 1910 sie
2443 1839 2526 1899 das
2543 1823 2758 1883 geschäfft
2776 1807 2892 1867 aoch
2924 1795 3024 1855 nicht
3040 1781 3271 1841 beurkeilten

2075 1959 2283 2019 sonderen
2312 1942 2401 2002 Euch
2430 1926 2639 1986 ansinen
2654 1909 2801 1969 bellen,
2832 1898 2891 1958 sie
2922 1890 3011 1950 auf
3040 1880 3204 1940 vorstag

2098 2057 2147 2117 den
2182 2050 2267 2110 8ten
2284 2036 2435 2096 Vorhey
2470 2012 2621 2072 alhae
2656 1996 2706 2056 zu
2722 1986 2875 2046 halton

2107 2171 2214 2231 Groß
2261 2158 2492 2218 hochstatten
2523 2138 2631 2198 Cons.
2647 2127 2725 2187 Ehe
2755 2116 2833 2176 und
2849 2104 2971 2164 Bator
2988 2091 3125 2151 Mechts
3142 2081 3234 2141 über

2130 2270 2190 2330 as
2210 2262 2435 2322 streitige
2457 2235 2742 2295 Ehgeschaft
2784 2201 2946 2261 bische
2989 2179 3131 2239 daniel
3151 2162 3316 2222 Aedrch

1900 2228 2105 2288 Nachdanien

1908 2299 1957 2359 Mr
1973 2306 2104 2366 Madler.

2101 2370 2177 2430 von
2207 2365 2316 2425 Rind
2346 2355 2423 2415 vnd
2455 2339 2609 2399 Madle
2640 2317 2809 2377 Berger
2840 2296 2964 2356 Ihrer
2994 2273 3270 2333 Angehörigen

2115 2459 2338 2519 abserichen
2378 2442 2501 2502 ebier
2521 2425 2665 2485 will
2685 2406 2828 2466 nöhig
2848 2390 2948 2450 sein
2968 2379 3011 2439 zu
3051 2367 3194 2427 wiser
3214 2357 3338 2417 ob¬

2121 2564 2201 2624 de
2243 2549 2446 2609 Gregen
2486 2518 2772 2578 berechsatte
2812 2492 2875 2552 und
2915 2478 3058 2538 Mutes
3078 2466 3158 2526 sich
3178 2458 3301 2518 licher
