4032 3024
467 326 600 386 32t.

467 907 608 967 Wäber
619 895 735 955 Ainna

453 984 596 1044 burren
651 965 739 1025 Ulle

486 2175 684 2235 Wyßler
702 2164 805 2224 Ullich

505 2268 668 2328 Eidaut
703 2263 798 2323 Est.

608 2325 708 2385 bekl

482 2467 592 2527 Rohr
619 2449 744 2509 Ms.

753 324 819 384 Ehe
850 307 1111 367 widersehen
1127 288 1322 348 thügen,
1354 289 1615 349 dachneädineh
1664 314 1714 374 ien

769 408 923 468 gehinen
970 384 1135 444 wollen,
1160 360 1492 420 obvernamsete
1527 371 1633 431 beyde
1658 395 1741 455 ern¬

754 506 872 566 shnen
901 484 990 544 auf
1019 466 1182 526 sonstag
1211 456 1271 516 den
1285 455 1374 515 5ten
1389 457 1492 517 meth
1506 469 1670 529 nechst¬

757 583 977 643 künfftig
1012 556 1165 616 allhar
1200 545 1249 605 zu
1284 539 1456 599 halten.

772 760 1055 820 Gugesphag
1074 736 1169 796 und
1188 722 1357 782 Kontz
1376 714 1453 774 dep
1530 712 1755 772 Außfun

778 861 967 921 Scheben
1030 839 1094 899 von
1131 822 1307 882 Gugisß
1334 811 1384 871 er
1459 805 1523 865 min
1535 802 1637 862 gnädigen
1649 800 1751 860 Herre

805 940 1106 1000 verständiget
1144 911 1328 971 worden,
1354 897 1407 957 Sie
1432 892 1498 952 daß
1536 885 1655 945 Anna

777 1033 948 1093 Waber
977 1014 1047 1074 von
1090 999 1203 1059 allda
1261 985 1404 1045 Gor-
1431 975 1558 1035 Jun-
1588 966 1701 1026 undt

781 1110 867 1170 nach
891 1100 954 1160 der
978 1087 1151 1147 genßt
1187 1078 1261 1138 zum
1311 1067 1471 1127 Vatter
1509 1057 1595 1117 Ihre
1631 1048 1706 1108 zus

770 1190 1077 1250 Aeltgekohnen
1135 1168 1306 1228 Kindts
1328 1149 1591 1209 ernämbset
1637 1133 1727 1193 habe

759 1282 893 1342 Allich
917 1273 1052 1333 buren
1076 1263 1160 1323 Auß
1210 1253 1282 1313 der
1320 1239 1503 1299 Biochern
1527 1225 1673 1285 Kirhör

800 1369 966 1429 köntz,
1000 1359 1066 1419 der
1088 1350 1177 1410 aber
1211 1341 1277 1401 Ihra
1333 1329 1444 1389 dieser
1477 1313 1688 1373 anbleget

773 1451 953 1511 gäntzlich
975 1443 1009 1503 in
1055 1436 1178 1496 aberdt
1201 1425 1302 1485 seye,
1348 1408 1539 1468 hierüber
1550 1395 1628 1455 nun
1652 1385 1775 1445 wollent

765 1536 907 1596 Rethl.
941 1530 995 1590 hn
1012 1518 1297 1578 auffgevagn
1333 1496 1458 1556 haben
1510 1478 1618 1538 beyde
1652 1464 1706 1524 im

773 1628 1022 1688 Plugations
1051 1614 1168 1674 Eydt
1211 1603 1255 1663 ad
1300 1589 1475 1649 formam
1578 1553 1798 1613 underich,

793 1706 874 1766 undt
899 1703 1169 1763 mitnötigen
1262 1687 1416 1747 bericht
1451 1676 1486 1736 so
1509 1666 1592 1726 wohl
1627 1651 1698 1711 Phre

784 1792 1061 1852 Empfangen
1102 1786 1235 1846 Eidts
1261 1774 1527 1834 Instrution
1566 1752 1646 1812 alß
1686 1731 1805 1791 habeden

783 1887 990 1947 Limbens
1017 1881 1114 1941 Son
1157 1878 1253 1938 heüt
1281 1874 1378 1934 über
1405 1863 1612 1923 dreywoch
1641 1838 1792 1898 habhaltz

798 1955 990 2015 zulaßen

804 2108 1202 2168 Sumißwaldt.
1231 2098 1303 2158 Ihm
1359 2086 1601 2146 aufftragen
1643 2068 1715 2128 den

822 2205 967 2265 Ulrich
1017 2197 1212 2257 Wyßler
1237 2190 1359 2250 undt
1395 2176 1616 2236 Elßbeth
1652 2147 1775 2207 Cibul

813 2306 899 2366 Von
933 2302 1019 2362 heint
1036 2297 1277 2357 überacht
1313 2288 1380 2348 tag
1432 2272 1638 2332 forhaltn
1657 2245 1759 2305 hubs

814 2429 929 2489 wardt
953 2429 1057 2489 Msr.
1069 2431 1151 2491 Rohr
1174 2431 1232 2491 der
1256 2428 1419 2488 Metzgen
1442 2420 1559 2480 Wirth
1594 2391 1791 2451 vermahnet

791 2515 863 2575 daß
894 2510 937 2570 Er
966 2507 1114 2567 ferner
1143 2507 1201 2567 hie
1215 2506 1260 2566 in
1275 2503 1406 2563 seinen
1435 2494 1524 2554 hauß
1567 2467 1729 2527 deßnac

811 2593 951 2653 läruen
964 2588 1133 2648 geulte,
1147 2587 1176 2647 so
1203 2587 1259 2647 Er
1273 2585 1358 2645 auch
1385 2577 1667 2637 versprechen.

1841 566 1883 626 se
1946 516 2054 576 sen

1872 1645 1952 1705 bett
1990 1629 2110 1689 barba¬

1935 1700 1985 1760 he

3061 206 3127 266 335
3156 212 3194 272 f.

2021 339 2266 399 Proolicl
2303 311 2377 371 Ver
2398 300 2586 360 Mahhe
2623 295 2660 355 r
2718 295 2868 355 ehin
2905 301 3151 361 Raselakeren

2054 432 2168 492 lher
2185 404 2462 464 angehange,
2495 391 2609 451 undt
2628 389 2724 449 habe
2742 388 2807 448 sich
2823 389 3004 449 erklaget
3036 390 3119 450 man

2059 520 2181 580 solle
2229 505 2290 565 Isr
2306 496 2445 556 Kinde
2461 489 2570 549 nicht
2585 486 2692 546 mese
2725 481 2847 541 hinder
2880 478 2941 538 Ihmn
2971 472 3157 532 gedulder

2033 624 2090 684 da
2118 610 2163 670 sie
2177 601 2248 661 doch
2276 587 2406 647 solches
2449 577 2522 637 beiß
2579 571 2708 631 hiehin
2737 566 2824 626 obe
2867 561 2925 621 der
2954 552 3169 612 Semendt

2070 704 2294 764 Entgelte
2311 676 2467 736 halten
2518 663 2552 723 d
2571 659 2605 719 e
2725 650 2795 710 e
2828 646 2898 706 e
2966 642 2983 702 n
3018 639 3052 699 u
3069 636 3086 696 f
3105 632 3209 692 gen

2044 811 2203 871 tragen
2244 784 2325 844 hach
2364 763 2583 823 wollindt
2622 743 2821 803 beielter
2841 734 2963 794 kindt
2982 727 3102 787 hunter

2064 904 2167 964 schen
2186 887 2255 947 kun
2289 867 2465 927 tollenien
2499 849 2638 909 zehdich
2655 839 2724 899 daß
2760 829 2881 889 solchs
2900 822 2934 882 zu
2968 813 3091 873 beinen

2063 998 2233 1058 hethen
2254 952 2745 1012 Eichnachtheligsen,
2766 932 2809 992 su
2830 925 2915 985 den
2936 914 3042 974 kent
3065 899 3151 959 der

2089 1090 2223 1150 Segn
2256 1062 2410 1122 bude
2443 1044 2544 1104 oder
2561 1033 2679 1093 sonst
2714 1024 2816 1084 von
2832 1016 2917 1076 Ihr
2951 1001 3203 1061 Verkandten

2068 1181 2223 1241 shht
2240 1159 2293 1219 die
2327 1140 2484 1200 Mutter
2535 1125 2622 1185 vor
2656 1118 2710 1178 der
2727 1106 3073 1166 aufboszeichung
3090 1089 3231 1149 steben

2073 1251 2470 1311 hahisehe
2495 1223 2870 1283 Vosfensale

2073 1457 2424 1517 Tollingen.
2481 1421 2592 1481 Über
2610 1408 2683 1468 die
2703 1394 2887 1454 erschein
2925 1380 2998 1440 der
3016 1372 3220 1432 berbare

2110 1552 2337 1612 Bebhe,
2359 1522 2586 1582 sondtmit
2608 1499 2721 1559 ihre
2766 1480 2948 1540 Brenen
2970 1462 3197 1522 Lathtill

2110 1655 2287 1715 sollen
2325 1636 2366 1696 M
2426 1622 2484 1682 r
2544 1609 2582 1669 e
2642 1599 2661 1659 n
2721 1584 2898 1644 eragen
2918 1569 3057 1629 habe,
3076 1559 3256 1619 zurech¬

2084 1769 2182 1829 daß
2234 1755 2283 1815 Er
2307 1743 2408 1803 ich
2433 1725 2583 1785 ains
2632 1702 2782 1762 besteg
2806 1680 3033 1740 liblse
3082 1664 3284 1724 bfeste,

2085 1871 2195 1931 Von
2231 1858 2305 1918 daß
2362 1843 2416 1903 Er
2452 1831 2526 1891 sich
2564 1804 2821 1864 konuglich
2857 1781 2895 1841 zu
2913 1772 3042 1832 seine
3060 1762 3262 1822 Schwächer

2092 1974 2354 2034 verfuge
2377 1954 2474 2014 und
2498 1930 2712 1990 schndeg
2739 1904 2809 1964 nt
2833 1880 3097 1940 gutlat,
3121 1866 3168 1926 zu

2092 2079 2363 2139 vesfe
2393 2058 2514 2118 des
2543 2039 2635 2099 en
2694 2008 2936 2068 erbandt
2998 1982 3057 2042 un
3086 1973 3241 2033 dien¬

2093 2181 2349 2241 zemahln
2370 2150 2630 2210 anschffen
2651 2123 2738 2183 und
2759 2109 2865 2169 saßt
2910 2089 3166 2149 dandtige

2086 2280 2331 2340 versuchen
2373 2263 2455 2323 daß
2495 2242 2762 2302 Mehmit
2782 2222 2946 2282 feiner
2966 2204 3213 2264 befolget

2088 2387 2240 2447 Leding
