4032 3024
450 308 605 368 136f.

448 512 616 572 Lanbo.
629 493 741 553 Berre

450 621 598 681 Paotirt
612 600 717 660 Ragl

476 2069 648 2129 Scheides
673 2060 780 2120 Hauß¬

495 2371 676 2431 Luziburchl
690 2368 794 2428 schiste

479 2459 581 2519 saldi
611 2453 772 2513 Madtena

749 373 952 433 Gurind:
991 361 1082 421 Auß
1139 356 1230 416 Iher
1269 358 1530 418 Ergesendter
1566 380 1751 440 Wordern

769 472 807 532 ben
857 467 897 527 e
935 462 998 522 nie
1010 457 1113 517 Herren
1138 454 1291 514 ursehen
1317 452 1470 512 gehabt
1495 454 1558 514 wie
1584 455 1648 515 daß

764 559 891 619 Benine
926 555 1147 615 Lambosi
1181 546 1425 606 deßaußet
1449 542 1588 602 landts
1612 544 1669 604 sich

760 656 994 716 besindenden
1021 644 1199 704 Jacques
1242 635 1503 695 Marchal
1529 634 1764 694 Fauv¬

741 746 887 806 kints
918 734 1086 794 darinder
1117 725 1264 785 kommen
1295 721 1410 781 undt
1431 719 1462 779 in
1505 718 1578 778 der
1599 718 1745 778 grißte

749 830 819 890 zum
854 826 993 886 Vatter
1018 817 1228 877 deßelben
1239 808 1497 868 ernämbset
1566 802 1707 862 habe,

745 918 878 978 Dieme
902 908 1081 968 Barser
1114 899 1193 959 Sr
1272 891 1462 951 Honden
1519 887 1563 947 zu
1608 887 1731 947 Geff

748 1004 987 1064 Sohnhafft,
1013 996 1052 1056 der
1079 991 1185 1051 aber
1210 985 1303 1045 auff
1343 976 1554 1036 beschuhene
1595 971 1767 1031 sitation

749 1098 845 1158 diese
875 1089 1058 1149 ankleydt
1096 1076 1279 1136 gäntzlich
1327 1060 1569 1120 vermeinet,
1598 1051 1762 1111 Worüber

757 1197 879 1257 Sett
911 1189 973 1249 ihm
1003 1174 1281 1234 auffgetragen
1296 1159 1403 1219 haben
1435 1145 1651 1205 wollind,
1666 1135 1775 1195 zu¬

780 1291 1059 1351 verstalte,
1078 1275 1134 1335 daß
1189 1261 1321 1321 beyde
1357 1250 1414 1310 im
1450 1233 1787 1293 Parpations¬

775 1381 963 1441 Erkundt
992 1376 1050 1436 der
1078 1368 1339 1428 lichtigkeit
1367 1355 1584 1415 deßelben
1614 1347 1714 1407 wohl

783 1474 881 1534 undt
905 1468 1124 1528 grundtlich
1161 1457 1442 1517 underchtet
1466 1446 1563 1506 undt
1587 1430 1782 1490 nachverste

775 1558 1024 1618 mitnötigen
1087 1553 1224 1613 bericht
1261 1549 1287 1609 so
1324 1544 1423 1604 wohl
1474 1532 1573 1592 Ihrer
1587 1511 1798 1571 empfangen

798 1650 915 1710 Eyde,
944 1646 1207 1706 dectentig,
1222 1640 1295 1700 als
1353 1629 1499 1689 habenden
1528 1604 1747 1664 Lümbders

795 1738 864 1798 auf
918 1738 1006 1798 fun
1023 1735 1129 1795 Ihmn
1146 1724 1394 1784 ausehtenden
1411 1710 1480 1770 tag
1516 1692 1710 1752 alluerd

790 1842 946 1902 gehalte
975 1822 1162 1882 verdindt¬

803 2042 940 2102 Wand
969 2041 1030 2101 dam
1076 2038 1198 2098 Hanß
1242 2032 1410 2092 Schieder
1439 2017 1530 2077 bist
1546 2005 1590 2065 su
1607 1987 1727 2047 seines

785 2123 962 2183 gniesung
995 2126 1204 2186 auffschub
1219 2125 1414 2185 erthelt
1461 2109 1607 2169 bißam
1656 2073 1784 2133 Martag

800 2215 913 2275 alben
946 2215 1044 2275 Acht
1059 2218 1190 2278 tag.

836 2365 904 2425 Ist
930 2363 985 2423 den
1024 2362 1174 2422 Chisten
1201 2360 1430 2420 Lugibehl
1472 2344 1592 2404 Oon
1607 2322 1728 2382 Esh.
1741 2293 1809 2353 das

825 2458 936 2518 Ihne
954 2459 1048 2519 Sten
1066 2459 1138 2519 der
1157 2459 1398 2519 Magdaken
1436 2446 1584 2506 halden
1602 2425 1695 2485 von

3090 199 3188 259 359

2056 341 2158 401 San
2177 306 2433 366 Vuthefigete
2469 297 2589 357 Kindt
2606 298 2674 358 wil
2707 302 2743 362 Er
2760 310 3136 370 schlntzleubdens

2047 437 2134 497 danf
2176 415 2277 475 duch
2291 396 2579 456 kundtschafft
2595 388 2809 448 gnugsamb
2825 391 3040 451 überlister,
3055 394 3126 454 alß

2048 525 2239 585 schehtlich
2268 504 2312 564 ad
2342 493 2488 553 formam
2562 484 2856 544 zubekentwerden
2885 485 2959 545 und
2988 487 3090 547 viler

2065 636 2106 696 to
2133 620 2217 680 nicht
2260 606 2315 666 hat
2342 596 2454 656 wollen
2469 585 2663 645 angelobn,
2678 581 2733 641 ist
2760 578 2803 638 Er
2830 568 3151 628 hinundergesetzet

2052 712 2264 772 Rd.

1865 898 2065 958 Vorsang
2126 857 2227 917 duch
2247 843 2306 903 fa.
2328 835 2387 895 S.
2407 827 2488 887 Ven
2527 819 2628 879 Thin
2648 812 2788 872 Burchn
2810 807 2951 867 Mt.
2970 800 3130 860 bricht

2054 968 2124 1028 sie
2152 954 2209 1014 daß
2251 941 2309 1001 der
2337 930 2436 990 alten
2464 919 2577 979 Rusfh
2621 910 2690 970 von
2704 904 2803 964 seines
2831 901 2931 961 Sohnt
2944 899 3185 959 dißmeligen

2051 1057 2145 1117 auf
2182 1038 2353 1098 Enthalt
2371 1016 2581 1076 gemnichte
2599 997 2809 1057 wüse.

2194 1217 2436 1277 Mottags
2477 1204 2532 1264 den
2558 1200 2640 1260 2ten
2654 1195 2762 1255 Merz
2789 1183 2939 1243 1733.

2443 1303 2663 1363 hardes

2190 1422 2389 1482 Meg
2554 1389 2718 1449 Ambo

2436 1471 2683 1531 Assessores

2283 1561 2612 1621 Mendgrr
2672 1521 2791 1581 nres

2069 1696 2242 1756 Sanen
2266 1680 2396 1740 Coro.
2438 1660 2569 1720 Uter
2593 1643 2699 1703 Ihr
2723 1624 2895 1684 bericht
2917 1609 2983 1669 S.
3004 1593 3244 1653 betestend

2122 1778 2264 1838 Vristen
2298 1756 2538 1816 Ronans
2584 1731 2664 1791 und
2698 1716 2824 1776 Jacob
2855 1699 3095 1759 Schmulhiß
3144 1696 3289 1756 Hefel.

1887 1820 1995 1880 deng
2008 1827 2116 1887 christ

2098 1872 2249 1932 welche
2294 1857 2505 1917 ungeacht
2534 1828 2822 1888 angebenden
2836 1800 3047 1860 ernstlichen
3077 1784 3275 1844 einer¬

2122 1959 2207 2019 und
2232 1943 2588 2003 betreubungen
2612 1917 2735 1977 einen
2759 1902 2845 1962 sehr
2870 1885 3091 1945 argelichen
3127 1870 3288 1930 umbe¬

1886 1935 1971 1995 Sult
2003 1942 2098 2002 Jacol

2106 2042 2235 2102 gang
2271 2033 2493 2093 geflagen,
2531 2007 2753 2067 Wollend
2789 1981 2936 2041 Rethts
2954 1964 3086 2024 Ihnes
3104 1952 3290 2012 aufgete¬

1952 2030 2030 2090 Ehrf

2098 2135 2263 2195 tragen
2290 2124 2414 2184 haben
2455 2104 2730 2164 vorstechende
2771 2077 2976 2137 Persohnen
3005 2059 3156 2119 sambt
3170 2050 3238 2110 dem

2082 2233 2357 2293 Scheelthi
2401 2215 2484 2275 auf
2528 2198 2676 2258 Sesteg
2697 2184 2762 2244 d.
2803 2173 2845 2233 2.
2889 2163 2951 2223 liß
2995 2150 3078 2210 ahe
3122 2133 3315 2193 zehalben
