4032 3024
736 321 886 381 Meßen
918 303 1037 363 Cons.
1059 287 1155 347 Urß
1210 271 1296 331 Arn
1350 266 1426 326 von
1468 278 1684 338 Reütigen

462 309 533 369 338
556 301 569 361 f

764 406 844 466 habe
883 393 964 453 sich
992 375 1178 435 erklagt
1218 362 1285 422 ihr
1298 358 1352 418 her
1406 359 1606 419 pfarrher.
1619 373 1715 433 bollen

461 441 551 501 den
587 416 677 476 Urh

767 495 850 555 ihne
907 479 1003 539 mit
1046 456 1241 516 Barbera
1282 442 1520 502 Schneider
1561 454 1603 514 fa
1660 475 1728 535 Pet

450 525 621 585 6frader
650 505 751 565 arb.

757 594 841 654 sall
892 578 957 638 ser
991 549 1309 609 Graftschafft
1342 535 1659 595 Loggenburg,
1676 556 1708 616 so

779 673 861 733 aber
906 658 942 718 zu
1001 636 1209 696 Raggerß
1245 620 1360 680 beill
1407 621 1640 681 getaufft
1663 639 1769 699 borden

776 755 902 815 nicht
917 730 1220 790 Copulierten:
1235 708 1456 768 serobege
1487 709 1615 769 Ihmen
1631 724 1775 784 aufer¬

776 852 914 912 trage
953 829 1091 889 beden,
1132 812 1229 872 bein
1248 803 1328 863 die
1348 802 1665 862 ferkundung

781 934 860 994 nach
886 925 939 985 der
979 911 1111 971 fermb
1150 895 1297 955 berden
1323 885 1641 945 vorgegangen
1654 903 1721 963 sei

759 1026 869 1086 selbe
917 1003 1074 1063 Ehelich
1105 982 1371 1042 einsegenen
1402 972 1465 1032 zu
1496 969 1671 1029 laßen.

774 1154 1208 1214 Wallgerßbeill
1254 1134 1402 1194 Cons.
1433 1129 1567 1189 Waß
1612 1126 1746 1186 Peter

775 1265 1083 1325 Stattschelet,
1109 1246 1147 1306 so
1173 1240 1249 1300 sich
1276 1231 1379 1291 mit
1417 1224 1557 1284 Maria
1609 1223 1712 1283 hiet

500 1295 748 1355 Batschelet

724 1366 952 1426 verthelichen
980 1352 1052 1412 bile
1080 1342 1152 1402 Min
1166 1333 1280 1393 gnädigen
1296 1324 1396 1384 Herrn
1424 1312 1624 1372 lagend
1653 1309 1783 1369 an¬

481 1379 638 1439 bheter

801 1454 973 1514 bringen
999 1441 1170 1501 laßen,
1198 1427 1277 1487 das
1316 1413 1528 1473 berdend
1554 1402 1620 1462 sie
1661 1398 1740 1458 auß

508 1490 603 1550 Hirt
629 1474 750 1534 Maria

788 1557 926 1617 deßen
968 1528 1342 1588 mitkommender
1384 1504 1688 1564 oittschrifft
1717 1491 1758 1551 zo

792 1649 982 1709 grsechen
1010 1633 1186 1693 haben,
1213 1620 1363 1680 worb
1389 1613 1444 1673 in
1457 1607 1567 1667 gnädigen
1581 1600 1689 1660 Herrn
1702 1593 1799 1653 fne¬

811 1731 1136 1791 aufgetragen
1165 1718 1277 1778 haben
1321 1702 1561 1762 wollend,
1576 1688 1732 1748 selben

796 1821 1026 1881 entbeders
1083 1805 1208 1865 forth
1246 1792 1438 1852 fahren,
1457 1780 1553 1840 oder
1601 1769 1697 1829 aber

803 1919 919 1979 Ihro
936 1901 1217 1961 beigerungs
1266 1883 1433 1943 geund,
1466 1873 1498 1933 so
1533 1867 1598 1927 sie
1631 1854 1747 1914 deren

815 2015 982 2075 hätten,
1007 2004 1072 2064 ein
1097 1997 1136 2057 zu
1188 1987 1342 2047 fenden

786 2133 989 2193 Sollen
1007 2120 1137 2180 Con.
1155 2108 1339 2168 Christen
1357 2084 1654 2144 Taurbulker
1690 2055 1764 2115 Ihr

503 2144 747 2204 Teurbachter

818 2203 1080 2263 Aingehörige
1117 2190 1209 2250 habe
1248 2181 1323 2241 sich
1341 2173 1415 2233 vor
1434 2160 1583 2220 Metts
1621 2131 1828 2191 erklagt,

507 2210 641 2270 Christ

833 2284 926 2344 kan
959 2278 1101 2338 wolle
1116 2272 1227 2332 ihne
1258 2263 1338 2323 mit
1369 2251 1511 2311 seiner
1542 2229 1683 2289 Eherstes
1699 2202 1809 2262 lobten

502 2293 651 2353 Weibel
688 2290 772 2350 Anna

805 2365 913 2425 Anna
940 2361 1103 2421 Sreibel
1158 2355 1240 2415 von
1267 2340 1594 2400 Radelsungen
1622 2307 1744 2367 nicht
1757 2287 1812 2347 ser

812 2441 1012 2501 hnreden,
1045 2438 1179 2498 daherg
1215 2434 1264 2494 sie
1297 2424 1549 2484 angeseugen
1566 2394 1716 2454 berdend
1751 2357 1853 2417 sele

807 2522 1045 2582 entbedert
1088 2519 1208 2579 forth
1223 2517 1326 2577 fahen
1371 2510 1475 2570 oder
1520 2495 1609 2555 ihre
1654 2460 1818 2520 begetan

820 2603 952 2663 getnd
981 2602 1040 2662 an
1070 2596 1276 2656 zusenden
1304 2588 1498 2648 zulaßen.

1825 514 1847 574 s

1849 605 1886 665 Ne
1922 564 2072 624 hteh.

1888 1449 2006 1509 H.

1910 1747 1974 1807 ohl

1921 2026 2005 2086 obte

3069 199 3207 259 339f.

2042 333 2303 393 Klffrngen.
2332 313 2391 373 Es
2419 310 2507 370 habe
2521 310 2695 370 Endtlich
2723 313 2825 373 Ruch
2854 316 2970 376 hertzg
3001 317 3058 377 Ihr

2066 429 2308 489 hingehörige
2334 405 2564 465 angelobt,
2589 403 2654 463 das
2679 406 2781 466 Ihme
2807 410 2896 470 van
2934 415 2999 475 deo
3024 420 3179 480 Elßbeth

2065 536 2221 596 Wäber
2247 517 2313 577 von
2352 508 2417 568 fir
2456 501 2625 561 fuchsöe
2665 499 2834 559 bezagen
2847 503 2900 563 bey
2951 511 3173 571 zugeignet

2063 627 2241 687 kundt,
2268 603 2336 663 alß
2391 591 2474 651 das
2500 584 2623 644 seinge
2650 583 2938 643 anzunemmen,
2965 593 3157 653 derolegen

2073 703 2160 763 Ihme
2175 687 2305 747 solches
2333 677 2421 737 auch
2449 673 2494 733 ad
2522 671 2726 731 formanm
2754 673 2827 733 alß
2856 676 3059 736 ohnerlich
3073 679 3116 739 zu

2061 789 2281 849 gesprochen
2310 767 2442 827 undt
2471 759 2588 819 beyde
2633 757 2705 817 hur
2736 758 2984 818 abbüestung
3013 763 3176 823 gehalten

2062 888 2182 948 gebey
2230 867 2399 927 hobent,
2423 856 2495 916 daß
2531 850 2590 910 die
2627 847 2771 907 Wäber
2795 845 2915 905 annoch
2952 845 3023 905 dar
3047 847 3155 907 Kindt

2080 991 2152 1051 Ein
2180 977 2280 1037 halb
2308 963 2409 1023 Jahr
2439 951 2539 1011 lang
2567 940 2782 1000 erhalten
2810 933 2926 993 solle,
2954 931 3012 991 die
3040 931 3169 991 Kösten

2071 1069 2487 1129 Gottschlagende:

2050 1216 2140 1276 alß
2190 1201 2318 1261 weiln
2345 1188 2422 1248 diß
2485 1177 2550 1237 der
2575 1165 2742 1225 Wäber
2767 1156 2819 1216 2.
2844 1146 2997 1206 fahler,
3024 1138 3087 1198 alß
3112 1131 3190 1191 soll

2082 1311 2141 1371 Sie
2186 1298 2306 1358 fahle
2335 1286 2410 1346 Sie
2441 1277 2500 1337 die
2515 1257 2903 1317 gefangenschaffte
2918 1235 3039 1295 Aloste
3068 1224 3219 1284 abzu¬

2058 1405 2180 1465 seg
2201 1387 2323 1447 nicht
2346 1365 2612 1425 vermachte,
2634 1347 2715 1407 zo
2737 1334 2880 1394 stundt
2900 1321 3003 1381 laig
3023 1311 3066 1371 am

2096 1495 2177 1555 de
2232 1472 2425 1532 fange
2480 1448 2810 1508 estltoen¬

2112 1641 2265 1701 Gedul
2297 1629 2343 1689 am
2405 1614 2606 1674 Mabhl.
2636 1592 2915 1652 Großiebel,
2930 1578 2992 1638 Ihm
3038 1567 3193 1627 deßen

2102 1740 2166 1800 zur
2204 1723 2462 1783 Executions
2502 1692 2836 1752 Veranstaltung
2876 1666 3069 1726 berichten

2114 1884 2293 1944 Rlachil
2336 1867 2382 1927 an
2425 1849 2650 1909 MH.
2739 1828 2804 1888 sch
2850 1810 3097 1870 ebshre
3118 1787 3276 1847 es¬

2115 2006 2350 2066 Elstaltes
2371 1989 2543 2049 Wäbe
2565 1975 2652 2035 Son
2673 1967 2737 2027 den
2782 1947 2996 2007 Krchtr
3038 1916 3232 1976 Bohen

2120 2096 2206 2156 fun
2234 2086 2376 2146 schandt
2405 2073 2533 2133 Viere,
2547 2066 2575 2126 so
2604 2058 2690 2118 schon
2732 2036 3074 2096 Iresoufheliche
3102 2009 3244 2069 Kinder

2122 2179 2350 2239 Erfeuget
2390 2166 2457 2226 gen
2484 2155 2646 2215 srauß
2686 2143 2738 2203 den
2793 2130 2953 2190 Kloster
2995 2111 3236 2171 Kongselden

2112 2274 2211 2334 das
2238 2261 2422 2321 ordinari
2449 2240 2731 2300 Wohenbrodt
2772 2216 2985 2276 derenthalb
3026 2196 3182 2256 habend

2103 2369 2131 2429 V
2302 2355 2361 2415 eb
2445 2342 2532 2402 das
2588 2330 2675 2390 hen
2703 2318 2790 2378 dae
2846 2302 2961 2362 ese
2992 2286 3076 2346 de
3135 2267 3251 2327 ach¬

2109 2469 2266 2529 gertig
2288 2444 2605 2504 zugefigende
2627 2419 2762 2479 Kinde
2809 2402 2919 2462 nach
2944 2389 3010 2449 ben
3032 2380 3123 2440 halb
3170 2368 3258 2428 ahr
