4032 3024
447 332 498 392 40
524 328 576 388 f.

714 391 812 451 Lang
843 378 1103 438 überlaßen
1135 370 1232 430 nach
1264 370 1573 430 Verfließung
1605 396 1752 456 deselb¬

744 473 823 533 aber
847 468 926 528 Ihre
972 462 1040 522 des
1075 454 1234 514 Wahen
1268 449 1417 509 brodt
1451 452 1668 512 gezubet

738 562 815 622 sein
840 555 969 615 stolle,
1007 544 1149 604 deßen
1176 533 1368 593 Mulchst
1407 530 1587 590 berichtet
1614 540 1729 600 wenden

751 649 833 709 mit
844 637 1135 697 freundtlichen
1182 617 1392 677 gesinng,
1403 611 1496 671 wan
1543 613 1602 673 die
1624 620 1706 680 zuth

738 736 926 796 Exsirirt
952 729 1006 789 ein
1032 723 1153 783 wede
1166 719 1233 779 be
1287 715 1527 775 MngHen
1540 716 1581 776 de.
1594 717 1635 777 F.
1661 718 1702 778 die

727 824 869 884 andurg
904 819 1000 879 thun
1023 815 1058 875 zu
1083 808 1297 868 laßen,
1320 801 1403 861 daß
1451 793 1736 853 deßthalb¬

758 917 820 977 der
845 911 1019 971 behörige
1082 903 1244 963 befelch
1269 897 1320 957 an
1357 891 1431 951 H.
1456 883 1718 943 Hooffmister

745 1016 786 1076 zu
840 1002 1114 1062 Köngfelden
1141 986 1428 1046 abgelaßen
1455 973 1621 1033 worde.

755 1174 981 1234 Gedilan
1027 1151 1283 1211 Mowhl.
1313 1131 1496 1191 Fischer
1525 1125 1540 1185 W
1616 1123 1706 1183 Sekl

770 1261 977 1321 Schiebe:
1013 1249 1183 1309 damit
1232 1230 1499 1290 dermahln
1523 1215 1620 1275 das

780 1338 1127 1398 Steitgeschäfft
1174 1319 1353 1379 zwüschen
1390 1309 1462 1369 den
1498 1295 1749 1355 Herrschafft

454 1374 723 1434 Lignenlle.

764 1444 841 1504 H.
881 1434 919 1494 zu
957 1419 1204 1479 Lignerolle
1243 1407 1359 1467 undt
1385 1398 1579 1458 deßelben
1592 1387 1774 1447 Chorgricht

772 1520 852 1580 sein
891 1508 1161 1568 Endtschafft
1191 1492 1421 1552 gewinnen
1460 1479 1670 1539 wollende

771 1610 957 1670 MeHr
1050 1593 1128 1653 rth
1145 1585 1316 1645 ersucht
1362 1569 1502 1629 habe,
1518 1554 1643 1614 auff

778 1700 997 1760 konfftign
1018 1688 1172 1748 donstag
1217 1675 1270 1735 die
1315 1664 1392 1724 diß
1446 1649 1556 1709 Gots
1578 1631 1797 1691 eingelangte

780 1780 832 1840 und
870 1781 909 1841 vo
949 1781 975 1841 en
1001 1780 1105 1840 ndge
1118 1777 1235 1837 Herren
1248 1772 1299 1832 der
1325 1765 1430 1825 N.
1455 1745 1754 1805 Appellatins

767 1860 892 1920 sammer
926 1861 1143 1921 gewaltete
1190 1854 1384 1914 Procedur
1418 1844 1499 1904 beide
1510 1837 1579 1897 Mein
1590 1830 1682 1890 gnädigen
1693 1821 1774 1881 Herr

780 1952 859 2012 zue
897 1950 1121 2010 frörterung
1146 1943 1357 2003 übergeben
1395 1934 1435 1994 zu
1448 1923 1670 1983 laßen.

793 2112 837 2172 Es
872 2109 940 2169 hat
973 2107 1064 2167 swar
1087 2107 1279 2167 Franios
1301 2104 1438 2164 Charle
1484 2093 1687 2153 Geausgne
1709 2079 1755 2139 de

488 2173 647 2233 Geausque
669 2164 764 2224 Frano

797 2202 909 2262 Wrele
951 2196 1002 2256 de
1032 2194 1064 2254 la
1095 2192 1342 2252 Montagne
1383 2188 1434 2248 de
1466 2180 1610 2240 Fiesse
1640 2157 1794 2217 Verlongt

629 2222 748 2282 harle

832 2279 887 2339 sich
909 2278 976 2338 mit
1009 2280 1199 2340 Ebisabeth
1232 2281 1456 2341 Bourpois
1478 2271 1622 2331 destees
1644 2250 1767 2310 Ambts

501 2309 676 2369 Bourgeris
688 2309 801 2369 Elirabe

815 2361 993 2421 Gferthen
1016 2357 1100 2417 ohne
1135 2359 1421 2419 Verbündung
1457 2349 1646 2409 Copulirn
1658 2323 1777 2383 laßen

821 2438 955 2498 Sihenn
996 2440 1156 2500 derselbe
1171 2443 1211 2503 ist
1224 2446 1318 2506 aber
1344 2445 1493 2505 diesers
1506 2434 1614 2494 seines
1628 2410 1775 2470 berebet

818 2515 866 2575 ab
916 2515 964 2575 und
980 2519 1079 2579 dahr
1111 2526 1226 2586 geleihe
1260 2530 1308 2590 sch
1324 2530 1521 2590 gewehntes
1553 2505 1734 2565 forduuch

830 2592 1042 2652 pralamen
1057 2606 1283 2666 zulaßen.

1847 431 2035 491 Sston

1837 713 2034 773 pelete.

1847 835 2019 895 Rs.

1883 1552 1958 1612 vegr
1972 1550 2047 1610 Hanß

1873 1648 2026 1708 rutmann

1922 1708 1994 1768 Anna

3046 206 3095 266 34
3118 208 3193 268 th.

2038 357 2190 417 Wardt
2206 338 2258 398 die
2275 328 2394 388 Mora
2427 322 2546 382 Losel
2562 322 2631 382 mit
2648 325 2750 385 hiner
2766 331 2987 391 frnschaffte
3020 337 3158 397 vrmeh¬

2754 390 2816 450 21

2039 444 2113 504 nucg
2130 420 2352 480 deutit.

2056 590 2240 650 foscheint
2268 566 2453 626 Elisabeth
2481 555 2613 615 Bloses
2626 553 2706 613 von
2746 553 2958 613 hochstetten
3010 554 3143 614 dershrt

2051 683 2199 743 Shutter
2236 656 2471 716 Kellermagdt
2496 645 2595 705 wegen
2619 642 2731 702 Ihren
2781 637 2966 697 schlimmen
2979 629 3129 689 ein¬

2029 793 2098 853 Ihn
2111 776 2182 836 den
2223 755 2375 815 Uindern
2404 745 2543 805 Publi.
2557 742 2654 802 sogt.
2668 741 2764 801 solle
2793 738 2875 798 Ihra
2904 729 3125 789 Einmonat

2049 875 2125 935 seit
2151 854 2292 914 Termin
2343 833 2625 893 Vergantseit
2651 829 2703 889 sich
2729 829 2754 889 in
2780 829 2870 889 Einen
2895 829 3024 889 Ehrliche
3050 826 3151 886 diese

2043 964 2233 1024 Vubegeben
2260 942 2396 1002 widigen
2423 929 2531 989 fahles
2546 921 2655 981 selbe
2668 916 2776 976 durch
2790 913 3103 973 dietzhorfosen

2041 1057 2137 1117 wnde
2151 1048 2192 1108 in
2219 1042 2275 1102 Ihr
2316 1029 2482 1089 heimath
2509 1016 2674 1076 gefuhrt
2701 1008 2841 1068 werden,
2868 1006 2922 1066 da
2951 1006 3143 1066 Indeßer

2046 1160 2114 1220 dem
2170 1146 2266 1206 H.
2280 1130 2501 1190 Shorkübel
2530 1116 2598 1176 ist
2613 1105 2834 1165 anbefohlen
2847 1098 2985 1158 worden,
3014 1096 3097 1156 diese

2043 1253 2271 1313 liedelich
2305 1223 2498 1283 Grepele
2515 1205 2585 1265 sich
2602 1192 2900 1252 humüeßig.

2058 1404 2245 1464 Wig.
2272 1386 2445 1446 Demnach
2472 1378 2553 1438 vor
2593 1372 2712 1432 Nohfs
2740 1368 2927 1428 gelanget
2954 1362 3007 1422 das
3033 1354 3234 1414 Matrimo¬

2075 1492 2172 1552 mal
2208 1483 2405 1543 geschäfft
2441 1472 2673 1532 entzwüschen
2723 1460 2832 1520 Hanß
2869 1449 3028 1509 Scheyer
3053 1442 3090 1502 ab
3114 1438 3175 1498 dem

2070 1594 2153 1654 Mor
2201 1576 2405 1636 Kichhöre
2452 1562 2583 1622 könitz
2595 1556 2667 1616 und
2726 1547 2857 1607 Anna
2918 1532 3192 1592 Bauwmann

2068 1694 2156 1754 Von
2223 1676 2332 1736 Buch
2376 1657 2598 1717 Kirchhöre
2641 1639 2872 1699 Fümplitz
2894 1628 2983 1688 dera
3016 1620 3149 1680 Vatter
3160 1613 3225 1673 aber

2076 1778 2154 1838 sich
2170 1771 2234 1831 auß
2297 1756 2455 1816 Graunbt
2487 1742 2614 1802 dieser
2630 1728 2788 1788 Petres
2804 1714 2993 1774 Pachung
3027 1701 3105 1761 sehe

2078 1862 2182 1922 ohne
2205 1854 2264 1914 sein
2287 1842 2497 1902 vorwüßen
2544 1828 2625 1888 noch
2661 1811 2964 1871 Einwilligung
3010 1797 3185 1857 beschehen

2066 1957 2183 2017 haben
2222 1949 2273 2009 e
2313 1941 2378 2001 ne
2390 1933 2482 1993 Hren
2508 1924 2548 1984 ich
2573 1911 2808 1971 Erduwrung
2846 1900 2899 1960 des
2912 1897 2963 1957 soch
3002 1894 3172 1954 Einhalig
3198 1894 3223 1954 zu

2079 2041 2355 2101 Rochthebent
2371 2015 2792 2075 undetgesprochen,
2823 1998 2887 2058 daß
2937 1989 3001 2049 l
3033 1982 3099 2042 die

2103 2132 2400 2192 beuhmann
2442 2106 2697 2166 versachte
2742 2085 2911 2145 gestadth
2932 2065 3187 2125 seiminter

2081 2237 2166 2297 den
2211 2225 2369 2285 Schwyer
2383 2209 2556 2269 auffacht
2586 2196 2657 2256 und
2686 2183 2830 2243 Endtlich
2844 2173 2917 2233 nit
2931 2166 3004 2226 und
3033 2158 3089 2218 die
3104 2153 3177 2213 Ehe

2072 2334 2359 2394 versprahen
2402 2314 2536 2374 oande,
2558 2302 2625 2362 das
2646 2291 2735 2351 Pere
2756 2277 2888 2337 findt
2912 2263 3022 2323 von
3043 2251 3153 2311 Ver

2096 2436 2356 2496 tmpfang,
2374 2423 2414 2483 so
2450 2410 2579 2470 haben
2655 2386 2768 2446 dise
2786 2372 2841 2432 Er
2878 2348 3140 2408 vrspachung
3158 2327 3250 2387 auch

2092 2527 2183 2587 nich
2222 2518 2463 2578 Rihehich
2499 2500 2593 2560 ufe
2612 2489 2687 2549 hoch
2724 2472 2873 2532 wrdens
2891 2456 2948 2516 bie
2985 2443 3076 2503 von
3097 2430 3207 2490 Ihre
