4032 3024
437 313 517 373 342
543 320 585 380 f.

730 379 944 439 shwenger
960 360 1059 420 undt
1076 351 1159 411 das
1175 340 1472 400 sazmeßige
1504 350 1620 410 Alte
1636 372 1770 432 raichte

745 468 833 528 undt
845 458 1085 518 überstign,
1110 444 1199 504 Auß
1249 435 1375 495 diesen
1425 431 1603 491 gründen
1615 442 1717 502 Sie¬

733 553 824 613 Ihme
846 552 970 612 sambt
993 546 1072 606 dera
1128 534 1241 594 leibes
1263 523 1423 583 frucht
1456 515 1525 575 alß
1569 516 1694 576 Ehelich

730 636 955 696 Eueschehe
987 629 1036 689 ein
1052 623 1180 683 solte.
1214 614 1308 674 Alß
1357 604 1438 664 Wie
1470 601 1551 661 nun
1567 600 1647 660 hat

734 737 785 797 ad
806 727 940 787 formum
1042 710 1115 770 der
1155 692 1423 752 Bautmann
1465 678 1630 738 Vatter

748 816 830 876 sat
843 808 1062 868 ieuiirt.
1075 794 1252 854 accord:
1280 783 1430 843 Actl.
1457 775 1552 835 26.
1567 772 1717 832 Febrl.

736 896 1025 956 Approbatum
1095 884 1150 944 2.
1163 879 1328 939 Marty

733 1043 918 1103 Aten
963 1026 1174 1086 Heinach
1197 1011 1312 1071 Hanß
1382 989 1705 1049 bettestenn

455 1177 563 1237 bobte
609 1159 674 1219 sin
696 1148 763 1208 hac
806 1136 871 1196 ven
893 1121 1047 1181 behtel
1093 1107 1158 1167 des
1179 1095 1355 1155 beban
1377 1073 1707 1133 houffstlben

464 1253 581 1313 hoff
601 1231 757 1291 Asoben
798 1214 855 1274 von
894 1198 1110 1258 Ooberbat
1131 1181 1345 1241 Kochher
1386 1164 1621 1224 hertogen

764 1291 893 1351 Fuche
933 1285 985 1345 die
1023 1279 1088 1339 Ehe
1114 1267 1334 1327 versprochen,
1361 1252 1477 1312 undt,
1504 1240 1673 1300 selbige,
1685 1232 1738 1292 alß

570 1296 685 1356 bara:

785 1367 845 1427 die
876 1365 955 1425 Von
1016 1356 1117 1416 Ihme
1157 1342 1368 1402 schwanger
1408 1322 1670 1382 zuEhelichen

781 1442 938 1502 begehrt
983 1436 1038 1496 die
1095 1423 1332 1483 Gemeindt
1365 1404 1556 1464 lotzheil
1589 1387 1680 1447 aber

777 1525 848 1585 sich
871 1520 920 1580 der
955 1510 1205 1570 bezeüchung
1252 1496 1370 1556 dieser
1394 1487 1478 1547 Ehee
1525 1478 1583 1538 wie
1607 1464 1763 1524 auß¬

790 1607 965 1667 beylang
1008 1597 1213 1657 zuersechen
1228 1581 1474 1641 Lindersetzet,
1490 1562 1577 1622 vundt
1606 1542 1768 1602 Meh.

797 1693 939 1753 laube
970 1686 1034 1746 ihr
1064 1679 1207 1739 gedachn
1239 1669 1381 1729 wolten
1397 1656 1554 1716 laßen
1618 1624 1824 1684 haendt.

785 1774 926 1834 dieselb
951 1767 1027 1827 mit
1052 1761 1296 1821 Einhaligen
1333 1750 1449 1810 mehr
1474 1731 1678 1791 befunden

781 1846 870 1906 andt
894 1849 1041 1909 fokeit,
1074 1846 1165 1906 daß
1210 1837 1301 1897 wilg
1334 1828 1402 1888 der
1436 1806 1786 1866 bottenstein¬

779 1920 884 1980 nicht
906 1928 977 1988 das
988 1930 1163 1990 geringste
1222 1921 1292 1981 auß
1338 1912 1396 1972 dem
1455 1895 1653 1955 Allmoße
1687 1882 1782 1942 gr¬

769 2008 931 2068 gosten
972 2014 1039 2074 das
1067 2012 1189 2072 Altzo
1216 1998 1500 2058 derchwantzi
1540 1973 1676 2033 Jahrn

789 2089 936 2149 frecht
964 2095 1017 2155 er
1043 2098 1124 2158 zum
1179 2094 1406 2154 Kueyszug
1448 2075 1623 2135 bewahrt
1662 2049 1757 2109 seine

791 2191 912 2251 breut
928 2194 996 2254 sch
1030 2194 1133 2254 oange
1167 2192 1237 2252 und
1270 2188 1321 2248 kie
1340 2183 1391 2243 so
1408 2175 1511 2235 woss
1528 2162 1631 2222 also
1648 2149 1682 2209 Er

777 2281 936 2341 starke
949 2281 1043 2341 undt
1069 2281 1309 2341 Arbitsamme
1348 2272 1468 2332 leutl
1508 2247 1680 2307 beschien

819 2359 1007 2419 wordenn,
1024 2363 1110 2423 und
1144 2365 1228 2425 Auch
1264 2362 1349 2422 nach
1366 2352 1503 2412 Anser
1538 2318 1794 2378 Eyeterflict

828 2437 995 2497 bgelegen
1008 2443 1058 2503 sen
1072 2446 1148 2506 soll
1213 2445 1303 2505 Stiel
1342 2435 1483 2495 Ehendo
1508 2411 1702 2471 Ehrliche

817 2515 963 2575 Kinder
979 2524 1061 2584 also
1077 2533 1274 2593 Bastores
1290 2535 1340 2595 zu
1372 2523 1651 2583 pflantzen,
1667 2482 1781 2542 deße

3062 196 3212 256 343f.

2049 333 2271 393 hottenstein
2287 294 2574 354 sihnambsende
2605 284 2716 344 Vogt
2732 286 2858 346 danino
2892 289 2954 349 und
2970 291 3050 351 nach
3065 293 3210 353 abste¬

2040 443 2101 503 ah
2121 421 2204 481 seie
2225 398 2392 458 flten
2412 383 2496 443 sir
2516 377 2721 437 Vestrell
2764 379 3012 439 dertheluchg
3032 385 3177 445 finher

2073 501 2392 561 hinderlaßendes
2418 473 2584 533 mitttre
2634 466 2725 526 nicht
2750 466 2826 526 aber
2851 466 2929 526 über
2954 466 3030 526 seine
3044 468 3158 528 ferschen

2063 608 2100 668 zu
2137 583 2300 643 disponig
2326 565 2463 625 gesetzet
2488 555 2663 615 worden,
2700 550 2837 610 hiemit
2850 547 2901 607 der
2926 541 3113 601 Renendt

2062 688 2220 748 Lotiel
2246 663 2514 723 angebrachte
2552 648 2736 708 Gründt
2760 642 2870 702 gantz
2882 633 3176 693 ohngsatzenstig

2085 778 2174 838 und
2212 769 2326 829 beyder
2351 763 2376 823 so
2403 757 2580 817 folglich,
2592 751 2656 811 alß
2694 745 2821 805 Ehrlich
2858 735 3151 795 zusamebekent

2076 875 2142 935 sen
2164 864 2276 924 sollen.
2298 855 2377 915 Alß
2421 846 2533 906 Wie.
2556 841 2611 901 die
2646 832 2846 892 Genedt
2879 823 3013 883 botheil
3047 813 3249 873 scumis¬

2078 959 2286 1019 auordit:
2300 935 2444 995 Act.
2469 925 2535 985 26.
2561 919 2717 979 fobrl.
2730 911 2901 971 passatt
2914 907 2952 967 et
2978 902 3109 962 Apprit
3136 893 3226 953 hodio

2220 1092 2491 1152 Sonstags
2520 1075 2565 1135 den
2581 1071 2670 1131 5ten
2701 1066 2821 1126 Mertz.
2836 1059 2973 1119 1735.

2486 1164 2709 1224 Praesides

2373 1235 2617 1295 Megide
2633 1217 2665 1277 en
2713 1210 2764 1270 r.

2482 1300 2685 1360 Assessores

2093 1385 2158 1445 Men
2172 1381 2252 1441 gd
2265 1373 2452 1433 eHeen
2479 1364 2586 1424 Fred.
2612 1356 2812 1416 Morell,
2825 1348 2960 1408 Fräf.
2973 1341 3133 1401 Müler,
3161 1335 3268 1395 Praf.

2098 1464 2276 1524 Mentach,

1894 1593 2024 1653 zedtehl
2055 1583 2105 1643 ich
2121 1576 2202 1636 er.n
2218 1566 2331 1626 Jahren
2379 1551 2558 1611 Rindlich
2590 1535 2753 1595 zwieder
2769 1526 2834 1586 von
2866 1519 2979 1579 alhier
3011 1512 3076 1572 mit
3108 1506 3174 1566 Ifr

2106 1652 2275 1712 Salone
2310 1637 2504 1697 Elihabeth
2528 1622 2661 1682 König
2686 1612 2769 1672 auch
2793 1606 2854 1666 von
2878 1598 2987 1658 allhier
3023 1588 3143 1648 Kirchen
3155 1582 3252 1642 recht

1893 1655 1997 1715 Pudolgh

2107 1731 2148 1791 zu
2190 1720 2329 1780 hallten
2358 1702 2607 1762 bewilliget.

1879 1741 2071 1801 Srgffel.

2408 1786 2587 1846 Praf.
2601 1766 2794 1826 Säthing
2840 1752 2942 1812 Ado.
2957 1745 3031 1805 ivon
3047 1739 3135 1799 Oeg.
3150 1732 3300 1792 Schmalz

1887 1804 1939 1864 Der
1951 1803 2107 1863 liheabeth

2141 1950 2228 2010 Her
2257 1942 2390 2002 Josnoh
2434 1927 2566 1987 Heof
2595 1917 2655 1977 von
2685 1903 2919 1963 Mellheimb
2948 1888 3023 1948 auß
3052 1881 3110 1941 dem
3155 1872 3303 1932 Thus¬

1899 1950 1968 2010 Noch
1982 1944 2092 2004 Joseoch

2170 2033 2247 2093 umb
2284 2026 2373 2086 mit
2398 2018 2487 2078 Ifrl
2537 2001 2727 2061 Catharina
2766 1981 2905 2041 Stähli
2930 1971 2981 2031 von
3006 1966 3095 2026 thun
3120 1960 3246 2020 kurchen

1898 2039 1913 2099 s

1966 2046 2130 2106 schreind

2133 2128 2233 2188 neicht
2261 2118 2289 2178 zu
2333 2107 2476 2167 hallten
2506 2086 2777 2146 bewilliget.

2137 2251 2231 2311 Wey
2305 2244 2352 2304 a
2425 2230 2593 2290 Wile
2640 2208 2784 2268 ese
2831 2189 2904 2249 Jd
2975 2173 3048 2233 ler
3095 2154 3287 2214 bescheg

1910 2285 1955 2345 ver
1983 2290 2102 2350 hristen

2126 2334 2245 2394 alles
2277 2320 2517 2380 ferstlichen
2548 2296 2788 2356 vermahn-
2818 2278 2924 2338 undt
2954 2257 3225 2317 betrbungen

2134 2409 2353 2469 ohngraht
2386 2401 2419 2461 in
2438 2394 2572 2454 seinem
2638 2383 2689 2443 se
2706 2369 2924 2429 anstäffig
2957 2352 3042 2412 alst
3058 2335 3277 2395 Ergerlichen
