4032 3024
435 316 536 376 344l

453 886 586 946 hegl.
606 869 776 929 Chistein

468 1292 775 1352 Bintlisfarges

571 1372 689 1432 Jacob

461 1455 660 1515 Ruprecht
685 1448 771 1508 Anna

740 394 834 454 Laben
858 386 954 446 Laut
989 378 1085 438 Ihres
1108 371 1228 431 bericht
1251 366 1429 426 schebens
1455 365 1668 425 fortfahrt

723 475 841 535 woled
866 466 924 526 Mein
949 461 1044 521 gnädige
1056 455 1152 515 Herren
1164 452 1258 512 Ihnen
1306 448 1616 508 Auffgetragen
1627 448 1724 508 haben

732 560 850 620 selbe
879 553 983 613 auff
1012 540 1291 600 künftigen
1320 529 1513 589 Montag
1556 531 1718 591 hehalten

757 636 932 696 zubasten

803 809 992 869 Christina
1043 795 1194 855 Higl.
1219 786 1296 846 soll
1321 782 1358 842 am
1397 779 1573 839 Montag
1612 785 1675 845 mit

775 898 883 958 Eütem
943 884 1317 944 außgeschoßenen
1340 868 1425 928 Von
1461 862 1642 922 Wohlen

754 978 983 1038 erscheinen.

751 1138 955 1198 Lauppen
996 1130 1091 1190 undt
1118 1125 1200 1185 Inß
1255 1118 1308 1178 sep
1363 1108 1527 1168 daredene
1540 1099 1648 1159 gnädigen
1662 1091 1759 1151 Herer

791 1237 851 1297 das
877 1230 1173 1290 Matrimonial
1208 1214 1304 1274 undt
1338 1194 1582 1254 Consistorial
1608 1178 1747 1238 geschafft

782 1318 946 1378 züschen
994 1307 1120 1367 Jacob
1158 1289 1506 1349 Gündtlißferger
1554 1270 1661 1330 Won

788 1404 963 1464 Lauppen
1008 1392 1095 1452 undt
1127 1384 1259 1444 Anna
1313 1371 1511 1431 Ruprechst
1554 1360 1631 1420 von

790 1489 983 1549 buttehen
1045 1470 1249 1530 erdeuteret
1310 1454 1474 1514 habundt
1494 1439 1679 1499 dieselben

771 1566 907 1626 grbent,
919 1562 995 1622 daß
1044 1556 1155 1616 weilen
1194 1549 1243 1609 Sie
1280 1544 1342 1604 Ihr
1367 1528 1554 1588 ansprach
1566 1512 1641 1572 mnit

767 1640 1021 1700 gsetzmeßig
1069 1631 1312 1691 bescheinigen
1337 1614 1523 1674 können,
1546 1599 1569 1659 so
1592 1584 1708 1644 sollen

760 1718 816 1778 Sie
839 1718 908 1778 von
953 1715 1159 1775 Einander
1181 1706 1296 1766 ledig
1331 1690 1546 1750 gesprochen
1570 1668 1673 1728 sein,
1696 1650 1764 1710 undt

771 1802 951 1862 zumahle
1004 1801 1042 1861 Er
1080 1798 1184 1858 durch
1209 1782 1533 1842 Kundtschafft
1546 1743 1738 1803 überleisen

777 1891 912 1951 torden
945 1888 1014 1948 bey
1066 1886 1149 1946 Ihre
1184 1879 1319 1939 getegen
1336 1864 1507 1924 zusein,
1523 1842 1608 1902 soll
1642 1819 1694 1879 der

790 1986 1159 2046 Güntlißferger
1173 1979 1256 2039 neb
1300 1972 1356 2032 den
1398 1956 1583 2016 heutige
1597 1929 1724 1989 Kösten

778 2068 904 2128 annoch
929 2068 993 2128 die
1017 2066 1170 2126 Zeugen
1194 2063 1233 2123 so
1258 2059 1334 2119 Sie
1371 2051 1410 2111 zu
1447 2031 1649 2091 stellung
1662 2001 1738 2061 shre

782 2152 1105 2212 bekißthumbt
1131 2150 1293 2210 erlitten
1347 2137 1577 2197 zubezahlen
1616 2105 1738 2165 haben

767 2245 823 2305 da
866 2242 1068 2302 Indeßen
1096 2242 1138 2302 Er
1182 2236 1541 2296 Güntlißferger
1569 2208 1699 2268 teilen

784 2332 819 2392 Er
856 2330 909 2390 bey
929 2330 1000 2390 Ihm
1055 2330 1163 2390 gelg
1200 2327 1344 2387 bißam
1381 2310 1579 2370 Montag
1597 2272 1778 2332 hiendes

778 2413 941 2473 gesetzet,
965 2411 1029 2471 Sie
1041 2413 1129 2473 aber
1166 2413 1242 2473 alß
1267 2411 1343 2471 auß
1392 2406 1493 2466 Ihrer
1518 2390 1668 2450 mundt
1682 2365 1781 2425 ge¬

776 2494 955 2554 erichtet,
987 2496 1062 2556 fur
1091 2501 1318 2561 abbüeßung
1362 2497 1528 2557 gehalten
1543 2474 1710 2534 worde.

1857 543 1885 603 1

1857 865 1975 925 pter
1994 830 2093 890 iten

1841 941 2058 1001 sottalie

1889 1548 2084 1608 Cyperolll:

3108 187 3164 247 34

2114 419 2263 479 Wadt
2288 406 2350 466 der
2375 399 2475 459 Einte
2513 392 2638 452 Kucht
2650 388 2699 448 deß
2750 386 2862 446 Msr.
2886 383 3098 443 Dauskeimbt
3110 381 3235 441 Einmahl

2066 515 2197 575 bißam
2247 482 2397 542 Mortag
2429 472 2627 532 hieunder
2643 470 2793 530 gesehet
2827 463 2958 523 worden

2065 664 2303 724 Lauppen.
2329 644 2422 704 Me
2435 635 2528 695 H.
2541 626 2700 686 habindt
2715 620 2767 680 Ihr
2807 613 3032 673 Wegerungs
3045 608 3178 668 grundt

2086 749 2188 809 wider
2210 736 2267 796 die
2289 718 2550 778 vorhabelde
2595 704 2663 764 Ehe
2708 698 2776 758 deß
2810 692 2969 752 blinden
3002 682 3184 742 Rudolff

2107 821 2259 881 Webers
2289 804 2381 864 von
2411 796 2493 856 die
2544 787 2636 847 mit
2666 780 2808 840 Ursale
2860 769 2982 829 Faore
3022 754 3104 814 von

2094 908 2241 968 hagens
2257 893 2306 953 so
2322 882 2485 942 bunder
2501 866 2732 926 gefunden,
2748 857 2812 917 daß
2845 847 2976 907 Mehli
2992 834 3139 894 selbige

2086 987 2303 1047 zumahlen
2343 967 2465 1027 beyde
2507 955 2629 1015 belut
2655 944 2777 1004 kan,
2819 935 2872 995 Er
2886 927 2994 987 dann
3008 917 3103 977 auch
3116 904 3224 964 wegen

2080 1079 2203 1139 seiner
2230 1055 2450 1115 blindtheit
2477 1038 2629 1098 außert
2656 1030 2725 1090 den
2765 1020 2999 1080 stordtist,
3012 1011 3081 1071 sich
3108 1003 3217 1063 undt

2097 1161 2189 1221 seine
2217 1134 2524 1194 nachkämlunge
2550 1119 2778 1179 zuerhalten
2805 1111 3045 1171 aufgehoben
3059 1101 3166 1161 undt

2103 1249 2224 1309 deße
2258 1235 2312 1295 Sie
2329 1218 2606 1278 nachrchtlich
2642 1197 2868 1257 verständig
2903 1184 3078 1244 wolle.

2093 1412 2325 1472 Pferthen
2354 1394 2499 1454 Praf.
2513 1381 2659 1441 damit
2689 1367 2878 1427 donate
2921 1356 2978 1416 der
3009 1345 3255 1405 steithandel

2119 1505 2291 1565 Wüschen
2319 1494 2391 1554 dem
2447 1475 2806 1535 herrschafftehl.
2820 1462 2864 1522 zu
2906 1450 3165 1510 Lignerolle

2105 1594 2200 1654 mit
2240 1584 2430 1644 dasigen
2470 1564 2728 1624 Consistorio
2755 1547 2863 1607 seine
2905 1529 3202 1589 Endtschafft

2086 1681 2302 1741 gewirne
2359 1659 2561 1719 Vollent
2589 1650 2690 1710 nänigen
2704 1644 2819 1704 Hrren
2834 1640 2892 1700 den
2920 1635 2993 1695 H.
3021 1623 3224 1683 Praef¬

2113 1772 2360 1832 freundtlich
2385 1752 2546 1812 ersucht
2596 1739 2769 1799 haben,
2793 1729 2867 1789 die
2904 1720 3040 1780 under
3077 1705 3201 1765 seinen

2114 1880 2200 1940 H.
2214 1863 2385 1923 Ambte
2401 1841 2643 1901 Sorfahren
2672 1827 2730 1887 den
2758 1822 2800 1882 10
2830 1814 2958 1874 July.
2972 1806 3087 1866 1732
3131 1794 3332 1854 deßt¬

2119 1963 2240 2023 wegen
2282 1948 2512 2008 eraichteten
2539 1928 2784 1988 Procedut
2797 1913 2934 1973 fahls
2948 1907 3014 1967 Sie
3043 1902 3096 1962 der
3124 1898 3191 1958 H.
3204 1896 3315 1956 Sras.

2141 2052 2317 2112 beyder
2342 2038 2444 2098 stell
2481 2023 2672 2083 hätten,
2709 2009 2798 2069 oder
2823 2001 2937 2061 aber
2950 1996 2987 2056 in
3012 1986 3240 2046 mangel

2124 2153 2352 2213 deselben
2406 2133 2475 2193 Sie
2512 2122 2617 2182 von
2651 2111 2723 2171 der
2757 2098 2968 2158 Ehrbark.
2985 2090 3039 2150 zu
3073 2083 3336 2143 Liqnerolle

2134 2246 2359 2306 abforden,
2374 2230 2487 2290 und
2518 2219 2565 2279 se
2597 2210 2662 2270 e
2758 2193 2902 2253 eHerr
2934 2180 3190 2240 übermachen

2119 2334 2310 2394 zulaßen
