4032 3024
440 307 517 367 346
531 307 582 367 f.

733 384 945 444 Heculam
993 360 1206 420 Muth.
1240 351 1535 411 Guchhalter
1551 376 1732 436 Ruchenern

769 474 862 534 über
875 463 1075 523 Melehe
1088 453 1128 513 ein
1141 439 1582 499 gebeenschaifftliche
1608 457 1754 517 berichte

452 531 612 591 Touret
643 514 741 574 Ran¬

782 560 831 620 sie
869 561 932 621 der
956 555 1055 615 Jean
1094 543 1280 603 Toviren,
1306 535 1331 595 so
1355 533 1418 593 sich
1442 532 1480 592 im
1517 539 1681 599 Sfitahe

439 611 559 671 Meyer
574 597 650 657 Cora
664 581 771 641 Mir

747 650 853 710 beid
879 647 931 707 ein
945 644 1051 704 gnädigen
1064 637 1169 697 Herren
1182 631 1221 691 de
1261 625 1326 685 F.
1354 619 1446 679 zur
1472 618 1750 678 verpfleg¬

765 728 841 788 seye
870 722 1204 782 anreuomendirt
1233 703 1377 763 worden,
1396 697 1490 757 wole
1539 694 1567 754 e
1615 694 1644 754 de
1663 699 1750 759 Hn

767 811 853 871 Ihme
876 807 1007 867 Mndigen
1018 802 1104 862 Heren
1115 795 1333 855 bedeüten,
1366 788 1432 848 daß
1475 786 1509 846 uin
1530 785 1573 845 in
1584 785 1672 845 gnädigen
1683 787 1760 847 Herr

762 896 831 956 diß
865 890 992 950 Kindt
1027 880 1304 940 verpflegen,
1338 871 1533 931 dieselben
1557 869 1603 929 Er
1637 868 1707 928 auch

762 975 901 1035 dhaobey
922 965 1083 1025 betenden
1104 957 1286 1017 laßen,
1330 953 1394 1013 die
1415 949 1597 1009 Mutter
1618 944 1694 1004 aber

755 1060 869 1120 Anna
901 1051 1015 1111 Maria
1057 1044 1182 1104 Meyer
1224 1038 1316 1098 Gar
1359 1030 1598 1090 Speitenbach
1630 1019 1733 1079 Ambt

768 1132 887 1192 baden
899 1131 960 1191 ist
971 1129 1080 1189 durch
1104 1126 1164 1186 die
1188 1119 1380 1179 Pfrofose
1404 1111 1476 1171 auß
1511 1105 1572 1165 dem
1608 1094 1727 1154 landt

753 1222 943 1282 geführt,
971 1220 1066 1280 vndt
1093 1216 1174 1276 Ihre
1201 1211 1337 1271 solches
1364 1203 1405 1263 zu
1458 1187 1690 1247 betretten

791 1316 848 1376 bey
873 1312 1117 1372 Commination
1176 1296 1421 1356 derschallen
1433 1272 1691 1332 wobstraff

772 1407 975 1467 verbotten
999 1399 1167 1459 worden.

809 1520 823 1580 H

831 1585 1000 1645 Alßbeth
1039 1575 1130 1635 Stub
1196 1567 1286 1627 Von
1326 1558 1521 1618 Fursellen
1535 1546 1704 1606 Kilchhör

483 1588 617 1648 Stubz
646 1577 798 1637 Elsbt.

794 1672 1020 1732 Münsingen
1057 1666 1116 1726 ist
1139 1662 1271 1722 tih,
1296 1654 1343 1714 Es
1378 1642 1535 1702 allhier
1558 1621 1760 1681 verdächtig

778 1759 963 1819 bezoger,
989 1754 1215 1814 eingesetzt
1227 1744 1360 1804 werden
1399 1734 1466 1794 für
1505 1726 1545 1786 10
1571 1719 1638 1779 tag
1677 1707 1769 1767 lange

796 1851 892 1911 undt
906 1849 988 1909 soll
1015 1847 1110 1907 nach
1137 1842 1424 1902 Verfließung
1465 1821 1643 1881 derselben
1656 1799 1739 1859 iches

788 1939 1036 1999 vorgestellt
1050 1931 1194 1991 werden.

793 2038 866 2098 Sage
909 2031 983 2091 Wir
1014 2026 1161 2086 Richter.

798 2123 905 2183 Aber
935 2125 997 2185 ein
1027 2125 1227 2185 Einkommen
1244 2119 1381 2179 besele
1427 2110 1474 2170 on
1519 2088 1703 2148 Mngeen
1720 2057 1796 2117 und

807 2210 1042 2270 beygelegener
1068 2210 1224 2270 Suppl.
1237 2207 1290 2267 deß
1343 2201 1434 2261 Dean
1499 2180 1668 2240 francois
1694 2154 1785 2214 Ar¬

478 2195 672 2255 Arpeand
696 2193 788 2253 Jear¬

602 2254 781 2314 Francois

801 2299 953 2359 peand
988 2296 1048 2356 von
1095 2293 1270 2353 Bussins
1318 2286 1494 2346 daidurch
1529 2276 1577 2336 Er
1589 2268 1647 2328 sich
1670 2252 1777 2312 Mos

801 2377 923 2437 urtheil
961 2377 1047 2437 von
1071 2380 1121 2440 12
1157 2382 1293 2442 Jan.
1305 2379 1465 2439 besthin
1502 2356 1724 2416 beschwert

809 2465 970 2525 habent
999 2466 1160 2526 dieselbe
1190 2470 1219 2530 in
1247 2468 1482 2528 Erdaukung
1512 2454 1571 2514 der
1628 2424 1746 2484 Aentor

1858 774 1910 834 de

1863 846 1889 906 d

3077 196 3124 256 34
3160 201 3220 261 7l.

2027 318 2161 378 Wucsse
2191 289 2327 349 bertoagn
2342 277 2462 337 laßen,
2477 275 2523 335 daß
2567 276 2687 336 Mehe.
2701 278 2733 338 er
2762 283 2913 343 lediglich
2943 284 2987 344 bey
3018 280 3182 340 bemelte

2058 410 2136 470 Ihre
2161 382 2290 442 Urtheil
2328 365 2509 425 bewenden
2536 364 2677 424 loßert
2690 367 2728 427 so,
2742 369 2793 429 daß
2833 371 2896 431 der
2922 369 3103 429 Arpeand

2054 503 2080 563 in
2106 486 2185 546 folg
2197 466 2366 526 derselben
2406 454 2484 514 wach
2511 452 2562 512 der
2588 451 2797 511 Ordnung,
2823 453 2901 513 alß
2927 453 3032 513 fürs
3059 451 3123 511 der

2063 598 2144 658 drey
2170 575 2291 635 ledige
2319 557 2453 617 fähles
2466 550 2641 610 begangen
2654 548 2829 608 angeschen
2842 552 2937 612 undt
2965 555 3192 615 abgestrafft

2431 607 2538 667 getat

2488 647 2611 707 nahab
2623 646 2648 706 er
2674 647 2884 707 MngHre
2908 650 2933 710 zu
2959 648 3193 708 gutfindende

2102 683 2196 743 eden
2208 664 2326 724 solle:
2350 656 2467 716 Jehde

2087 771 2339 831 behertzigung
2367 745 2548 805 folgende
2576 739 2688 799 milte
2731 737 2969 797 umbstände
2997 739 3222 799 zuübergeben

2073 909 2133 969 1.
2147 895 2238 955 daß
2268 882 2312 942 Er
2344 873 2403 933 die
2433 865 2524 925 von
2554 859 2613 919 der
2644 853 2824 913 Vemette
2854 853 3049 913 Meminod
3064 855 3231 915 geklast,

2090 988 2152 1048 tag
2198 960 2434 1020 vernenet:

2088 1101 2137 1161 3.
2170 1085 2219 1145 Sie
2253 1069 2335 1129 nach
2351 1056 2419 1116 der
2451 1038 2633 1098 Ordrucg
2666 1025 2699 1085 in
2733 1020 2782 1080 der
2799 1014 2932 1074 geißet
2964 1010 3046 1070 nicht
3081 1010 3214 1070 Era¬

2067 1172 2242 1232 pminit
2273 1151 2415 1211 worde,
2432 1135 2607 1195 dadurch
2638 1124 2685 1184 Er
2702 1116 2844 1176 hätte
2877 1105 3035 1165 libenit
3050 1096 3178 1156 wende

2093 1257 2210 1317 hönne

2082 1369 2096 1429 3
2152 1361 2193 1421 Er
2223 1350 2334 1410 durch
2363 1338 2432 1398 das
2460 1321 2672 1381 Ehorgricht
2699 1308 2727 1368 zu
2769 1294 2980 1354 Ehpertines
2994 1275 3218 1335 ohnbefugt

2113 1439 2422 1499 contumacirt
2438 1414 2599 1474 worde,
2630 1395 2836 1455 zumahle
2866 1382 2910 1442 Er
2924 1374 3013 1434 nach
3029 1360 3161 1420 seiner

2112 1525 2405 1585 obeglücklichn
2420 1497 2713 1557 Pnrollirung
2745 1483 2776 1543 zu
2823 1470 3008 1530 Lausanre
3023 1455 3146 1515 gradt

2116 1616 2287 1676 morgen
2324 1601 2401 1661 mit
2438 1592 2497 1652 der
2515 1580 2744 1640 Recralh,
2763 1565 2840 1625 hat
2858 1551 3029 1611 abwas
3047 1531 3162 1591 hier

2102 1697 2294 1757 mueßte
2338 1683 2441 1743 undt
2456 1676 2545 1736 also
2559 1666 2706 1726 ausert
2723 1654 2855 1714 standt
2884 1638 3048 1698 gesetzet
3077 1616 3241 1676 worden,

2086 1806 2169 1866 Hr
2209 1778 2433 1838 Ehuertoret
2475 1756 2680 1816 hieschen
2720 1742 2802 1802 und
2842 1724 3066 1784 tendtliche

2094 1922 2157 1982 V.
2198 1906 2241 1966 Er
2261 1889 2472 1949 demahle
2492 1873 2555 1933 ud
2598 1866 2642 1926 1.
2682 1853 2852 1913 Jefalt
2872 1830 3063 1890 gelesen

2097 2026 2216 2086 Lerde
2229 2017 2323 2077 aber
2349 2005 2456 2065 alleß
2495 1990 2628 2050 Ihris.
2641 1972 2880 2032 Verordnung
2906 1952 3146 2012 übergeben.

2099 2136 2121 2196 I
2188 2121 2323 2181 wile
2367 2108 2434 2168 sie
2458 2090 2680 2150 angebecht
2726 2072 2815 2132 end
2839 2063 2928 2123 als
2950 2055 3064 2115 huen

2099 2203 2354 2263 subordinirtn
2366 2179 2561 2239 Tribunal
2610 2160 2707 2220 nicht
2731 2150 2829 2210 stark
2853 2146 2938 2206 zeug

2101 2270 2360 2330 angeschinn
