4032 3024
445 318 609 378 219f.

460 1236 540 1296 adisß
555 1223 620 1283 bos
636 1220 668 1280 s.
683 1217 765 1277 Alb.

570 1279 708 1339 bacht.

487 1773 666 1833 Huntzgker
678 1768 774 1828 Wolh¬

479 1852 602 1912 Müller
628 1847 734 1907 Anna

498 2362 617 2422 Sidaus
636 2358 774 2418 Elsbeth

510 2434 589 2494 Wiß
623 2428 656 2488 er
668 2425 782 2485 Ullech

922 339 1104 399 Montags
1129 330 1164 390 den
1177 326 1225 386 9.
1237 320 1334 380 Mertz.
1346 317 1468 377 1733.

1037 423 1300 483 Stathalter

968 548 983 608 M
1042 533 1072 593 H
1221 507 1250 567 e
1295 499 1399 559 etter

1031 587 1297 647 Assessores

985 657 1371 717 Megderern

762 794 892 854 Haaub
921 783 978 843 von
1008 774 1123 834 ungl
1167 765 1210 825 de
1239 759 1341 819 Rate
1383 757 1442 817 an
1485 757 1559 817 me
1587 764 1675 824 e
1703 775 1777 835 en

775 867 976 927 gangen.
1001 856 1050 916 An
1089 847 1164 907 herr
1177 840 1289 900 Ambt
1314 828 1578 888 Statthalters
1615 835 1753 895 Morlath

764 961 842 1021 von
876 947 1018 1007 Murten
1034 932 1145 992 statt
1179 918 1321 978 habind
1355 908 1513 968 Megst
1529 908 1578 968 zu
1609 914 1720 974 einem

775 1034 1121 1094 undertbärtigen
1154 1006 1388 1066 Assessoren
1410 999 1444 1059 in
1488 997 1699 1057 Enbergnädigen
1711 1005 1790 1065 Heren

772 1126 934 1186 saiuer
978 1105 1185 1165 erbehlt,
1200 1091 1289 1151 und
1318 1083 1540 1143 verordnet
1569 1085 1627 1145 H.
1658 1094 1777 1154 anft¬

793 1214 981 1274 Albrecht
1004 1200 1087 1260 von
1110 1183 1345 1243 dießbach,
1369 1172 1427 1232 der
1462 1169 1685 1229 meinung

798 1313 840 1373 doß
885 1301 972 1361 sein
1001 1288 1104 1348 Jahr
1132 1276 1234 1336 erst
1264 1268 1323 1328 von
1351 1261 1613 1321 vnenfftiges
1657 1266 1758 1326 Oster

790 1400 833 1460 an
889 1385 1096 1445 gerechnet
1130 1371 1305 1431 berdere,
1327 1367 1360 1427 Er
1404 1363 1491 1423 aber
1514 1360 1579 1420 von
1602 1357 1722 1417 umnan

794 1484 1066 1544 tynctionieren
1100 1466 1237 1526 solle.
1270 1454 1407 1514 gleichen
1430 1447 1521 1507 tags
1544 1441 1611 1501 ist
1623 1438 1658 1498 er
1680 1434 1795 1494 beeh¬

786 1548 889 1608 seget
916 1537 1085 1597 bordic.

786 1629 1029 1689 Schofftland
1069 1618 1157 1678 undt
1183 1612 1402 1672 Kilchkrauw
1453 1598 1569 1658 Lep.
1594 1587 1645 1647 Es
1672 1572 1748 1632 habe

788 1714 931 1774 endtlich
966 1712 990 1772 o
1014 1710 1073 1770 Mine
1085 1708 1179 1768 gnädigen
1191 1705 1287 1765 Herre
1310 1697 1489 1757 angelobt
1524 1681 1607 1741 das
1632 1667 1726 1727 Ihne

793 1798 898 1858 Won
939 1795 992 1855 der
1023 1792 1139 1852 Anna
1191 1786 1348 1846 Müller
1369 1778 1453 1838 von
1495 1763 1684 1823 Wittlel
1725 1738 1821 1798 Sor¬

795 1866 903 1926 Ann-
924 1862 1032 1922 undt
1043 1862 1141 1922 nach
1163 1861 1227 1921 der
1249 1858 1401 1918 genißt
1433 1842 1682 1902 zugefigiete
1704 1809 1801 1869 Kndte

794 1955 857 2015 alß
897 1951 973 2011 das
985 1949 1128 2009 seinige
1166 1943 1422 2003 anzunemmen,
1447 1924 1602 1984 dahero
1615 1904 1678 1964 Me

780 2031 880 2091 Ihme
905 2035 1032 2095 solches
1057 2032 1146 2092 auch
1171 2029 1247 2089 alß
1285 2017 1499 2077 ohnehelich
1538 1997 1576 2057 zu
1601 1975 1752 2035 betenrt

805 2120 907 2180 undt
921 2121 1052 2181 deßen
1081 2120 1140 2180 Sie
1168 2114 1474 2174 nachrichttlich
1503 2082 1764 2142 verständig

782 2209 898 2269 Kollen
929 2209 943 2269 4
1000 2207 1177 2267 Melchwor
1192 2198 1426 2258 fheuntzigket,
1441 2182 1528 2242 Von
1557 2150 1777 2210 Kiöchterak

839 2348 1119 2408 mußballd
1145 2346 1222 2406 ons
1286 2340 1465 2400 Weillen
1504 2322 1657 2382 Elsbeth
1682 2294 1797 2354 Bdaub

821 2438 941 2498 Ulrich
967 2434 1168 2494 Wyßers
1208 2432 1315 2492 Ihres
1343 2422 1623 2482 angehörigen
1651 2397 1771 2457 Gefel
1784 2376 1824 2436 so

819 2526 863 2586 de.
878 2522 937 2582 17.
968 2519 1057 2579 Abris
1086 2519 1235 2579 letschen
1252 2521 1384 2581 kundts
1415 2513 1608 2573 genesen,
1623 2484 1816 2544 bestönig

1870 1105 1886 1165 1
1949 1081 2013 1141 ll

1868 1196 1960 1256 Me
1990 1171 2083 1231 beselo

1865 1281 1930 1341 se
1962 1254 2059 1314 Jalob

2060 266 2241 326 vhrauff
2268 236 2475 296 behaeret,
2502 229 2557 289 daß
2599 227 2793 287 gedachter
2821 231 2875 291 Ihr
2904 234 3069 294 Ehemann
3082 237 3220 297 Pathtei

2065 357 2240 417 gehalten
2257 329 2397 389 sage,
2415 318 2503 378 auch
2520 313 2574 373 der
2591 311 2697 371 Zeich
2714 311 2783 371 daß
2818 313 2872 373 von
2889 316 2995 376 ihre
3012 320 3204 380 bekenten

2087 448 2157 508 mit
2185 428 2257 488 ihre
2299 402 2569 462 geoflogenen
2583 391 2796 451 beischlaßs
2824 389 2866 449 biß
2910 389 2966 449 zus
2994 389 3094 449 Zeith
3108 389 3165 449 ser

2081 522 2229 582 gemißt
2259 489 2510 549 gerechnet,
2524 474 2629 534 nicht
2658 470 2687 530 so
2718 468 2792 528 sehr
2836 465 2999 525 diffenem
3103 458 3208 518 So¬

2079 616 2131 676 ded
2157 599 2221 659 min
2234 583 2338 643 gnädigen
2351 567 2456 627 Herren
2469 558 2533 618 bey
2572 546 2781 606 bedrikens
2806 538 3001 598 getragen
3027 536 3118 596 Ihme
3131 536 3234 596 solches

2096 697 2123 757 ab
2164 678 2303 738 Ehnlich
2330 662 2371 722 zu
2413 652 2454 712 zu
2496 638 2688 698 bekennen,
2717 627 2827 687 Ihne
2854 622 2951 682 aber
2965 622 3116 682 beillen
3129 622 3242 682 er¬

2067 776 2136 836 sich
2171 753 2414 813 überklagt
2448 736 2495 796 2.
2518 728 2634 788 mahl
2669 720 2738 780 e4.
2749 714 2923 774 stunden
2958 709 3005 769 die
3050 708 3272 768 gefangen¬

2072 867 2213 927 schafft
2231 843 2355 903 sezen
2374 827 2553 887 laßsen.

2098 1000 2267 1060 Erburg
2312 979 2419 1039 Cons.
2451 961 2651 1021 Weillen,
2666 949 2713 1009 so
2743 940 2835 1000 bohl
2865 928 2972 988 lauth
3004 917 3111 977 Ihres
3141 907 3218 967 Sus

2114 1084 2178 1144 als
2193 1071 2290 1131 nach
2306 1060 2372 1120 der
2387 1047 2532 1107 alhier
2564 1026 2789 1086 gehaltenen
2821 1005 3078 1065 Confebntation
3110 992 3191 1052 Alle

2131 1168 2252 1228 bit
2269 1156 2323 1216 son
2357 1134 2583 1194 seynamb,
2602 1110 2758 1170 belchen
2778 1094 2951 1154 Ursiulad
2970 1085 3038 1145 von
3074 1081 3250 1141 Ruiber,

2113 1254 2249 1314 sosich
2268 1244 2308 1304 de
2346 1235 2387 1295 3.
2424 1213 2716 1273 oberoltshen
2735 1191 2833 1251 mit
2852 1180 2949 1240 Jacob
2989 1169 3125 1229 Alues
3144 1165 3263 1225 ab.

2091 1350 2165 1410 sem
2222 1322 2471 1382 Wartburg
2499 1296 2646 1356 Ehelich
2660 1279 2864 1339 eingegnen
2879 1266 3011 1326 laßen
3040 1258 3083 1318 der
3113 1251 3229 1311 selben

2095 1433 2182 1493 auch
2217 1420 2272 1480 den
2289 1411 2359 1471 17.
2377 1400 2484 1460 Abrio
2501 1384 2660 1444 letschs
2678 1365 2927 1425 beschlaßen
2944 1352 2979 1412 zu
3016 1346 3121 1406 habe,
3138 1340 3318 1400 beburet,

2101 1520 2301 1580 gacherae
2318 1502 2436 1562 lage
2487 1488 2520 1548 te
2554 1479 2671 1539 löcheg
2688 1461 2957 1521 tepeniret,
2973 1446 3042 1506 der
3058 1432 3311 1492 schwöängegen

2099 1615 2225 1675 tung
2256 1597 2398 1657 halben
2413 1577 2634 1637 beklagt,
2667 1560 2762 1620 mit
2778 1544 3030 1604 verdeuten,
3045 1533 3109 1593 daß
3140 1529 3171 1589 er
3187 1525 3315 1585 sie,

2118 1702 2197 1762 Ehe
2236 1690 2316 1750 und
2354 1675 2475 1735 hator
2514 1663 2574 1723 sie
2593 1653 2692 1713 sich
2714 1642 2794 1702 mit
2813 1631 2931 1691 heren
2951 1619 3091 1679 Bolrus
3129 1607 3250 1667 heleh

2119 1782 2322 1842 verbebet,
2337 1763 2438 1823 offt
2469 1749 2542 1809 und
2570 1738 2658 1798 vill
2686 1719 2920 1779 beschlaffen
2949 1703 3036 1763 und
3066 1690 3329 1750 geschläng¬

2113 1869 2271 1929 giret,
2297 1853 2454 1913 diesere
2495 1836 2613 1896 Klag
2639 1816 2876 1876 gäntzlichen
2902 1792 3165 1852 verneie,
3191 1778 3323 1838 habend

2109 1959 2189 2019 Men
2207 1950 2322 2010 ede
2354 1936 2436 1996 e
2567 1912 2682 1972 rich
2698 1902 2764 1962 desß
2796 1883 3044 1943 geschafftn
3076 1869 3124 1929 biß
3175 1862 3273 1922 nach

2124 2055 2198 2115 ser
2235 2045 2312 2105 vor
2331 2030 2482 2090 Siuben
2501 2008 2671 2068 gemneßt
2689 1992 2745 2052 ein
2782 1974 2971 2034 Welchero
2992 1958 3066 2018 sie
3085 1945 3292 2005 fürsichre

2126 2145 2202 2205 deh
2256 2131 2306 2191 an
2360 2101 2670 2161 enselbig
2696 2063 2930 2123 beustheg
2984 2038 3034 2098 e
3060 2031 3114 2091 de
3139 2018 3323 2078 sona¬

2127 2227 2402 2287 acamnit
2425 2207 2492 2267 und
2540 2190 2655 2250 ih
2700 2171 2768 2231 daß
2815 2150 2975 2210 heruß
2998 2125 3206 2185 beinde
3251 2106 3344 2166 er¬

2132 2317 2287 2377 tightet
2322 2303 2443 2363 berden
2477 2288 2615 2348 solle,
2633 2265 2876 2325 verschoben.
