4032 3024
442 323 522 383 350
535 319 588 379 f.

448 460 558 520 Höbrg
584 439 670 499 Kira

446 542 543 602 Alb
566 522 639 582 Ulli

441 630 569 690 Hber
584 608 654 668 Kll

599 1232 665 1292 H.
681 1211 749 1271 D.

482 1944 625 2004 Geüker
657 1936 788 1996 Elsbeth

497 2034 662 2094 Schädeli
676 2025 790 2085 Hese

494 2106 599 2166 Partid

740 328 1010 388 Hinhelflich.
1037 311 1139 371 Cons.
1165 304 1346 364 Weillen
1372 305 1488 365 lauth
1501 313 1603 373 ihres
1630 331 1760 391 Suh¬

763 430 859 490 Annd
915 410 1053 470 Geteg
1081 398 1163 458 Ulli
1192 390 1301 450 salbs
1330 389 1399 449 von
1426 394 1564 454 Siglen
1592 414 1746 474 Erebeich¬

746 524 814 584 sich
827 512 924 572 ihrer
952 492 1089 552 ansag
1131 477 1213 537 nach
1241 470 1324 530 mit
1351 469 1434 529 Ulli
1475 478 1613 538 Fesber
1640 499 1710 559 se¬

755 605 981 665 Langnaub
1025 585 1057 645 in
1101 570 1297 630 Ehebruch
1312 560 1569 620 vestrabet,
1584 576 1660 636 auch
1689 593 1736 653 en¬

766 699 919 759 fender
935 681 1055 741 Ihnen
1088 662 1208 722 eines
1241 647 1411 707 todtnen
1429 648 1564 708 Kndt
1582 670 1736 730 gnten

749 793 969 853 desotbigen
998 766 1065 826 Ihr
1081 747 1274 807 Ehemann
1301 735 1357 795 die
1384 733 1633 793 schiedigung

741 892 883 952 wieder
913 874 970 934 sie
998 855 1156 915 begeht
1185 839 1229 899 hb
1243 833 1329 893 mein
1343 827 1457 887 gnädigen
1472 828 1588 888 Herren
1616 834 1630 894 n
1658 840 1688 900 en

745 973 879 1033 sinten
904 954 1038 1014 wollen
1076 941 1124 1001 die
1150 933 1248 993 Anna
1296 923 1419 983 Gebrg
1455 920 1529 980 auf
1567 922 1713 982 Montag

765 1053 1092 1113 nechstkünfftig
1118 1033 1155 1093 den
1167 1026 1243 1086 16.
1268 1019 1331 1079 diß
1381 1010 1507 1070 allhar
1545 1007 1569 1067 zu
1608 1012 1733 1072 hallten

777 1215 831 1275 der
859 1207 940 1267 Allei
969 1194 1105 1254 Geber
1132 1184 1174 1244 so
1201 1177 1283 1237 alle
1325 1168 1517 1228 dienstag
1558 1170 1667 1230 alhier
1680 1178 1749 1238 auf

767 1304 830 1364 den
857 1293 946 1353 voen
971 1278 1110 1338 markt
1136 1265 1275 1325 komme,
1300 1260 1377 1320 soll
1416 1256 1656 1316 aufgesucht
1681 1260 1758 1320 undt

777 1387 923 1447 pittiert
952 1369 1126 1429 berden.

885 1497 1018 1557 Corem
1065 1484 1150 1544 Die
1187 1473 1294 1533 Flora
1331 1460 1657 1520 Pontmeridiana

1167 1556 1326 1616 Præses

966 1647 1303 1707 MengHrer
1330 1635 1373 1695 or
1400 1629 1599 1689 Mühlinen

1119 1713 1365 1773 Assessores

1002 1796 1102 1856 MMn
1119 1789 1147 1849 H
1219 1781 1228 1841 O
1255 1772 1391 1832 ires

808 1890 944 1950 Elsbeth
980 1884 1117 1944 seuter
1153 1879 1216 1939 von
1253 1876 1340 1936 Orth
1352 1870 1525 1930 schwaben,
1537 1864 1563 1924 is
1600 1855 1785 1915 eingesezt

807 1986 952 2046 borden,
974 1981 1110 2041 beillen
1130 1978 1183 2038 sie
1214 1974 1309 2034 ohne
1340 1968 1477 2028 bußten
1497 1961 1591 2021 ihreß
1632 1955 1716 2015 Hauß
1748 1951 1759 2011 H

1130 2019 1207 2079 Sast

819 2070 859 2130 eß
899 2066 1019 2126 nachts
1060 2063 1109 2123 des
1139 2059 1229 2119 Prnß
1279 2053 1459 2113 Schädeli
1489 2044 1560 2104 von
1579 2037 1678 2097 Kilch
1689 2027 1788 2087 kundach

806 2149 845 2209 in
871 2148 977 2208 ihren
1015 2147 1133 2207 genach
1160 2146 1435 2206 behasberget,
1448 2137 1552 2197 sagt
1565 2132 1605 2192 er
1644 2122 1722 2182 habe
1735 2113 1788 2173 ihr

795 2236 855 2296 die
891 2234 951 2294 Ehr
986 2231 1251 2291 versprochen.
1274 2227 1383 2287 Cogn:
1407 2222 1455 2282 der
1491 2212 1671 2272 Schädeli
1695 2197 1767 2257 solle

812 2318 947 2378 dittiert
975 2320 1131 2380 werden.

1851 590 1868 650 s

1860 636 1905 696 h

3059 195 3174 255 351f

2030 283 2217 343 beleben,
2232 257 2326 317 wie
2341 241 2545 301 vermogn
2560 233 2685 293 Vegtt
2716 233 2764 293 der
2795 233 2950 293 Räthen
2966 238 3200 298 ferorebung

2031 382 2111 442 vom
2163 358 2217 418 12.
2243 341 2374 401 eptembris
2387 324 2546 384 letsthy
2585 314 2639 374 die
2678 310 2771 370 Fel.
2797 307 2969 367 zueläder
2995 305 3087 365 eine
3113 305 3234 365 ges¬

2050 457 2181 517 fehne
2210 427 2340 487 Wild
2371 407 2487 467 gegen
2516 394 2632 454 Ihren
2661 384 2880 444 gebesenen
2908 378 3084 438 Ehemann
3098 373 3172 433 Hr.

2048 550 2152 610 Jaob
2180 518 2358 578 zurläder
2387 500 2430 560 in
2461 491 2564 551 ihren
2593 480 2785 540 habenden
2799 469 3094 529 beschrähtnuß

2091 625 2252 685 wenden
2299 597 2394 657 über
2410 584 2475 644 sie
2506 575 2555 635 sey
2586 566 2666 626 Vnß
2713 554 2889 614 underem
2920 546 2985 606 5te
3001 541 3096 601 Julyj
3130 534 3226 594 731.

2057 718 2328 778 gehaltenem
2366 675 2618 735 Rechtbezug
2639 655 2717 715 ader
2736 643 3007 703 schidligung
3045 629 3222 689 ertheld

2056 813 2275 873 metlich
2299 790 2341 850 b
2363 778 2496 838 selle
2518 764 2606 824 auf
2651 753 2718 813 bei
2761 746 2806 806 er
2827 740 2894 800 htl
2915 729 3116 789 helide,

2058 904 2231 964 rechtlich
2266 870 2527 930 erhalltene
2561 843 2857 903 verladungen
2891 825 3136 885 gschmäßig
3153 816 3241 876 ere¬

2070 1001 2228 1061 halten
2250 973 2433 1033 weden,
2455 953 2635 1013 anheren
2657 937 2840 997 wolen,
2863 927 2998 987 haben
3043 915 3134 975 eie

2058 1101 2257 1161 Venserer
2296 1069 2455 1129 pfacht
2475 1054 2516 1114 zu
2536 1045 2614 1105 sein
2637 1030 2835 1090 erachtet
2855 1014 3053 1074 beferdest
3073 999 3193 1059 allß

2076 1184 2299 1244 fengliche
2333 1147 2679 1207 anzuwenden,
2696 1121 2851 1181 damit
2868 1106 2990 1166 siehes
3007 1089 3230 1149 zeretentes

2073 1277 2254 1337 vrtand
2294 1250 2436 1310 wite
2455 1226 2676 1286 zusahnen
2698 1199 2919 1259 verbunden
2938 1181 3080 1241 bede,
3100 1171 3223 1231 ober.

2080 1377 2128 1437 be
2152 1364 2252 1424 hat
2301 1346 2349 1406 e
2401 1332 2449 1392 e
2525 1318 2549 1378 e
2573 1303 2746 1363 ele
2821 1278 2970 1338 en
3018 1263 3091 1323 he
3167 1251 3267 1311 ht¬

2077 1461 2144 1521 ab
2189 1442 2351 1502 gen
2418 1411 2622 1471 hesliche
2647 1383 2873 1443 erstiche,
2896 1360 3077 1420 erfelle
3103 1342 3240 1402 undt

2089 1533 2398 1593 Eehingungen
2438 1506 2502 1566 ser
2522 1493 2646 1553 weich
2666 1472 2854 1532 ausaches
2874 1449 3100 1509 ergebeißt
3143 1434 3224 1494 auch

2091 1619 2381 1679 richtichket,
2401 1598 2462 1658 daß
2505 1575 2732 1635 außgenge
2755 1556 2816 1616 fer
2836 1545 2940 1605 sich,
2961 1527 3210 1587 ohngeicht

2064 1718 2174 1778 sich
2198 1699 2376 1759 frehe,
2398 1676 2576 1736 abehe
2622 1657 2688 1717 ihr
2734 1645 2800 1705 se
2822 1636 2890 1696 se
2934 1622 3024 1682 olch
3068 1603 3271 1663 einghe

2104 1794 2355 1854 bedebing
2399 1757 2695 1817 zuchegihet
2720 1726 2856 1786 beden
2903 1710 2994 1770 ih
3016 1694 3246 1754 besecher

2062 1894 2259 1954 stelle,
2278 1874 2459 1934 sondern
2478 1855 2558 1915 sich
2578 1835 2775 1895 ledglich
2797 1815 2875 1875 auf
2894 1802 2994 1862 sine
3013 1781 3252 1841 erhaltene

2070 1978 2372 2038 schidigung
2415 1947 2590 2007 erthl
2611 1925 2762 1985 kuhet,
2783 1910 2850 1970 und
2871 1895 3043 1955 salben
3064 1877 3194 1937 aller

2104 2070 2294 2130 behten
2314 2058 2358 2118 zu
2399 2040 2589 2100 erhalten
2612 2014 2781 2074 suiht,
2802 1997 2866 2057 Al
2907 1982 2992 2042 aber
3012 1966 3141 2026 siehe
3161 1952 3290 2012 nicht

2103 2152 2378 2212 elich
2776 2076 2932 2136 e
3055 2048 3085 2108 e
3178 2029 3271 2089 en

2117 2247 2228 2307 net
2275 2231 2407 2291 eden
2454 2210 2586 2270 e,
2611 2193 2700 2253 und
2722 2178 2812 2238 e
2833 2166 2879 2226 n
2901 2148 3058 2208 eshe
3102 2129 3148 2189 eh
3170 2115 3284 2175 eben

2133 2326 2201 2386 e
2411 2290 2625 2350 esehe
2728 2251 2904 2311 e
3114 2200 3294 2260 se

2107 2423 2240 2483 Ihr
2293 2398 2560 2458 berseche
2612 2372 2642 2432 n
2694 2338 3069 2398 hrserscheng
3095 2300 3311 2360 engefet

2118 2513 2212 2573 Ihe
2235 2498 2446 2558 nachten
2472 2476 2589 2536 bich
2612 2461 2683 2521 sch
2706 2443 2871 2503 Rechter
2920 2413 3131 2473 besight
3177 2391 3274 2451 e¬
