4032 3024
455 324 519 384 312
544 322 597 382 f.

655 1138 719 1198 1.

695 2108 776 2168 2.

756 305 826 365 und
854 296 967 356 gegen
981 277 1195 337 bendungen
1237 261 1281 321 ser
1309 256 1436 316 lnge
1450 259 1550 319 nach
1564 282 1762 342 erdautect

751 391 828 451 und
843 383 903 443 ist
920 375 995 435 von
1012 366 1072 426 den
1103 349 1317 409 Partheyen
1347 341 1409 401 zum
1453 348 1654 408 Rechtshach
1669 370 1731 430 etc.

749 473 960 533 vortedent,
986 446 1184 506 übergeben
1210 429 1382 489 worden:
1408 427 1448 487 Ob
1474 427 1526 487 sie
1567 438 1711 498 benent

736 564 1013 624 schiedigungs
1044 536 1117 596 oder
1146 521 1278 581 Rechts
1292 511 1408 571 zugs
1439 510 1584 570 urthell
1614 523 1702 583 mit

751 660 848 720 allen
872 634 1152 694 erforderlichen
1176 603 1359 663 Rechts-
1371 595 1456 655 und
1493 596 1639 656 hiesigen
1662 615 1771 675 Landte

749 740 921 800 neblichen
945 710 1216 770 vorledungen
1252 688 1315 748 von
1351 682 1402 742 dem
1462 680 1610 740 richter
1634 695 1758 755 erfahlt

756 831 884 891 beyden
909 816 986 876 seye
1025 801 1101 861 oder
1126 785 1242 845 nicht
1255 777 1267 837 s
1319 765 1522 825 wahrend
1549 766 1638 826 wir
1663 773 1702 833 in

761 923 955 983 Veseren
1001 890 1285 950 meinungen
1314 872 1540 932 zurfallen,
1569 871 1644 931 und

783 1012 925 1072 habend
955 995 1041 1055 mit
1055 985 1111 1045 der
1141 969 1384 1029 mehreren
1414 961 1442 1021 zu
1484 961 1584 1021 recht
1600 968 1773 1028 gesprochen

777 1138 904 1198 findet
927 1123 1054 1183 mann,
1077 1110 1239 1170 obbohlen
1274 1100 1321 1160 die
1355 1092 1575 1152 vorladung
1609 1090 1656 1150 vor
1679 1091 1724 1151 dem

772 1231 914 1291 Richter
949 1215 985 1275 zu
1008 1198 1223 1258 erscheinen
1258 1184 1342 1244 auf
1377 1179 1412 1239 den
1436 1177 1508 1237 31.
1531 1175 1615 1235 May
1650 1177 1746 1237 1731.

791 1315 861 1375 nur
889 1305 945 1365 biß
987 1296 1057 1356 aucf
1086 1285 1184 1345 zbey
1211 1275 1282 1335 tag
1325 1266 1436 1326 nicht
1466 1258 1577 1318 völlig
1605 1256 1661 1316 der
1675 1256 1759 1316 sachs

781 1402 926 1462 wochen,
951 1391 987 1451 so
1024 1381 1109 1441 man
1156 1370 1265 1430 einer
1302 1357 1581 1417 Kindtbettern
1604 1354 1677 1414 zur
1689 1354 1774 1414 hart

776 1493 953 1553 stellung
998 1478 1086 1538 ihrer
1131 1461 1386 1521 gesundheit
1419 1448 1497 1508 nach
1519 1440 1730 1500 gewohnten

788 1581 909 1641 brauch
940 1564 1162 1624 vergonet,
1182 1547 1485 1607 außgeloffen,
1506 1536 1648 1596 denoch
1658 1530 1688 1590 in
1709 1527 1758 1587 der

793 1667 954 1727 zbüschen
977 1655 1080 1715 zeith
1104 1647 1161 1707 die
1196 1637 1380 1697 Klägerin
1403 1630 1472 1690 von
1507 1624 1564 1684 dem
1611 1620 1645 1680 so
1657 1615 1806 1675 geagetn

783 1763 939 1823 fallten
961 1748 1095 1808 bläzlig
1117 1740 1151 1800 in
1206 1734 1262 1794 die
1296 1725 1430 1785 Statt
1441 1719 1507 1779 sich
1529 1710 1698 1770 begeben,
1709 1701 1775 1761 also

790 1846 865 1906 gar
889 1840 976 1900 bohl
1000 1834 1063 1894 vor
1100 1827 1162 1887 dem
1199 1816 1348 1876 Richter
1385 1806 1448 1866 sich
1472 1797 1596 1857 stellen
1622 1788 1757 1848 können,

806 1935 949 1995 hiemit
975 1927 1079 1987 diese
1119 1917 1340 1977 vorladung
1379 1908 1419 1968 im
1457 1899 1602 1959 Rechten
1627 1882 1770 1942 besteche

812 2017 929 2077 köne.

804 2111 943 2171 Obschen
958 2104 1066 2164 Jbahr
1082 2098 1129 2158 in
1160 2095 1205 2155 der
1236 2090 1314 2150 auf
1329 2082 1437 2142 obige
1453 2073 1561 2133 Zeith
1576 2055 1793 2115 veremelte

799 2196 979 2256 kuffung
1006 2191 1061 2251 in
1090 2188 1158 2248 das
1185 2184 1337 2244 Rechten
1365 2177 1435 2237 bey
1462 2164 1614 2224 Kläger
1641 2137 1807 2197 nach¬

803 2282 972 2342 vorumb
1008 2278 1069 2338 sie
1092 2272 1358 2332 vorgeladene
1405 2252 1720 2312 vorgeforderet
1732 2218 1853 2278 borden,

815 2356 1071 2416 enamdet;
1104 2356 1149 2416 So
1183 2354 1272 2414 seye
1317 2351 1440 2411 dieses
1473 2345 1517 2405 an
1563 2328 1730 2388 hiesiger

815 2441 1072 2501 grichtsstell
1116 2441 1206 2501 nicht
1229 2439 1385 2499 nehlich,
1409 2427 1632 2487 zumahlen
1655 2406 1734 2466 nach

831 2516 962 2576 allten
991 2522 1198 2582 Herromen
1212 2522 1300 2582 unds
1329 2514 1534 2574 beräuchlich
1548 2500 1622 2560 ist,
1636 2481 1798 2541 jemande

1983 768 2037 828 3.

1977 1594 2061 1654 4.

2067 255 2131 315 vor
2165 225 2395 285 gegiethen,
2411 212 2478 272 daß
2510 209 2561 269 er
2577 209 2873 269 sicheinfinde,
2906 214 3004 274 umb
3037 217 3087 277 an
3119 218 3152 278 zu
3186 218 3269 278 th¬

2075 333 2204 393 Sreg,
2234 311 2291 371 daß
2334 300 2377 360 an
2422 291 2493 351 den
2522 283 2826 343 vorgebottenen
2840 283 2956 343 berde
2985 283 3187 343 gebracht

2080 407 2215 467 berden,
2239 386 2338 446 seine
2387 371 2473 431 auch
2485 364 2546 424 der
2583 358 2756 418 Klägern
2792 355 2853 415 gar
2879 355 2952 415 bohl
2976 352 3124 412 gebußt
3149 348 3273 408 gebesen

2062 498 2134 558 daß
2177 472 2263 532 sein
2291 449 2464 509 anderes
2492 437 2549 497 als
2579 433 2635 493 Ihr
2678 430 2865 490 gebehene
2893 428 2993 488 Ehehl
3037 427 3080 487 ie
3108 426 3239 486 ins¬

2071 573 2199 633 Ruchten
2227 550 2312 610 laden
2340 531 2497 591 werde,
2525 516 2724 576 zumahle
2752 508 2794 568 sie
2837 501 3020 561 damahlen
3048 492 3134 552 kein

2086 645 2258 705 ändirer
2288 613 2538 673 Ehorhandel.
2568 594 2725 654 gehabt.

2094 748 2326 808 betreffend
2361 731 2418 791 sie
2454 722 2535 782 auf
2558 716 2606 776 den
2617 712 2663 772 4.
2686 706 2768 766 Juny
2815 698 2931 758 1731.
2954 688 3186 748 angelegte

2087 832 2254 892 ladung
2293 815 2358 875 ins
2396 800 2576 860 Rechten,
2603 792 2628 852 so
2654 788 2705 848 ist
2732 780 2899 840 bekant,
2912 773 2975 833 daß
3015 764 3220 824 ohngeacht

2075 931 2165 991 Wer
2194 917 2256 977 de
2285 904 2376 964 Frl.
2391 889 2557 949 zerläder
2586 875 2678 935 durch
2707 863 2858 923 vnseren
2873 850 3112 910 Chorescheiber
3127 842 3278 902 einern

2088 1019 2208 1079 laßen
2242 1002 2345 1062 sein
2362 986 2500 1046 Rechten
2517 974 2587 1034 sich
2620 961 2723 1021 nicht
2740 953 2793 1013 zu
2810 940 3049 1000 entzeuchen,
3068 926 3258 986 selbigern

2113 1094 2339 1154 ungeacht
2368 1073 2489 1133 deßen
2518 1061 2579 1121 den
2609 1048 2773 1108 Weitchen
2803 1031 3029 1091 genommen,
3043 1019 3134 1079 seye
3164 1013 3269 1073 ireheß

2113 1193 2169 1253 als
2199 1179 2298 1239 eine
2328 1156 2572 1216 boßhaffte
2586 1130 2874 1190 entbeuchung
2903 1116 2959 1176 deß
3003 1108 3175 1168 Richters
3205 1102 3292 1162 an¬

2100 1279 2158 1339 zu
2178 1266 2338 1326 sechen.
2377 1249 2457 1309 Eir
2477 1236 2635 1296 gleiche
2674 1210 2992 1270 beschaffenhet
3012 1189 3172 1249 hättes
3192 1180 3270 1240 rach

2104 1366 2229 1426 mmit
2246 1354 2373 1414 seinen
2391 1341 2481 1401 auf
2516 1330 2570 1390 den
2588 1323 2625 1383 7.
2643 1314 2732 1374 fnd
2750 1305 2805 1365 1
2840 1284 3109 1344 Brachmonach
3126 1265 3326 1325 erhalter

2094 1458 2174 1518 Vor
2192 1439 2466 1499 Ruffungen,
2482 1417 2564 1477 und
2596 1397 2807 1457 Endtlichen

2114 1589 2171 1649 der
2206 1571 2435 1631 Antvorter
2458 1555 2585 1615 seine
2619 1537 2929 1597 schiedigungs
2953 1522 3101 1582 urthell
3135 1514 3227 1574 erst
3240 1511 3319 1571 nach

2119 1667 2325 1727 verlauff
2350 1650 2441 1710 26.
2454 1638 2596 1698 tagen
2609 1620 2854 1680 erhallten,
2880 1607 2956 1667 und
2982 1599 3098 1659 allso
3124 1592 3189 1652 die

2128 1754 2322 1814 Kclagern
2352 1735 2472 1795 Zeits
2487 1721 2607 1781 gnüg
2653 1703 2818 1763 gehabt
2833 1690 2983 1750 hätte,
2998 1682 3103 1742 fahls
3133 1678 3177 1738 sie
3208 1676 3327 1736 etbas

2116 1845 2251 1905 wlbter
2283 1827 2464 1887 dieselbe
2508 1804 2734 1864 unbenden
2749 1786 2886 1846 bollen,
2901 1775 2977 1835 sich
2992 1770 3037 1830 im
3067 1759 3203 1819 Rechten
3233 1749 3263 1809 zu

2116 1932 2255 1992 stellen
2296 1919 2380 1979 und
2408 1907 2519 1967 selbe
2560 1897 2602 1957 zu
2631 1880 2922 1940 behinderen.
2950 1861 3061 1921 Auß
3102 1849 3241 1909 obigen

2141 2017 2228 2077 und
2257 2006 2445 2066 anderen
2474 1993 2516 2053 in
2561 1982 2618 2042 ser
2648 1964 2851 2024 antborth
2879 1947 2952 2007 und
2980 1934 3125 1994 Suplic
3155 1921 3341 1981 enthalten

2140 2094 2313 2154 grunden
2350 2082 2436 2142 solle
2486 2069 2609 2129 dieser
2633 2049 2857 2109 Rechtszug
2894 2031 2980 2091 oder
3006 2012 3289 2072 schiedigungs

2151 2177 2316 2237 urthell
2367 2164 2433 2224 als
2449 2157 2549 2217 aucf
2565 2148 2633 2208 4.
2649 2138 2749 2198 nach
2765 2124 2932 2184 hiesigen
2965 2106 3130 2166 Rechtesn
3149 2093 3249 2153 ges¬

2148 2264 2334 2324 gerundte
2374 2239 2708 2299 vornemmungen
2736 2222 2815 2282 vor
2841 2215 2896 2275 dem
2949 2203 3082 2263 Richter
3122 2193 3162 2253 zu
3203 2182 3324 2242 ern¬

2139 2358 2368 2418 scheinen,
2398 2340 2571 2400 gesetzet,
2599 2328 2672 2388 von
2701 2319 2759 2379 dem
2802 2305 3019 2365 Antvorter
3047 2293 3134 2353 bohl
3149 2286 3366 2346 erfochten,

2155 2450 2223 2510 ein
2236 2444 2443 2504 folglichen
2470 2430 2623 2490 selbige
2664 2417 2704 2477 in
2747 2405 2884 2465 Ihremn
2911 2389 3076 2449 gantzen
3091 2377 3242 2437 inhalt

2172 2534 2431 2594 bestättiget
2445 2526 2561 2586 sein.
