4032 3024
436 334 603 394 1e4f.

734 325 811 385 Mit
835 320 879 380 der
912 307 1092 367 Minderen
1125 286 1305 346 Meinung
1338 277 1518 337 hingegen
1551 292 1707 352 werden

751 398 972 458 befunden,
984 378 1125 438 beillen
1230 362 1300 422 H.
1312 358 1476 418 Veläder
1510 360 1569 420 sich
1592 364 1640 424 der
1663 370 1674 430 e

750 485 983 545 Eeruffung
1019 465 1100 525 auf
1125 456 1171 516 den
1183 449 1254 509 26.
1277 442 1406 502 Apr.
1429 439 1498 499 vor
1523 440 1581 500 dem
1616 452 1733 512 Rechter

753 585 794 645 zu
821 571 1030 631 erscheinen
1057 544 1250 604 begeben,
1277 530 1347 590 alß
1374 526 1471 586 solle
1500 528 1540 588 es
1567 539 1693 599 darbey
1720 564 1763 624 e¬

768 663 946 723 Eerkenden
962 646 1066 706 haten

763 777 998 837 betreffend
1045 756 1127 816 dann
1162 748 1221 808 die
1257 740 1328 800 2te
1351 736 1597 796 vorladung
1622 743 1704 803 auch

759 875 807 935 den
832 865 891 925 31.
916 853 1000 913 May
1035 837 1156 897 1731.
1180 826 1252 886 vor
1276 820 1336 880 dem
1397 815 1540 875 Richter
1565 816 1600 876 zu
1625 825 1782 885 erschein

754 959 797 1019 So
819 952 873 1012 ist
896 940 1015 1000 belldt
1036 922 1188 982 bekant
1222 909 1298 969 und
1330 902 1396 962 bey
1438 898 1525 958 allen
1548 898 1624 958 wohl
1645 904 1764 964 bestelt

773 1034 976 1094 Wöllkeren
1000 1012 1266 1072 bräuchlich,
1291 997 1367 1057 daß
1405 989 1532 1049 Erner
1557 992 1797 1052 Kindtbattern

776 1125 813 1185 zu
852 1109 1129 1169 harstellung
1154 1091 1254 1151 ihrer
1291 1078 1556 1138 gesundheit
1581 1073 1644 1133 die
1669 1076 1770 1136 Zeith

771 1218 831 1278 der
855 1204 963 1264 sechs
987 1192 1095 1252 bochen
1131 1180 1215 1240 und
1251 1171 1335 1231 frey
1371 1166 1432 1226 Tag
1468 1162 1671 1222 vergonet,
1696 1163 1791 1223 indert

776 1298 912 1358 welcher
937 1282 1036 1342 zeith
1061 1271 1110 1331 sie
1148 1255 1446 1315 unbekraukt
1483 1244 1657 1304 gelaßen
1670 1246 1782 1306 berden

781 1385 908 1445 soll,
923 1371 1008 1431 bau
1050 1357 1150 1417 schon
1180 1344 1350 1404 dieselbe
1380 1333 1550 1393 etbann
1580 1330 1650 1390 für
1666 1330 1750 1390 ihre

783 1459 1014 1519 erglikung
1052 1441 1168 1501 hufft
1188 1431 1410 1491 enderet,
1439 1420 1555 1480 denne
1593 1412 1671 1472 auch
1690 1408 1728 1468 die

775 1541 934 1601 Sazung
971 1522 1130 1582 selbsten
1154 1514 1192 1574 in
1240 1504 1449 1564 gelaußen
1474 1493 1621 1553 Zeithen
1645 1487 1707 1547 den

807 1617 1019 1677 mentschen
1033 1601 1218 1661 enthebe
1259 1588 1330 1648 sich
1358 1582 1414 1642 vor
1458 1575 1515 1635 dem
1570 1567 1711 1627 Richter
1741 1560 1768 1620 zu

797 1709 942 1769 stellen,
964 1697 1131 1757 beinger
1176 1682 1277 1742 eine
1310 1667 1522 1727 Rechtliche
1567 1651 1801 1711 anfordetung

804 1794 1022 1854 verselben
1058 1779 1095 1839 zu
1131 1762 1409 1822 beantworten

798 1903 858 1963 Ist
882 1886 1150 1946 widermahle
1200 1869 1310 1929 aller
1334 1860 1468 1920 orthen
1492 1847 1688 1907 bräuchlich
1712 1834 1760 1894 daß

807 1976 893 2036 nach
914 1969 989 2029 rg
1075 1955 1246 2015 grichts
1277 1937 1546 1997 Ordnungen
1578 1925 1611 1985 in
1663 1916 1760 1976 allen

816 2058 1037 2118 grichtlichen
1063 2042 1347 2102 vorladungen
1383 2030 1433 2090 der
1458 2020 1619 2080 Kläger
1643 2002 1779 2062 sambt

804 2159 860 2219 der
882 2143 1027 2203 ursach
1061 2132 1184 2192 seiner
1207 2125 1308 2185 klag
1341 2114 1588 2174 namhafft
1610 2091 1778 2151 gemacht

807 2240 937 2300 werden
957 2226 1078 2286 soll,
1097 2218 1238 2278 damit
1267 2212 1328 2272 der
1357 2204 1597 2264 Antvorter
1628 2189 1718 2249 zeith
1747 2177 1817 2237 haben

829 2310 945 2370 möche
983 2305 1202 2365 allenfahls
1228 2300 1331 2360 seine
1369 2289 1576 2349 Rechtliche
1614 2267 1819 2327 Beschuthung

831 2387 882 2447 ein
903 2386 1112 2446 zubenden,
1133 2384 1268 2444 belcheß
1311 2380 1395 2440 aber
1426 2375 1488 2435 diß
1520 2367 1624 2427 ohrts
1645 2353 1750 2413 nicht

832 2470 1109 2530 widerfahren,
1136 2470 1188 2530 bie
1216 2468 1347 2528 solcheß
1386 2463 1466 2523 auß
1520 2454 1572 2514 deß
1625 2436 1809 2496 bedienten

846 2545 1084 2605 zeugsamme
1127 2548 1351 2608 geugsamm
1379 2544 1619 2604 erhälet.

2071 238 2309 298 Gelangend
2348 216 2398 276 die
2436 210 2512 270 auf
2537 206 2574 266 den
2587 206 2638 266 4.
2650 205 2726 265 Juny
2763 207 2966 267 angelegte
2991 215 3230 275 herusung

2068 333 2126 393 uß
2156 307 2321 367 Rechten,
2350 292 2379 352 so
2394 287 2455 347 ist
2484 277 2647 337 dieselbe
2676 274 2737 334 Ihr
2781 272 2827 332 so
2856 273 2961 333 bewneg
2975 274 3049 334 als
3063 275 3109 335 die
3124 275 3182 335 auf

2066 420 2093 480 d.
2107 409 2147 469 2.
2161 395 2230 455 und
2257 378 2338 438 11t.
2365 367 2407 427 do
2434 360 2474 420 zu
2501 352 2706 412 erscheinen
2720 346 2937 406 versöhnlich
2951 344 3197 404 angelegt.

2060 486 2198 546 borden,
2223 456 2424 516 inmaßen
2449 441 2512 501 bin
2549 434 2625 494 auß
2675 430 2724 490 der
2751 427 2864 487 wider
2888 422 3077 482 antworth
3102 418 3139 478 zu

2069 558 2228 618 ersechen
2262 534 2318 594 sie
2354 523 2387 583 zu
2433 513 2513 573 ihrer
2547 504 2672 564 flucht
2684 497 2877 557 vermitleß
2911 494 2957 554 von
2980 493 3105 553 seithen
3128 492 3173 552 deß

2069 633 2308 693 Antborters
2337 605 2407 665 ihre
2449 587 2703 647 zugeschickten
2730 577 2857 637 gellts
2871 575 3054 635 verbeitet
3070 575 3195 635 worden

2082 722 2159 782 und
2191 701 2344 761 weillen
2378 676 2597 736 nachberts
2629 663 2683 723 der
2706 659 2782 719 orth
2816 655 2870 715 der
2891 652 3045 712 Klägern
3067 650 3243 710 aufentz¬

2069 809 2177 869 Hallt
2213 792 2261 852 dem
2320 770 2561 830 Antworter
2585 752 2730 812 bekant
2754 742 2899 802 bahre,
2910 738 2971 798 als
2983 734 3091 794 bähre
3103 730 3248 790 Rechtens

2085 885 2278 945 gelehen,
2293 868 2358 928 daß
2392 855 2504 915 selbe
2519 843 2633 903 durch
2649 829 2842 889 Rechliche
2857 818 3052 878 forderung
3083 811 3148 871 von

2081 971 2366 1031 Gübenburg
2382 940 2493 1000 hätte
2525 924 2636 984 alhae
2667 913 2714 973 zes
2745 899 3000 959 erschinung
3031 887 3205 947 geleden,

2062 1059 2359 1119 setetesebe,
2400 1026 2529 1086 belhe
2570 1010 2635 1070 hen
2655 1003 2720 1063 des
2761 990 2931 1050 ebirent
2952 978 3081 1038 habe,
3102 970 3231 1030 haßen

2089 1150 2177 1210 gesh
2199 1126 2447 1186 ketende
2491 1106 2557 1166 ah
2604 1096 2670 1156 en
2714 1080 2915 1140 be
2940 1069 3006 1129 er
3028 1056 3276 1116 eisheifft

2084 1232 2285 1292 gertheilt
2320 1210 2403 1270 und
2422 1198 2504 1258 nach
2521 1178 2809 1238 verfließung
2842 1162 2894 1222 ser
2910 1156 2960 1216 in
2976 1147 3196 1207 demnselben

2086 1317 2280 1377 gefette
2319 1294 2398 1354 eich
2436 1282 2515 1342 noch
2535 1267 2691 1327 voesters
2710 1252 2847 1312 Rechte
2885 1241 2923 1301 el
2945 1229 3101 1289 zerladte
3120 1215 3197 1275 sin

2085 1403 2359 1463 Phedigung
2380 1381 2423 1441 in
2465 1360 2718 1420 Erveilung
2741 1341 2824 1401 ern
2847 1324 3059 1384 verbseg
3079 1308 3206 1368 hoge

2074 1501 2211 1561 Sel.
2228 1487 2314 1547 Fol.
2331 1475 2400 1535 14.
2434 1459 2554 1519 Satz.
2570 1446 2623 1506 6.
2640 1435 2760 1495 beder
2776 1421 2879 1481 gehen
2896 1406 3102 1466 nachniten,
3119 1394 3275 1454 sondern

2086 1587 2210 1647 halte
2234 1575 2275 1635 so
2296 1563 2402 1623 beng
2423 1543 2591 1603 mnegeli
2632 1522 2738 1582 behe
2780 1507 2845 1567 und
2865 1492 3096 1552 aufale
3140 1477 3267 1537 aben,

2949 1586 3051 1646 Auß
3089 1574 3204 1634 diesen

2115 1665 2334 1725 bebilliget
2362 1640 2495 1700 borden
2524 1618 2699 1678 bäher.

2113 1763 2203 1823 und
2232 1750 2411 1810 anderen
2442 1735 2486 1795 in
2532 1723 2591 1783 ser
2620 1712 2710 1772 klag
2740 1699 2815 1759 und
2844 1676 3159 1736 widerantborth
3173 1663 3295 1723 entz¬

2115 1847 2342 1907 halltenen
2360 1822 2552 1882 gennden
2570 1805 2665 1865 boll
2702 1789 2818 1849 main
2836 1772 2968 1832 dieser
2989 1750 3255 1810 Rechtszug,

2126 1936 2220 1996 oder
2239 1913 2546 1973 schedigungs
2564 1886 2717 1946 urthe,
2735 1873 2792 1933 ab
2829 1862 2906 1922 auf
2925 1850 3059 1910 inigen
3077 1833 3248 1893 geundet

2122 2016 2308 2076 gefricht
2351 1988 2622 2048 aufgehoben,
2642 1967 2726 2027 sie
2747 1951 2912 2011 gehare
2935 1935 3017 1995 und
3040 1917 3247 1977 befeher

2110 2094 2436 2154 seladungen
2457 2071 2521 2131 in
2564 2054 2716 2114 richt,
2737 2040 2804 2100 ab
2847 2016 3151 2076 widerechlis
3172 1993 3236 2053 en

2133 2183 2227 2243 des
2287 2160 2536 2220 eshe
2630 2129 2690 2189 e
2784 2102 3003 2162 en
3063 2078 3127 2138 es
3157 2063 3316 2123 ehe

2134 2267 2311 2327 vendig
2354 2240 2576 2300 Vebeste
2622 2213 2732 2273 hate
2777 2182 3064 2242 Abekein
3086 2157 3198 2217 bege

2123 2359 2310 2419 Ver
2336 2339 2501 2399 er
2553 2315 2688 2375 dehe
2741 2296 2797 2356 eo
2849 2274 3040 2334 erle
3066 2244 3310 2304 ederse¬

2148 2453 2214 2513 e
2284 2439 2317 2499 e
2383 2420 2519 2480 en
2693 2362 3032 2422 es
3168 2316 3272 2376 en

2142 2537 2199 2597 de
2282 2520 2392 2580 ale
2448 2495 2641 2555 eaten
2725 2447 3031 2507 esehe
3141 2405 3167 2465 h
3197 2392 3281 2452 hen
