4032 3024
721 320 873 380 Zurches
889 300 1128 360 begehret,
1145 283 1195 343 So
1230 274 1330 334 Ihro
1365 271 1450 331 auch
1483 284 1720 344 bebilliget

425 322 556 382 176f

736 405 861 465 boeden
892 389 987 449 vnnd
1018 369 1190 429 beschecht
1221 356 1269 416 den
1300 353 1394 413 2ten
1410 353 1535 413 Mertz
1551 364 1661 424 1733
1707 390 1787 450 .

750 498 834 558 aber
863 483 977 543 erst
991 457 1263 517 vorgelesen
1277 440 1364 500 und
1406 438 1521 498 guth
1535 452 1720 512 geheißen

737 597 830 657 werd
869 580 923 640 den
941 567 1037 627 93ten
1055 554 1148 614 Mert
1205 538 1335 598 gleich
1373 526 1503 586 Jahrs

764 732 987 792 Wohlen:
1013 707 1144 767 Nache
1170 696 1236 756 Min
1249 689 1353 749 gnädigen
1366 685 1472 745 Herren
1484 686 1601 746 owohl
1616 690 1667 750 Ihr

767 808 960 868 schreiben,
972 783 1212 843 betreffendt
1249 764 1320 824 der
1357 752 1550 812 Christina
1609 748 1719 808 Hügl.

447 838 752 898 hagifföstinar.

749 893 830 953 von
854 882 946 942 herrn
958 864 1180 924 schwanden
1238 844 1320 904 wey
1343 832 1541 892 ohnehrlich
1576 826 1739 886 Erzeügete

740 967 885 1027 Kinder
912 955 990 1015 über
1018 940 1189 1000 Ihschunb
1215 918 1465 978 erdauwert,
1505 903 1690 963 habend

768 1043 954 1103 dieselben
1011 1023 1175 1083 lediger
1198 1004 1349 1064 dingen
1408 986 1583 1046 Erbent,
1617 975 1687 1035 daß

758 1121 915 1181 selbige
941 1107 1034 1167 nach
1060 1098 1126 1158 der
1152 1079 1403 1139 Oordnung
1442 1061 1481 1121 de
1521 1055 1573 1115 Ao
1613 1048 1704 1108 1712

778 1198 868 1258 nach
890 1189 957 1249 ie
979 1171 1248 1231 abesung
1291 1146 1425 1206 samb
1492 1130 1536 1190 es
1560 1119 1715 1179 barteg

776 1272 1068 1332 sohgelichen
1090 1248 1201 1308 bedn
1225 1235 1358 1295 slbe.
1403 1209 1742 1269 abherachsten

771 1358 943 1418 beagig
983 1344 1020 1404 zu
1039 1334 1173 1394 loßen
1213 1317 1347 1377 Siehi
1366 1305 1462 1365 mit
1481 1288 1730 1348 angesenen

771 1434 954 1494 verdindt
981 1416 1086 1476 Furs
1099 1406 1258 1466 Einte¬

790 1551 897 1611 Furd
919 1541 1036 1601 ander
1070 1531 1176 1591 dann
1252 1515 1466 1575 ansehendt
1487 1502 1574 1562 Ihre
1595 1489 1811 1549 wegrungs¬

805 1623 934 1683 grundt
947 1615 1050 1675 wider
1075 1607 1141 1667 deß
1193 1595 1322 1655 Cchöistel
1348 1575 1620 1635 Vhirwächters
1645 1550 1776 1610 vorha¬

819 1698 921 1758 brende
959 1691 1009 1751 Ehe
1061 1683 1149 1743 mit
1176 1670 1302 1730 Anna
1341 1653 1493 1713 Wibel
1531 1627 1774 1687 BonRadl¬

502 1684 727 1744 Schwiwächter

604 1735 731 1795 Christer

826 1779 962 1839 wingen
1000 1769 1155 1829 habend
1196 1753 1332 1813 Mehßd
1351 1734 1488 1794 selbig
1507 1714 1624 1774 nicht
1643 1692 1760 1752 beudcg

494 1816 629 1876 Weibel
649 1807 745 1867 Anna

793 1862 907 1922 genug
937 1853 1125 1913 befunden
1211 1838 1283 1898 die
1299 1827 1414 1887 solche
1442 1800 1675 1860 behinderen

805 1935 1000 1995 könten,
1033 1929 1098 1989 alß
1130 1919 1304 1979 wollundt
1325 1903 1488 1963 dieselbe
1542 1877 1684 1937 obigen

802 2007 999 2067 Pfarheren
1076 1990 1287 2050 zumahlen
1319 1974 1441 2034 beyde
1486 1960 1562 2020 das
1577 1935 1804 1995 gsazensige

784 2085 897 2145 Alter
910 2080 1111 2140 überstigen
1187 2071 1236 2131 Er
1273 2066 1337 2126 zum
1400 2050 1538 2110 Kiege
1563 2034 1639 2094 zug
1663 2014 1776 2074 beechet

797 2161 902 2221 undt
935 2164 998 2224 ein
1030 2163 1095 2223 gut
1126 2159 1339 2219 handtwerk
1371 2145 1532 2205 erlehent
1595 2123 1723 2183 beyde

807 2252 921 2312 stack
954 2248 1057 2308 undt
1091 2246 1273 2306 gesunden
1296 2243 1398 2303 lebt
1454 2236 1523 2296 die
1546 2215 1796 2275 bezeuhung

820 2336 928 2396 dieses
954 2334 995 2394 Er
1036 2330 1265 2390 bewilliget
1291 2326 1441 2386 haben.

1875 506 2034 566 Whills

1876 607 1893 667 1

1867 689 1889 749 s
1957 643 2069 703 en

1903 715 2032 775 sbeus

1925 1742 2026 1802 .

1906 2070 1981 2130 Selr
2002 2071 2086 2131 Eaten

1917 2144 2002 2204 Mith
2015 2141 2124 2201 Cospor

3072 199 3121 259 35
3159 208 3222 268 .

2073 316 2338 376 Münsingen
2403 293 2606 353 Elßbeth
2631 292 2733 352 Stube
2770 293 2847 353 von
2872 295 3050 355 Linsellen
3102 291 3164 351 deß

2077 410 2242 470 Wiland
2279 381 2483 441 Grümbnd
2508 374 2597 434 von
2622 374 2812 434 Dägersch.
2839 376 2939 436 Weib
2966 375 3016 435 ist
3041 370 3220 430 Veredich¬

2086 494 2165 554 stig
2178 473 2378 533 bezogend,
2391 459 2579 519 eingesetzt
2592 455 2738 515 worden,
2764 455 2858 515 undt
2884 455 2965 515 das
2978 455 3030 515 fir
3057 454 3098 514 10
3124 451 3177 511 tag

2104 587 2172 647 hat
2194 571 2261 631 aber
2285 557 2363 617 alle
2387 541 2646 601 bhätlichbeit
2668 533 2884 593 vermeint:
2917 531 3120 591 Worüber

2097 661 2258 721 Mehher
2272 639 2366 699 bet,
2393 628 2461 688 daß
2488 619 2624 679 selbige
2651 612 2691 672 zu
2719 606 3002 666 empfachungs
3044 601 3084 661 zu

2102 746 2184 806 seine
2219 715 2546 775 verhoffentlicher
2581 701 2779 761 bestrang
2815 696 2897 756 140
2920 691 3036 751 stiihn
3071 684 3107 744 im

2098 818 2377 878 schlingstuhl
2413 790 2607 850 gesetzet,
2621 777 2814 837 nachwerte
2838 769 2924 829 Euch
2948 764 3058 824 durch
3070 759 3130 819 die

2074 916 2323 976 beboffosen
2391 884 2457 944 bey
2490 866 2741 926 sommation
2774 851 2875 911 deds
2891 844 3007 904 hallen
3025 839 3140 899 nebe

2098 1009 2243 1069 sraff
2286 988 2344 1048 die
2360 975 2475 1035 statt
2506 961 2577 1021 vor
2606 947 2797 1007 außlauff
2825 933 2971 993 sweyer
2985 925 3116 985 Jahren

2092 1089 2225 1149 neicht
2263 1060 2550 1120 zubetatten,
2569 1042 2625 1102 Es
2644 1031 2798 1091 könne
2836 1020 2931 1080 derm
2969 1008 3235 1068 Anttantsche

2110 1166 2357 1226 eugsamme
2373 1145 2456 1205 Ihr
2489 1119 2819 1179 Wohtverhaltens
2851 1097 2951 1157 Von
2983 1087 3082 1147 Eüch
3099 1079 3249 1139 auff¬

2089 1264 2255 1324 desen
2324 1226 2540 1286 hgefeht
2586 1207 2635 1267 en
2681 1193 2848 1253 slen,
2871 1178 2989 1238 dase
3038 1167 3084 1227 be
3110 1154 3277 1214 bechte

2100 1346 2206 1406 und
2224 1322 2402 1382 ebsucht
2422 1299 2617 1359 verdende,
2652 1285 2689 1345 zu
2724 1273 2867 1333 diesem
2902 1256 3100 1316 Mechsh.
3117 1238 3244 1298 gute¬

2077 1435 2166 1495 seg
2194 1414 2343 1474 en
2371 1398 2403 1458 n
2520 1376 2669 1436 e
2726 1350 2992 1410 beahed
3113 1317 3262 1377 bese

2063 1627 2269 1687 Shatel
2323 1606 2373 1666 au
2424 1584 2608 1644 ledeh
2684 1548 2864 1608 etehe
2893 1515 3124 1575 eralter

2130 1707 2338 1767 Wegen,
2367 1683 2471 1743 Ihr
2497 1670 2550 1730 en
2576 1656 2655 1716 ih
2787 1622 2946 1682 ober
2971 1589 3237 1649 Banton

2096 1806 2166 1866 di
2188 1789 2395 1849 enstalt
2420 1757 2627 1817 vorfrge
2675 1714 2904 1774 zulaßen

2098 1959 2205 2019 Ala
2261 1941 2398 2001 ei
2478 1891 2860 1951 cebachthe
2914 1851 2970 1911 b
3050 1834 3107 1894 ah

2141 2031 2237 2091 set
2363 2015 2398 2075 e
2459 2000 2554 2060 es
2841 1947 2876 2007 e
2937 1929 3033 1989 hen
3098 1903 3259 1963 sen

2161 2114 2235 2174 mit
2282 2078 2792 2138 klendeschlangeng
2843 2029 2916 2089 der
2940 2014 3014 2074 Er
3037 1995 3209 2055 halbe

2114 2190 2418 2250 angestohen
2442 2161 2619 2221 Coster
2671 2118 2948 2178 Machlkon
2972 2076 3228 2136 hinslal,

2121 2289 2227 2349 seh
2479 2218 2939 2278 esehe
3118 2157 3263 2217 fen

2116 2384 2239 2444 Soch
2262 2364 2491 2424 anklegt
2511 2330 2742 2390 koneinrt,
2763 2305 2825 2365 zie
2845 2290 2950 2350 dem
2971 2274 3076 2334 auch
3097 2265 3117 2325 a
