<?xml version="1.0" encoding="UTF-8" standalone="yes"?>
<PcGts xmlns="http://schema.primaresearch.org/PAGE/gts/pagecontent/2013-07-15" xmlns:xsi="http://www.w3.org/2001/XMLSchema-instance" xsi:schemaLocation="http://schema.primaresearch.org/PAGE/gts/pagecontent/2013-07-15 http://schema.primaresearch.org/PAGE/gts/pagecontent/2013-07-15/pagecontent.xsd">
    <Metadata>
        <Creator>prov=READ-COOP:name=PyLaia@TranskribusPlatform:version=0.6.0:model_id=38215:lm=none:date=22_11_2021_11:08
prov=READ-COOP:name=PyLaia@Transkribus:version=0.6.0:model_id=38215:date=22_11_2021_11:05
prov=University of Rostock/Institute of Mathematics/CITlab|PLANET AI GmbH/Tobias Gruening/tobias.gruening@planet-ai.de:name=de.uros.citlab.module.baseline2polygon.B2PSeamMultiOriented:v=2.6.7</Creator>
        <Created>2021-08-09T15:16:24.157+02:00</Created>
        <LastChange>2021-11-22T11:08:42.242+01:00</LastChange>
        <TranskribusMetadata docId="746917" pageId="28279563" pageNr="181" tsid="68401031" status="IN_PROGRESS" userId="537" imgUrl="https://files.transkribus.eu/Get?id=IBDGKIONSZCIYCFAXAFCCXTL&amp;fileType=view" xmlUrl="https://files.transkribus.eu/Get?id=JCNRZKBUCQALBWSNTBINDFBS" imageId="22025056"/>
    </Metadata>
    <Page imageFilename="181.jpg" imageWidth="4032" imageHeight="3024">
        <ReadingOrder>
            <OrderedGroup id="ro_1687514961630" caption="Regions reading order">
                <RegionRefIndexed index="0" regionRef="r1"/>
                <RegionRefIndexed index="1" regionRef="r2"/>
                <RegionRefIndexed index="2" regionRef="r3"/>
                <RegionRefIndexed index="3" regionRef="r4"/>
            </OrderedGroup>
        </ReadingOrder>
        <TextRegion orientation="0.0" id="r1" custom="readingOrder {index:0;}">
            <Coords points="440,252 440,410 527,410 527,252"/>
            <TextLine id="r1l1" custom="readingOrder {index:0;}">
                <Coords points="434,380 454,375 466,365 489,360 499,366 511,365 520,355 535,353 531,291 514,288 509,295 489,298 485,303 473,294 464,298 454,289 442,303 429,303"/>
                <Baseline points="440,360 469,353 498,352 527,354"/>
                <Word id="r1l1_w1" custom="readingOrder {index:0;}">
                    <Coords points="445,312 445,372 517,372 517,312"/>
                    <TextEquiv>
                        <Unicode>3166</Unicode>
                    </TextEquiv>
                </Word>
                <TextEquiv>
                    <Unicode>3166</Unicode>
                </TextEquiv>
            </TextLine>
            <TextEquiv>
                <Unicode></Unicode>
            </TextEquiv>
        </TextRegion>
        <TextRegion orientation="0.0" id="r2" custom="readingOrder {index:1;}">
            <Coords points="474,1282 474,1462 788,1462 788,1282"/>
            <TextLine id="r2l1" custom="readingOrder {index:0;}">
                <Coords points="483,1408 519,1401 554,1361 596,1342 639,1361 660,1343 674,1353 718,1332 767,1358 799,1355 791,1266 740,1276 691,1248 678,1262 568,1271 466,1228"/>
                <Baseline points="486,1350 511,1347 536,1344 561,1341 586,1339 611,1336 637,1333 662,1331 687,1329 712,1327 737,1325 762,1323 788,1322"/>
                <Word id="r2l1_w1" custom="readingOrder {index:0;}">
                    <Coords points="469,1301 469,1361 646,1361 646,1301"/>
                    <TextEquiv>
                        <Unicode>Hocgfmnan</Unicode>
                    </TextEquiv>
                </Word>
                <Word id="r2l1_w2" custom="readingOrder {index:1;}">
                    <Coords points="661,1285 661,1345 793,1345 793,1285"/>
                    <TextEquiv>
                        <Unicode>Maria</Unicode>
                    </TextEquiv>
                </Word>
                <TextEquiv>
                    <Unicode>Hocgfmnan Maria</Unicode>
                </TextEquiv>
            </TextLine>
            <TextLine id="r2l2" custom="readingOrder {index:1;}">
                <Coords points="469,1468 531,1473 555,1460 591,1481 630,1455 684,1448 710,1466 723,1455 762,1468 796,1461 785,1356 743,1361 693,1341 639,1361 594,1344 545,1370 511,1370 462,1405"/>
                <Baseline points="474,1442 499,1435 525,1429 551,1425 576,1421 602,1418 628,1415 653,1413 679,1412 705,1410 730,1408 756,1406 782,1403"/>
                <Word id="r2l2_w1" custom="readingOrder {index:0;}">
                    <Coords points="477,1385 477,1445 621,1445 621,1385"/>
                    <TextEquiv>
                        <Unicode>Christen</Unicode>
                    </TextEquiv>
                </Word>
                <Word id="r2l2_w2" custom="readingOrder {index:1;}">
                    <Coords points="634,1369 634,1429 791,1429 791,1369"/>
                    <TextEquiv>
                        <Unicode>Albrecht</Unicode>
                    </TextEquiv>
                </Word>
                <TextEquiv>
                    <Unicode>Christen Albrecht</Unicode>
                </TextEquiv>
            </TextLine>
            <TextEquiv>
                <Unicode></Unicode>
            </TextEquiv>
        </TextRegion>
        <TextRegion orientation="0.0" id="r3" custom="readingOrder {index:2;}">
            <Coords points="722,335 722,2543 1805,2543 1805,335"/>
            <TextLine id="r3l1" custom="readingOrder {index:0;}">
                <Coords points="729,429 903,395 1045,452 1113,397 1255,378 1390,441 1522,382 1752,414 1752,366 1645,365 1467,276 1330,325 1246,273 1045,321 890,285 729,351"/>
                <Baseline points="737,416 787,409 837,403 888,396 938,392 989,387 1039,384 1089,381 1140,378 1190,376 1241,375 1291,375 1341,375 1392,377 1442,378 1493,383 1543,386 1593,390 1644,396 1694,403 1745,410"/>
                <Word id="r3l1_w1" custom="readingOrder {index:0;}">
                    <Coords points="746,362 746,422 929,422 929,362"/>
                    <TextEquiv>
                        <Unicode>Seißt</Unicode>
                    </TextEquiv>
                </Word>
                <Word id="r3l1_w2" custom="readingOrder {index:1;}">
                    <Coords points="956,345 956,405 1056,405 1056,345"/>
                    <TextEquiv>
                        <Unicode>auff</Unicode>
                    </TextEquiv>
                </Word>
                <Word id="r3l1_w3" custom="readingOrder {index:2;}">
                    <Coords points="1070,339 1070,399 1168,399 1168,339"/>
                    <TextEquiv>
                        <Unicode>Ihme</Unicode>
                    </TextEquiv>
                </Word>
                <Word id="r3l1_w4" custom="readingOrder {index:3;}">
                    <Coords points="1196,335 1196,395 1422,395 1422,335"/>
                    <TextEquiv>
                        <Unicode>vroharret,</Unicode>
                    </TextEquiv>
                </Word>
                <Word id="r3l1_w5" custom="readingOrder {index:4;}">
                    <Coords points="1451,345 1451,405 1606,405 1606,345"/>
                    <TextEquiv>
                        <Unicode>hierüber</Unicode>
                    </TextEquiv>
                </Word>
                <Word id="r3l1_w6" custom="readingOrder {index:5;}">
                    <Coords points="1620,362 1620,422 1762,422 1762,362"/>
                    <TextEquiv>
                        <Unicode>tollite</Unicode>
                    </TextEquiv>
                </Word>
                <TextEquiv>
                    <Unicode>Seißt auff Ihme vroharret, hierüber tollite</Unicode>
                </TextEquiv>
            </TextLine>
            <TextLine id="r3l2" custom="readingOrder {index:1;}">
                <Coords points="715,534 787,549 924,476 1044,473 1137,520 1213,464 1732,482 1677,412 1439,383 1378,432 1309,380 1175,380 1032,455 897,399 711,425"/>
                <Baseline points="722,504 772,499 822,494 872,488 922,483 972,477 1022,473 1072,468 1122,464 1172,462 1223,458 1273,456 1323,453 1373,453 1423,453 1473,454 1523,456 1573,459 1623,463 1673,469 1724,476"/>
                <Word id="r3l2_w1" custom="readingOrder {index:0;}">
                    <Coords points="713,460 713,520 811,520 811,460"/>
                    <TextEquiv>
                        <Unicode>Men</Unicode>
                    </TextEquiv>
                </Word>
                <Word id="r3l2_w2" custom="readingOrder {index:1;}">
                    <Coords points="823,447 823,507 924,507 924,447"/>
                    <TextEquiv>
                        <Unicode>gen</Unicode>
                    </TextEquiv>
                </Word>
                <Word id="r3l2_w3" custom="readingOrder {index:2;}">
                    <Coords points="936,435 936,495 1046,495 1046,435"/>
                    <TextEquiv>
                        <Unicode>enen</Unicode>
                    </TextEquiv>
                </Word>
                <Word id="r3l2_w4" custom="readingOrder {index:3;}">
                    <Coords points="1072,417 1072,477 1418,477 1418,417"/>
                    <TextEquiv>
                        <Unicode>auffgetragen,</Unicode>
                    </TextEquiv>
                </Word>
                <Word id="r3l2_w5" custom="readingOrder {index:4;}">
                    <Coords points="1456,415 1456,475 1579,475 1579,415"/>
                    <TextEquiv>
                        <Unicode>haben</Unicode>
                    </TextEquiv>
                </Word>
                <Word id="r3l2_w6" custom="readingOrder {index:5;}">
                    <Coords points="1605,426 1605,486 1704,486 1704,426"/>
                    <TextEquiv>
                        <Unicode>beyde</Unicode>
                    </TextEquiv>
                </Word>
                <TextEquiv>
                    <Unicode>Men gen enen auffgetragen, haben beyde</Unicode>
                </TextEquiv>
            </TextLine>
            <TextLine id="r3l3" custom="readingOrder {index:2;}">
                <Coords points="753,583 938,553 1102,581 1329,530 1407,556 1463,523 1543,562 1726,539 1724,493 1432,451 1319,490 1242,465 1152,519 1046,474 750,524"/>
                <Baseline points="761,569 808,567 856,564 904,560 952,556 1000,552 1048,548 1095,545 1143,541 1191,537 1239,534 1287,531 1335,528 1383,527 1430,525 1478,524 1526,524 1574,526 1622,527 1670,530 1718,534"/>
                <Word id="r3l3_w1" custom="readingOrder {index:0;}">
                    <Coords points="759,528 759,588 789,588 789,528"/>
                    <TextEquiv>
                        <Unicode>im</Unicode>
                    </TextEquiv>
                </Word>
                <Word id="r3l3_w2" custom="readingOrder {index:1;}">
                    <Coords points="829,514 829,574 1111,574 1111,514"/>
                    <TextEquiv>
                        <Unicode>Burgations-</Unicode>
                    </TextEquiv>
                </Word>
                <Word id="r3l3_w3" custom="readingOrder {index:2;}">
                    <Coords points="1131,497 1131,557 1232,557 1232,497"/>
                    <TextEquiv>
                        <Unicode>Eydt</Unicode>
                    </TextEquiv>
                </Word>
                <Word id="r3l3_w4" custom="readingOrder {index:3;}">
                    <Coords points="1252,490 1252,550 1353,550 1353,490"/>
                    <TextEquiv>
                        <Unicode>undt</Unicode>
                    </TextEquiv>
                </Word>
                <Word id="r3l3_w5" custom="readingOrder {index:4;}">
                    <Coords points="1392,485 1392,545 1453,545 1453,485"/>
                    <TextEquiv>
                        <Unicode>der</Unicode>
                    </TextEquiv>
                </Word>
                <Word id="r3l3_w6" custom="readingOrder {index:5;}">
                    <Coords points="1473,486 1473,546 1694,546 1694,486"/>
                    <TextEquiv>
                        <Unicode>lichtigkeit</Unicode>
                    </TextEquiv>
                </Word>
                <TextEquiv>
                    <Unicode>im Burgations- Eydt undt der lichtigkeit</Unicode>
                </TextEquiv>
            </TextLine>
            <TextLine id="r3l4" custom="readingOrder {index:3;}">
                <Coords points="738,696 942,636 1018,664 1298,615 1465,665 1537,609 1703,626 1659,551 1461,529 1381,585 1172,541 1090,588 852,559 732,598"/>
                <Baseline points="743,656 790,654 838,653 885,649 933,645 980,641 1028,637 1075,633 1123,627 1170,623 1218,618 1266,614 1313,610 1361,608 1408,605 1456,603 1503,602 1551,602 1598,603 1646,605 1694,609"/>
                <Word id="r3l4_w1" custom="readingOrder {index:0;}">
                    <Coords points="744,611 744,671 977,671 977,611"/>
                    <TextEquiv>
                        <Unicode>deßelben</Unicode>
                    </TextEquiv>
                </Word>
                <Word id="r3l4_w2" custom="readingOrder {index:1;}">
                    <Coords points="1013,594 1013,654 1106,654 1106,594"/>
                    <TextEquiv>
                        <Unicode>wohl</Unicode>
                    </TextEquiv>
                </Word>
                <Word id="r3l4_w3" custom="readingOrder {index:2;}">
                    <Coords points="1153,578 1153,638 1268,638 1268,578"/>
                    <TextEquiv>
                        <Unicode>undt</Unicode>
                    </TextEquiv>
                </Word>
                <Word id="r3l4_w4" custom="readingOrder {index:3;}">
                    <Coords points="1293,564 1293,624 1548,624 1548,564"/>
                    <TextEquiv>
                        <Unicode>gründtlich</Unicode>
                    </TextEquiv>
                </Word>
                <Word id="r3l4_w5" custom="readingOrder {index:4;}">
                    <Coords points="1573,564 1573,624 1713,624 1713,564"/>
                    <TextEquiv>
                        <Unicode>under¬</Unicode>
                    </TextEquiv>
                </Word>
                <TextEquiv>
                    <Unicode>deßelben wohl undt gründtlich under¬</Unicode>
                </TextEquiv>
            </TextLine>
            <TextLine id="r3l5" custom="readingOrder {index:4;}">
                <Coords points="732,789 860,734 1156,704 1297,735 1602,685 1711,721 1754,711 1751,658 1630,613 1574,647 1525,617 1467,668 1293,615 1105,662 1057,637 1009,677 889,649 787,708 726,685"/>
                <Baseline points="737,743 787,738 837,734 888,730 938,725 989,720 1039,716 1089,711 1140,707 1190,702 1241,699 1291,696 1341,693 1392,691 1442,690 1493,689 1543,689 1593,690 1644,692 1694,695 1745,699"/>
                <Word id="r3l5_w1" custom="readingOrder {index:0;}">
                    <Coords points="739,695 739,755 904,755 904,695"/>
                    <TextEquiv>
                        <Unicode>prichten</Unicode>
                    </TextEquiv>
                </Word>
                <Word id="r3l5_w2" custom="readingOrder {index:1;}">
                    <Coords points="939,679 939,739 1045,739 1045,679"/>
                    <TextEquiv>
                        <Unicode>undt</Unicode>
                    </TextEquiv>
                </Word>
                <Word id="r3l5_w3" custom="readingOrder {index:2;}">
                    <Coords points="1068,661 1068,721 1316,721 1316,661"/>
                    <TextEquiv>
                        <Unicode>nachteets,</Unicode>
                    </TextEquiv>
                </Word>
                <Word id="r3l5_w4" custom="readingOrder {index:3;}">
                    <Coords points="1339,651 1339,711 1421,711 1421,651"/>
                    <TextEquiv>
                        <Unicode>wan</Unicode>
                    </TextEquiv>
                </Word>
                <Word id="r3l5_w5" custom="readingOrder {index:4;}">
                    <Coords points="1481,649 1481,709 1539,709 1539,649"/>
                    <TextEquiv>
                        <Unicode>die</Unicode>
                    </TextEquiv>
                </Word>
                <Word id="r3l5_w6" custom="readingOrder {index:5;}">
                    <Coords points="1562,652 1562,712 1739,712 1739,652"/>
                    <TextEquiv>
                        <Unicode>Klegenn</Unicode>
                    </TextEquiv>
                </Word>
                <TextEquiv>
                    <Unicode>prichten undt nachteets, wan die Klegenn</Unicode>
                </TextEquiv>
            </TextLine>
            <TextLine id="r3l6" custom="readingOrder {index:5;}">
                <Coords points="757,835 1207,782 1310,815 1520,770 1731,783 1727,724 1632,691 1575,746 1474,699 1307,744 1135,711 1095,754 915,726 811,797 754,792"/>
                <Baseline points="764,821 811,816 859,813 907,810 955,805 1003,801 1051,797 1098,794 1146,790 1194,786 1242,783 1290,780 1338,777 1386,774 1433,772 1481,770 1529,768 1577,767 1625,765 1673,765 1721,764"/>
                <Word id="r3l6_w1" custom="readingOrder {index:0;}">
                    <Coords points="763,772 763,832 985,832 985,772"/>
                    <TextEquiv>
                        <Unicode>imstandt</Unicode>
                    </TextEquiv>
                </Word>
                <Word id="r3l6_w2" custom="readingOrder {index:1;}">
                    <Coords points="1004,758 1004,818 1071,818 1071,758"/>
                    <TextEquiv>
                        <Unicode>sein</Unicode>
                    </TextEquiv>
                </Word>
                <Word id="r3l6_w3" custom="readingOrder {index:2;}">
                    <Coords points="1111,749 1111,809 1198,809 1198,749"/>
                    <TextEquiv>
                        <Unicode>wind</Unicode>
                    </TextEquiv>
                </Word>
                <Word id="r3l6_w4" custom="readingOrder {index:3;}">
                    <Coords points="1227,734 1227,794 1527,794 1527,734"/>
                    <TextEquiv>
                        <Unicode>mitnötigen</Unicode>
                    </TextEquiv>
                </Word>
                <Word id="r3l6_w5" custom="readingOrder {index:4;}">
                    <Coords points="1585,725 1585,785 1701,785 1701,725"/>
                    <TextEquiv>
                        <Unicode>bericht</Unicode>
                    </TextEquiv>
                </Word>
                <TextEquiv>
                    <Unicode>imstandt sein wind mitnötigen bericht</Unicode>
                </TextEquiv>
            </TextLine>
            <TextLine id="r3l7" custom="readingOrder {index:6;}">
                <Coords points="767,943 858,945 957,881 1131,922 1328,875 1406,920 1481,858 1742,859 1778,821 1521,772 1331,819 1256,785 1126,854 991,803 760,841"/>
                <Baseline points="773,911 825,906 878,900 930,896 983,890 1035,887 1088,882 1141,877 1193,873 1246,869 1298,866 1351,862 1403,859 1456,856 1509,854 1561,851 1614,849 1666,848 1719,846 1772,845"/>
                <Word id="r3l7_w1" custom="readingOrder {index:0;}">
                    <Coords points="774,869 774,929 811,929 811,869"/>
                    <TextEquiv>
                        <Unicode>so</Unicode>
                    </TextEquiv>
                </Word>
                <Word id="r3l7_w2" custom="readingOrder {index:1;}">
                    <Coords points="836,859 836,919 924,919 924,859"/>
                    <TextEquiv>
                        <Unicode>wohl</Unicode>
                    </TextEquiv>
                </Word>
                <Word id="r3l7_w3" custom="readingOrder {index:2;}">
                    <Coords points="962,849 962,909 1037,909 1037,849"/>
                    <TextEquiv>
                        <Unicode>ihro</Unicode>
                    </TextEquiv>
                </Word>
                <Word id="r3l7_w4" custom="readingOrder {index:3;}">
                    <Coords points="1062,833 1062,893 1313,893 1313,833"/>
                    <TextEquiv>
                        <Unicode>empfangen</Unicode>
                    </TextEquiv>
                </Word>
                <Word id="r3l7_w5" custom="readingOrder {index:4;}">
                    <Coords points="1375,816 1375,876 1512,876 1512,816"/>
                    <TextEquiv>
                        <Unicode>Eydts</Unicode>
                    </TextEquiv>
                </Word>
                <Word id="r3l7_w6" custom="readingOrder {index:5;}">
                    <Coords points="1539,808 1539,868 1738,868 1738,808"/>
                    <TextEquiv>
                        <Unicode>dectention</Unicode>
                    </TextEquiv>
                </Word>
                <TextEquiv>
                    <Unicode>so wohl ihro empfangen Eydts dectention</Unicode>
                </TextEquiv>
            </TextLine>
            <TextLine id="r3l8" custom="readingOrder {index:7;}">
                <Coords points="758,1032 973,975 1745,944 1741,886 1683,875 1616,905 1520,874 1397,923 1327,875 1132,922 939,893 755,968"/>
                <Baseline points="765,993 813,988 862,982 910,978 959,974 1007,970 1056,966 1104,962 1153,959 1201,956 1250,953 1299,950 1347,948 1396,946 1444,944 1493,942 1541,940 1590,939 1638,937 1687,936 1736,935"/>
                <Word id="r3l8_w1" custom="readingOrder {index:0;}">
                    <Coords points="767,948 767,1008 848,1008 848,948"/>
                    <TextEquiv>
                        <Unicode>alß</Unicode>
                    </TextEquiv>
                </Word>
                <Word id="r3l8_w2" custom="readingOrder {index:1;}">
                    <Coords points="893,932 893,992 1066,992 1066,932"/>
                    <TextEquiv>
                        <Unicode>habenden</Unicode>
                    </TextEquiv>
                </Word>
                <Word id="r3l8_w3" custom="readingOrder {index:2;}">
                    <Coords points="1100,915 1100,975 1329,975 1329,915"/>
                    <TextEquiv>
                        <Unicode>Lümbden</Unicode>
                    </TextEquiv>
                </Word>
                <Word id="r3l8_w4" custom="readingOrder {index:3;}">
                    <Coords points="1398,904 1398,964 1490,964 1490,904"/>
                    <TextEquiv>
                        <Unicode>auff</Unicode>
                    </TextEquiv>
                </Word>
                <Word id="r3l8_w5" custom="readingOrder {index:4;}">
                    <Coords points="1524,899 1524,959 1582,959 1582,899"/>
                    <TextEquiv>
                        <Unicode>Ein</Unicode>
                    </TextEquiv>
                </Word>
                <Word id="r3l8_w6" custom="readingOrder {index:5;}">
                    <Coords points="1627,896 1627,956 1719,956 1719,896"/>
                    <TextEquiv>
                        <Unicode>Ihnen</Unicode>
                    </TextEquiv>
                </Word>
                <TextEquiv>
                    <Unicode>alß habenden Lümbden auff Ein Ihnen</Unicode>
                </TextEquiv>
            </TextLine>
            <TextLine id="r3l9" custom="readingOrder {index:8;}">
                <Coords points="763,1098 842,1113 927,1064 1038,1114 1276,1064 1440,1089 1513,1033 1579,1058 1723,1028 1742,982 1629,938 1467,989 1430,958 1300,998 973,975 759,1041"/>
                <Baseline points="770,1077 818,1071 866,1066 914,1060 963,1055 1011,1051 1059,1047 1108,1044 1156,1040 1204,1037 1253,1035 1301,1031 1349,1029 1397,1026 1446,1025 1494,1023 1542,1022 1591,1019 1639,1018 1687,1016 1736,1014"/>
                <Word id="r3l9_w1" custom="readingOrder {index:0;}">
                    <Coords points="774,1023 774,1083 996,1083 996,1023"/>
                    <TextEquiv>
                        <Unicode>ansetzenden</Unicode>
                    </TextEquiv>
                </Word>
                <Word id="r3l9_w2" custom="readingOrder {index:1;}">
                    <Coords points="1021,1007 1021,1067 1087,1067 1087,1007"/>
                    <TextEquiv>
                        <Unicode>tag</Unicode>
                    </TextEquiv>
                </Word>
                <Word id="r3l9_w3" custom="readingOrder {index:2;}">
                    <Coords points="1114,997 1114,1057 1270,1057 1270,997"/>
                    <TextEquiv>
                        <Unicode>allhor</Unicode>
                    </TextEquiv>
                </Word>
                <Word id="r3l9_w4" custom="readingOrder {index:3;}">
                    <Coords points="1296,987 1296,1047 1439,1047 1439,987"/>
                    <TextEquiv>
                        <Unicode>halten</Unicode>
                    </TextEquiv>
                </Word>
                <Word id="r3l9_w5" custom="readingOrder {index:4;}">
                    <Coords points="1505,978 1505,1038 1714,1038 1714,978"/>
                    <TextEquiv>
                        <Unicode>zulaßen</Unicode>
                    </TextEquiv>
                </Word>
                <TextEquiv>
                    <Unicode>ansetzenden tag allhor halten zulaßen</Unicode>
                </TextEquiv>
            </TextLine>
            <TextLine id="r3l10" custom="readingOrder {index:9;}">
                <Coords points="764,1262 942,1214 1151,1230 1533,1173 1618,1216 1754,1172 1749,1106 1467,1120 1396,1082 1286,1152 1108,1108 1044,1152 870,1101 755,1149"/>
                <Baseline points="770,1241 818,1233 867,1227 916,1220 965,1216 1013,1211 1062,1207 1111,1204 1160,1199 1208,1196 1257,1193 1306,1190 1355,1187 1403,1184 1452,1182 1501,1177 1550,1173 1598,1170 1647,1165 1696,1160 1745,1155"/>
                <Word id="r3l10_w1" custom="readingOrder {index:0;}">
                    <Coords points="771,1190 771,1250 905,1250 905,1190"/>
                    <TextEquiv>
                        <Unicode>Hutz,</Unicode>
                    </TextEquiv>
                </Word>
                <Word id="r3l10_w2" custom="readingOrder {index:1;}">
                    <Coords points="931,1175 931,1235 1012,1235 1012,1175"/>
                    <TextEquiv>
                        <Unicode>Von</Unicode>
                    </TextEquiv>
                </Word>
                <Word id="r3l10_w3" custom="readingOrder {index:2;}">
                    <Coords points="1038,1166 1038,1226 1106,1226 1106,1166"/>
                    <TextEquiv>
                        <Unicode>der</Unicode>
                    </TextEquiv>
                </Word>
                <Word id="r3l10_w4" custom="readingOrder {index:3;}">
                    <Coords points="1146,1152 1146,1212 1374,1212 1374,1152"/>
                    <TextEquiv>
                        <Unicode>Ehrbarkeit</Unicode>
                    </TextEquiv>
                </Word>
                <Word id="r3l10_w5" custom="readingOrder {index:4;}">
                    <Coords points="1413,1142 1413,1202 1455,1202 1455,1142"/>
                    <TextEquiv>
                        <Unicode>zu</Unicode>
                    </TextEquiv>
                </Word>
                <Word id="r3l10_w6" custom="readingOrder {index:5;}">
                    <Coords points="1494,1128 1494,1188 1735,1188 1735,1128"/>
                    <TextEquiv>
                        <Unicode>Mettseidt</Unicode>
                    </TextEquiv>
                </Word>
                <TextEquiv>
                    <Unicode>Hutz, Von der Ehrbarkeit zu Mettseidt</Unicode>
                </TextEquiv>
            </TextLine>
            <TextLine id="r3l11" custom="readingOrder {index:10;}">
                <Coords points="814,1352 985,1323 1021,1354 1091,1301 1205,1320 1462,1264 1631,1313 1781,1246 1777,1203 1676,1177 1627,1222 1460,1209 1378,1258 1294,1211 1000,1253 941,1214 807,1263"/>
                <Baseline points="819,1317 866,1313 914,1310 961,1306 1009,1302 1057,1298 1104,1295 1152,1291 1200,1287 1247,1284 1295,1281 1343,1277 1390,1272 1438,1269 1486,1265 1533,1261 1581,1257 1629,1252 1676,1248 1724,1244 1772,1239"/>
                <Word id="r3l11_w1" custom="readingOrder {index:0;}">
                    <Coords points="808,1271 808,1331 978,1331 978,1271"/>
                    <TextEquiv>
                        <Unicode>MeHe</Unicode>
                    </TextEquiv>
                </Word>
                <Word id="r3l11_w2" custom="readingOrder {index:1;}">
                    <Coords points="1002,1256 1002,1316 1171,1316 1171,1256"/>
                    <TextEquiv>
                        <Unicode>erichtet</Unicode>
                    </TextEquiv>
                </Word>
                <Word id="r3l11_w3" custom="readingOrder {index:2;}">
                    <Coords points="1196,1241 1196,1301 1389,1301 1389,1241"/>
                    <TextEquiv>
                        <Unicode>worden,</Unicode>
                    </TextEquiv>
                </Word>
                <Word id="r3l11_w4" custom="readingOrder {index:3;}">
                    <Coords points="1415,1224 1415,1284 1559,1284 1559,1224"/>
                    <TextEquiv>
                        <Unicode>welches</Unicode>
                    </TextEquiv>
                </Word>
                <Word id="r3l11_w5" custom="readingOrder {index:4;}">
                    <Coords points="1584,1208 1584,1268 1753,1268 1753,1208"/>
                    <TextEquiv>
                        <Unicode>gestalte</Unicode>
                    </TextEquiv>
                </Word>
                <TextEquiv>
                    <Unicode>MeHe erichtet worden, welches gestalte</Unicode>
                </TextEquiv>
            </TextLine>
            <TextLine id="r3l12" custom="readingOrder {index:11;}">
                <Coords points="823,1421 1440,1354 1569,1396 1638,1342 1773,1345 1768,1283 1631,1315 1485,1271 1356,1326 1308,1294 1193,1330 1085,1307 1000,1365 817,1350"/>
                <Baseline points="830,1409 876,1402 923,1397 969,1392 1016,1386 1063,1382 1109,1376 1156,1372 1203,1367 1249,1364 1296,1360 1343,1356 1389,1352 1436,1348 1483,1346 1529,1343 1576,1339 1623,1338 1669,1334 1716,1332 1763,1329"/>
                <Word id="r3l12_w1" custom="readingOrder {index:0;}">
                    <Coords points="832,1359 832,1419 962,1419 962,1359"/>
                    <TextEquiv>
                        <Unicode>Maria</Unicode>
                    </TextEquiv>
                </Word>
                <Word id="r3l12_w2" custom="readingOrder {index:1;}">
                    <Coords points="1013,1335 1013,1395 1209,1395 1209,1335"/>
                    <TextEquiv>
                        <Unicode>Hooffman</Unicode>
                    </TextEquiv>
                </Word>
                <Word id="r3l12_w3" custom="readingOrder {index:2;}">
                    <Coords points="1248,1320 1248,1380 1339,1380 1339,1320"/>
                    <TextEquiv>
                        <Unicode>Oan</Unicode>
                    </TextEquiv>
                </Word>
                <Word id="r3l12_w4" custom="readingOrder {index:3;}">
                    <Coords points="1366,1304 1366,1364 1638,1364 1638,1304"/>
                    <TextEquiv>
                        <Unicode>Lattränger,</Unicode>
                    </TextEquiv>
                </Word>
                <Word id="r3l12_w5" custom="readingOrder {index:4;}">
                    <Coords points="1652,1292 1652,1352 1743,1352 1743,1292"/>
                    <TextEquiv>
                        <Unicode>welse</Unicode>
                    </TextEquiv>
                </Word>
                <TextEquiv>
                    <Unicode>Maria Hooffman Oan Lattränger, welse</Unicode>
                </TextEquiv>
            </TextLine>
            <TextLine id="r3l13" custom="readingOrder {index:12;}">
                <Coords points="788,1551 858,1497 1059,1500 1116,1457 1178,1487 1527,1423 1607,1461 1670,1411 1770,1409 1764,1355 1695,1338 1566,1397 1436,1357 1328,1396 1274,1368 1220,1409 997,1394 778,1454"/>
                <Baseline points="791,1499 839,1493 888,1489 936,1484 985,1478 1033,1473 1082,1468 1130,1463 1179,1457 1227,1452 1276,1446 1324,1442 1373,1437 1421,1432 1470,1427 1518,1422 1567,1416 1615,1412 1664,1407 1712,1403 1761,1398"/>
                <Word id="r3l13_w1" custom="readingOrder {index:0;}">
                    <Coords points="801,1454 801,1514 853,1514 853,1454"/>
                    <TextEquiv>
                        <Unicode>den</Unicode>
                    </TextEquiv>
                </Word>
                <Word id="r3l13_w2" custom="readingOrder {index:1;}">
                    <Coords points="870,1448 870,1508 920,1508 920,1448"/>
                    <TextEquiv>
                        <Unicode>30</Unicode>
                    </TextEquiv>
                </Word>
                <Word id="r3l13_w3" custom="readingOrder {index:2;}">
                    <Coords points="939,1438 939,1498 1024,1498 1024,1438"/>
                    <TextEquiv>
                        <Unicode>Ob.</Unicode>
                    </TextEquiv>
                </Word>
                <Word id="r3l13_w4" custom="readingOrder {index:3;}">
                    <Coords points="1041,1424 1041,1484 1195,1484 1195,1424"/>
                    <TextEquiv>
                        <Unicode>besthin</Unicode>
                    </TextEquiv>
                </Word>
                <Word id="r3l13_w5" custom="readingOrder {index:4;}">
                    <Coords points="1229,1407 1229,1467 1297,1467 1297,1407"/>
                    <TextEquiv>
                        <Unicode>der</Unicode>
                    </TextEquiv>
                </Word>
                <Word id="r3l13_w6" custom="readingOrder {index:5;}">
                    <Coords points="1316,1387 1316,1447 1606,1447 1606,1387"/>
                    <TextEquiv>
                        <Unicode>schwängerung</Unicode>
                    </TextEquiv>
                </Word>
                <Word id="r3l13_w7" custom="readingOrder {index:6;}">
                    <Coords points="1642,1364 1642,1424 1744,1424 1744,1364"/>
                    <TextEquiv>
                        <Unicode>halb</Unicode>
                    </TextEquiv>
                </Word>
                <TextEquiv>
                    <Unicode>den 30 Ob. besthin der schwängerung halb</Unicode>
                </TextEquiv>
            </TextLine>
            <TextLine id="r3l14" custom="readingOrder {index:13;}">
                <Coords points="787,1584 1155,1555 1328,1589 1375,1539 1539,1507 1601,1549 1691,1481 1766,1480 1761,1434 1665,1423 1607,1461 1472,1429 1212,1514 1109,1469 979,1526 867,1500 783,1551"/>
                <Baseline points="794,1571 842,1569 890,1568 938,1566 986,1563 1034,1560 1082,1556 1131,1553 1179,1548 1227,1543 1275,1539 1323,1534 1371,1528 1419,1521 1468,1515 1516,1509 1564,1502 1612,1494 1660,1487 1708,1479 1757,1472"/>
                <Word id="r3l14_w1" custom="readingOrder {index:0;}">
                    <Coords points="805,1527 805,1587 1023,1587 1023,1527"/>
                    <TextEquiv>
                        <Unicode>beklaget</Unicode>
                    </TextEquiv>
                </Word>
                <Word id="r3l14_w2" custom="readingOrder {index:1;}">
                    <Coords points="1072,1508 1072,1568 1274,1568 1274,1508"/>
                    <TextEquiv>
                        <Unicode>Albecht</Unicode>
                    </TextEquiv>
                </Word>
                <Word id="r3l14_w3" custom="readingOrder {index:2;}">
                    <Coords points="1290,1487 1290,1547 1457,1547 1457,1487"/>
                    <TextEquiv>
                        <Unicode>Christen</Unicode>
                    </TextEquiv>
                </Word>
                <Word id="r3l14_w4" custom="readingOrder {index:3;}">
                    <Coords points="1490,1465 1490,1525 1590,1525 1590,1465"/>
                    <TextEquiv>
                        <Unicode>Oor</Unicode>
                    </TextEquiv>
                </Word>
                <Word id="r3l14_w5" custom="readingOrder {index:4;}">
                    <Coords points="1608,1443 1608,1503 1757,1503 1757,1443"/>
                    <TextEquiv>
                        <Unicode>haffen</Unicode>
                    </TextEquiv>
                </Word>
                <TextEquiv>
                    <Unicode>beklaget Albecht Christen Oor haffen</Unicode>
                </TextEquiv>
            </TextLine>
            <TextLine id="r3l15" custom="readingOrder {index:14;}">
                <Coords points="791,1661 996,1703 1131,1641 1243,1622 1313,1661 1424,1609 1478,1647 1562,1591 1756,1560 1753,1530 1662,1515 1597,1556 1380,1553 1299,1595 1182,1565 1126,1607 918,1564 788,1624"/>
                <Baseline points="797,1646 844,1646 892,1644 939,1643 987,1642 1034,1640 1082,1637 1129,1635 1177,1631 1224,1628 1272,1623 1320,1617 1367,1613 1415,1607 1462,1601 1510,1595 1557,1589 1605,1582 1652,1575 1700,1567 1748,1559"/>
                <Word id="r3l15_w1" custom="readingOrder {index:0;}">
                    <Coords points="791,1606 791,1666 845,1666 845,1606"/>
                    <TextEquiv>
                        <Unicode>im</Unicode>
                    </TextEquiv>
                </Word>
                <Word id="r3l15_w2" custom="readingOrder {index:1;}">
                    <Coords points="872,1601 872,1661 1119,1661 1119,1601"/>
                    <TextEquiv>
                        <Unicode>Eimenthol,</Unicode>
                    </TextEquiv>
                </Word>
                <Word id="r3l15_w3" custom="readingOrder {index:2;}">
                    <Coords points="1148,1583 1148,1643 1380,1643 1380,1583"/>
                    <TextEquiv>
                        <Unicode>dißmahl</Unicode>
                    </TextEquiv>
                </Word>
                <Word id="r3l15_w4" custom="readingOrder {index:3;}">
                    <Coords points="1422,1558 1422,1618 1546,1618 1546,1558"/>
                    <TextEquiv>
                        <Unicode>allhie</Unicode>
                    </TextEquiv>
                </Word>
                <Word id="r3l15_w5" custom="readingOrder {index:4;}">
                    <Coords points="1573,1537 1573,1597 1696,1597 1696,1537"/>
                    <TextEquiv>
                        <Unicode>ander</Unicode>
                    </TextEquiv>
                </Word>
                <TextEquiv>
                    <Unicode>im Eimenthol, dißmahl allhie ander</Unicode>
                </TextEquiv>
            </TextLine>
            <TextLine id="r3l16" custom="readingOrder {index:15;}">
                <Coords points="777,1757 1586,1704 1757,1662 1752,1597 1293,1663 1214,1636 969,1699 843,1664 772,1698"/>
                <Baseline points="782,1728 830,1728 878,1727 926,1725 975,1724 1023,1722 1071,1721 1120,1717 1168,1713 1216,1711 1265,1707 1313,1703 1361,1698 1409,1693 1458,1687 1506,1681 1554,1675 1603,1669 1651,1661 1699,1653 1748,1646"/>
                <Word id="r3l16_w1" custom="readingOrder {index:0;}">
                    <Coords points="789,1687 789,1747 956,1747 956,1687"/>
                    <TextEquiv>
                        <Unicode>Watten</Unicode>
                    </TextEquiv>
                </Word>
                <Word id="r3l16_w2" custom="readingOrder {index:1;}">
                    <Coords points="1012,1681 1012,1741 1096,1741 1096,1681"/>
                    <TextEquiv>
                        <Unicode>bey</Unicode>
                    </TextEquiv>
                </Word>
                <Word id="r3l16_w3" custom="readingOrder {index:2;}">
                    <Coords points="1123,1672 1123,1732 1249,1732 1249,1672"/>
                    <TextEquiv>
                        <Unicode>Mste</Unicode>
                    </TextEquiv>
                </Word>
                <Word id="r3l16_w4" custom="readingOrder {index:3;}">
                    <Coords points="1277,1658 1277,1718 1444,1718 1444,1658"/>
                    <TextEquiv>
                        <Unicode>Keller</Unicode>
                    </TextEquiv>
                </Word>
                <Word id="r3l16_w5" custom="readingOrder {index:4;}">
                    <Coords points="1473,1640 1473,1700 1543,1700 1543,1640"/>
                    <TextEquiv>
                        <Unicode>dem</Unicode>
                    </TextEquiv>
                </Word>
                <Word id="r3l16_w6" custom="readingOrder {index:5;}">
                    <Coords points="1584,1619 1584,1679 1737,1679 1737,1619"/>
                    <TextEquiv>
                        <Unicode>Müller</Unicode>
                    </TextEquiv>
                </Word>
                <TextEquiv>
                    <Unicode>Watten bey Mste Keller dem Müller</Unicode>
                </TextEquiv>
            </TextLine>
            <TextLine id="r3l17" custom="readingOrder {index:16;}">
                <Coords points="803,1815 953,1848 1048,1792 1101,1825 1372,1774 1437,1820 1741,1718 1618,1676 1425,1744 1369,1702 1187,1772 1076,1713 1025,1750 913,1724 800,1783"/>
                <Baseline points="809,1805 855,1805 901,1805 947,1803 993,1802 1040,1800 1086,1797 1132,1795 1178,1792 1224,1788 1271,1784 1317,1779 1363,1776 1409,1770 1455,1764 1502,1758 1548,1751 1594,1744 1640,1738 1686,1729 1733,1721"/>
                <Word id="r3l17_w1" custom="readingOrder {index:0;}">
                    <Coords points="802,1765 802,1825 841,1825 841,1765"/>
                    <TextEquiv>
                        <Unicode>in</Unicode>
                    </TextEquiv>
                </Word>
                <Word id="r3l17_w2" custom="readingOrder {index:1;}">
                    <Coords points="868,1763 868,1823 1026,1823 1026,1763"/>
                    <TextEquiv>
                        <Unicode>diensten</Unicode>
                    </TextEquiv>
                </Word>
                <Word id="r3l17_w3" custom="readingOrder {index:2;}">
                    <Coords points="1092,1755 1092,1815 1171,1815 1171,1755"/>
                    <TextEquiv>
                        <Unicode>der</Unicode>
                    </TextEquiv>
                </Word>
                <Word id="r3l17_w4" custom="readingOrder {index:3;}">
                    <Coords points="1210,1744 1210,1804 1316,1804 1316,1744"/>
                    <TextEquiv>
                        <Unicode>aber</Unicode>
                    </TextEquiv>
                </Word>
                <Word id="r3l17_w5" custom="readingOrder {index:4;}">
                    <Coords points="1342,1724 1342,1784 1565,1784 1565,1724"/>
                    <TextEquiv>
                        <Unicode>damahls</Unicode>
                    </TextEquiv>
                </Word>
                <Word id="r3l17_w6" custom="readingOrder {index:5;}">
                    <Coords points="1591,1698 1591,1758 1685,1758 1685,1698"/>
                    <TextEquiv>
                        <Unicode>Ihra</Unicode>
                    </TextEquiv>
                </Word>
                <TextEquiv>
                    <Unicode>in diensten der aber damahls Ihra</Unicode>
                </TextEquiv>
            </TextLine>
            <TextLine id="r3l18" custom="readingOrder {index:17;}">
                <Coords points="776,1907 971,1885 1041,1924 1133,1875 1460,1875 1769,1791 1762,1721 1665,1785 1504,1776 1423,1826 1341,1784 1244,1819 1056,1800 958,1847 857,1811 771,1860"/>
                <Baseline points="782,1893 830,1890 879,1888 928,1886 977,1883 1026,1881 1075,1878 1124,1875 1173,1871 1222,1867 1271,1863 1319,1858 1368,1854 1417,1848 1466,1843 1515,1837 1564,1829 1613,1821 1662,1813 1711,1803 1760,1793"/>
                <Word id="r3l18_w1" custom="readingOrder {index:0;}">
                    <Coords points="791,1849 791,1909 916,1909 916,1849"/>
                    <TextEquiv>
                        <Unicode>dieses</Unicode>
                    </TextEquiv>
                </Word>
                <Word id="r3l18_w2" custom="readingOrder {index:1;}">
                    <Coords points="931,1841 931,1901 1120,1901 1120,1841"/>
                    <TextEquiv>
                        <Unicode>anklegdt</Unicode>
                    </TextEquiv>
                </Word>
                <Word id="r3l18_w3" custom="readingOrder {index:2;}">
                    <Coords points="1135,1832 1135,1892 1183,1892 1183,1832"/>
                    <TextEquiv>
                        <Unicode>in</Unicode>
                    </TextEquiv>
                </Word>
                <Word id="r3l18_w4" custom="readingOrder {index:3;}">
                    <Coords points="1214,1822 1214,1882 1339,1882 1339,1822"/>
                    <TextEquiv>
                        <Unicode>abet</Unicode>
                    </TextEquiv>
                </Word>
                <Word id="r3l18_w5" custom="readingOrder {index:4;}">
                    <Coords points="1371,1803 1371,1863 1542,1863 1542,1803"/>
                    <TextEquiv>
                        <Unicode>gelesen</Unicode>
                    </TextEquiv>
                </Word>
                <Word id="r3l18_w6" custom="readingOrder {index:5;}">
                    <Coords points="1590,1781 1590,1841 1636,1841 1636,1781"/>
                    <TextEquiv>
                        <Unicode>in</Unicode>
                    </TextEquiv>
                </Word>
                <Word id="r3l18_w7" custom="readingOrder {index:6;}">
                    <Coords points="1667,1765 1667,1825 1730,1825 1730,1765"/>
                    <TextEquiv>
                        <Unicode>der</Unicode>
                    </TextEquiv>
                </Word>
                <TextEquiv>
                    <Unicode>dieses anklegdt in abet gelesen in der</Unicode>
                </TextEquiv>
            </TextLine>
            <TextLine id="r3l19" custom="readingOrder {index:18;}">
                <Coords points="780,2040 980,1972 1060,2009 1127,1964 1335,1945 1390,1987 1479,1942 1676,1934 1771,1887 1766,1825 1582,1850 1545,1890 1351,1854 1243,1902 1193,1880 1038,1924 990,1889 773,1953"/>
                <Baseline points="782,1973 831,1971 880,1970 929,1968 978,1965 1027,1964 1076,1962 1125,1960 1174,1956 1223,1953 1272,1950 1321,1946 1370,1941 1419,1937 1468,1931 1517,1925 1566,1918 1615,1911 1664,1903 1713,1893 1763,1884"/>
                <Word id="r3l19_w1" custom="readingOrder {index:0;}">
                    <Coords points="796,1929 796,1989 986,1989 986,1929"/>
                    <TextEquiv>
                        <Unicode>genißt,</Unicode>
                    </TextEquiv>
                </Word>
                <Word id="r3l19_w2" custom="readingOrder {index:1;}">
                    <Coords points="1003,1924 1003,1984 1036,1984 1036,1924"/>
                    <TextEquiv>
                        <Unicode>so</Unicode>
                    </TextEquiv>
                </Word>
                <Word id="r3l19_w3" custom="readingOrder {index:2;}">
                    <Coords points="1055,1921 1055,1981 1106,1981 1106,1921"/>
                    <TextEquiv>
                        <Unicode>den</Unicode>
                    </TextEquiv>
                </Word>
                <Word id="r3l19_w4" custom="readingOrder {index:3;}">
                    <Coords points="1123,1917 1123,1977 1192,1977 1192,1917"/>
                    <TextEquiv>
                        <Unicode>26.</Unicode>
                    </TextEquiv>
                </Word>
                <Word id="r3l19_w5" custom="readingOrder {index:4;}">
                    <Coords points="1209,1910 1209,1970 1313,1970 1313,1910"/>
                    <TextEquiv>
                        <Unicode>Febr</Unicode>
                    </TextEquiv>
                </Word>
                <Word id="r3l19_w6" custom="readingOrder {index:5;}">
                    <Coords points="1365,1893 1365,1953 1538,1953 1538,1893"/>
                    <TextEquiv>
                        <Unicode>besthin</Unicode>
                    </TextEquiv>
                </Word>
                <Word id="r3l19_w7" custom="readingOrder {index:6;}">
                    <Coords points="1572,1860 1572,1920 1781,1920 1781,1860"/>
                    <TextEquiv>
                        <Unicode>uidesechen</Unicode>
                    </TextEquiv>
                </Word>
                <TextEquiv>
                    <Unicode>genißt, so den 26. Febr besthin uidesechen</Unicode>
                </TextEquiv>
            </TextLine>
            <TextLine id="r3l20" custom="readingOrder {index:19;}">
                <Coords points="799,2066 978,2044 1068,2088 1234,2031 1300,2057 1586,2004 1644,2031 1757,1975 1752,1919 1636,1958 1542,1937 1420,2002 1295,1961 1205,2019 906,1988 796,2033"/>
                <Baseline points="806,2057 853,2055 900,2052 947,2050 994,2048 1041,2045 1088,2043 1135,2040 1182,2038 1229,2036 1277,2033 1324,2029 1371,2025 1418,2021 1465,2016 1512,2010 1559,2003 1606,1996 1653,1987 1700,1978 1748,1967"/>
                <Word id="r3l20_w1" custom="readingOrder {index:0;}">
                    <Coords points="810,2013 810,2073 944,2073 944,2013"/>
                    <TextEquiv>
                        <Unicode>under</Unicode>
                    </TextEquiv>
                </Word>
                <Word id="r3l20_w2" custom="readingOrder {index:1;}">
                    <Coords points="968,2002 968,2062 1239,2062 1239,2002"/>
                    <TextEquiv>
                        <Unicode>gnugsamer</Unicode>
                    </TextEquiv>
                </Word>
                <Word id="r3l20_w3" custom="readingOrder {index:2;}">
                    <Coords points="1263,1981 1263,2041 1570,2041 1570,1981"/>
                    <TextEquiv>
                        <Unicode>Examination</Unicode>
                    </TextEquiv>
                </Word>
                <Word id="r3l20_w4" custom="readingOrder {index:3;}">
                    <Coords points="1618,1945 1618,2005 1705,2005 1705,1945"/>
                    <TextEquiv>
                        <Unicode>auff</Unicode>
                    </TextEquiv>
                </Word>
                <TextEquiv>
                    <Unicode>under gnugsamer Examination auff</Unicode>
                </TextEquiv>
            </TextLine>
            <TextLine id="r3l21" custom="readingOrder {index:20;}">
                <Coords points="799,2182 889,2146 968,2187 1118,2120 1225,2183 1347,2115 1654,2110 1774,2050 1769,1986 1595,2047 1561,2019 1511,2056 1176,2052 1110,2097 978,2045 910,2105 843,2061 791,2078"/>
                <Baseline points="803,2132 851,2130 899,2129 947,2127 995,2126 1043,2126 1091,2124 1140,2123 1188,2121 1236,2120 1284,2117 1332,2115 1380,2112 1428,2107 1477,2103 1525,2097 1573,2089 1621,2082 1669,2072 1717,2061 1766,2049"/>
                <Word id="r3l21_w1" custom="readingOrder {index:0;}">
                    <Coords points="796,2089 796,2149 907,2149 907,2089"/>
                    <TextEquiv>
                        <Unicode>Ihne</Unicode>
                    </TextEquiv>
                </Word>
                <Word id="r3l21_w2" custom="readingOrder {index:1;}">
                    <Coords points="938,2086 938,2146 1147,2146 1147,2086"/>
                    <TextEquiv>
                        <Unicode>Uerhauret</Unicode>
                    </TextEquiv>
                </Word>
                <Word id="r3l21_w3" custom="readingOrder {index:2;}">
                    <Coords points="1209,2077 1209,2137 1338,2137 1338,2077"/>
                    <TextEquiv>
                        <Unicode>seye,</Unicode>
                    </TextEquiv>
                </Word>
                <Word id="r3l21_w4" custom="readingOrder {index:3;}">
                    <Coords points="1369,2064 1369,2124 1560,2124 1560,2064"/>
                    <TextEquiv>
                        <Unicode>wollendt</Unicode>
                    </TextEquiv>
                </Word>
                <Word id="r3l21_w5" custom="readingOrder {index:4;}">
                    <Coords points="1591,2036 1591,2096 1704,2096 1704,2036"/>
                    <TextEquiv>
                        <Unicode>Meh</Unicode>
                    </TextEquiv>
                </Word>
                <TextEquiv>
                    <Unicode>Ihne Uerhauret seye, wollendt Meh</Unicode>
                </TextEquiv>
            </TextLine>
            <TextLine id="r3l22" custom="readingOrder {index:21;}">
                <Coords points="797,2245 972,2204 1492,2208 1814,2136 1742,2067 1227,2181 1090,2129 961,2188 854,2139 792,2164"/>
                <Baseline points="803,2207 853,2207 903,2207 953,2205 1003,2205 1053,2205 1103,2204 1153,2203 1203,2201 1253,2199 1304,2197 1354,2193 1404,2190 1454,2185 1504,2180 1554,2175 1604,2168 1654,2160 1704,2151 1754,2142 1805,2130"/>
                <Word id="r3l22_w1" custom="readingOrder {index:0;}">
                    <Coords points="804,2167 804,2227 907,2227 907,2167"/>
                    <TextEquiv>
                        <Unicode>Ihnen</Unicode>
                    </TextEquiv>
                </Word>
                <Word id="r3l22_w2" custom="readingOrder {index:1;}">
                    <Coords points="930,2164 930,2224 1216,2224 1216,2164"/>
                    <TextEquiv>
                        <Unicode>aufgetragen</Unicode>
                    </TextEquiv>
                </Word>
                <Word id="r3l22_w3" custom="readingOrder {index:2;}">
                    <Coords points="1250,2156 1250,2216 1377,2216 1377,2156"/>
                    <TextEquiv>
                        <Unicode>haben</Unicode>
                    </TextEquiv>
                </Word>
                <Word id="r3l22_w4" custom="readingOrder {index:3;}">
                    <Coords points="1457,2141 1457,2201 1525,2201 1525,2141"/>
                    <TextEquiv>
                        <Unicode>die</Unicode>
                    </TextEquiv>
                </Word>
                <Word id="r3l22_w5" custom="readingOrder {index:4;}">
                    <Coords points="1560,2116 1560,2176 1788,2176 1788,2116"/>
                    <TextEquiv>
                        <Unicode>Hooffmann</Unicode>
                    </TextEquiv>
                </Word>
                <TextEquiv>
                    <Unicode>Ihnen aufgetragen haben die Hooffmann</Unicode>
                </TextEquiv>
            </TextLine>
            <TextLine id="r3l23" custom="readingOrder {index:22;}">
                <Coords points="808,2301 1047,2281 1169,2319 1199,2290 1266,2332 1436,2265 1556,2310 1771,2203 1769,2170 1653,2208 1561,2181 1515,2224 1408,2187 1293,2235 1132,2214 1080,2260 967,2205 804,2242"/>
                <Baseline points="815,2286 862,2286 909,2286 957,2285 1004,2285 1052,2285 1099,2283 1146,2282 1194,2281 1241,2279 1289,2277 1336,2274 1383,2271 1431,2266 1478,2261 1526,2255 1573,2249 1620,2241 1668,2232 1715,2222 1763,2211"/>
                <Word id="r3l23_w1" custom="readingOrder {index:0;}">
                    <Coords points="807,2246 807,2306 981,2306 981,2246"/>
                    <TextEquiv>
                        <Unicode>(gleich</Unicode>
                    </TextEquiv>
                </Word>
                <Word id="r3l23_w2" custom="readingOrder {index:1;}">
                    <Coords points="1010,2244 1010,2304 1118,2304 1118,2244"/>
                    <TextEquiv>
                        <Unicode>wegen</Unicode>
                    </TextEquiv>
                </Word>
                <Word id="r3l23_w3" custom="readingOrder {index:2;}">
                    <Coords points="1144,2241 1144,2301 1212,2301 1212,2241"/>
                    <TextEquiv>
                        <Unicode>deß</Unicode>
                    </TextEquiv>
                </Word>
                <Word id="r3l23_w4" custom="readingOrder {index:3;}">
                    <Coords points="1265,2232 1265,2292 1455,2292 1455,2232"/>
                    <TextEquiv>
                        <Unicode>Christend</Unicode>
                    </TextEquiv>
                </Word>
                <Word id="r3l23_w5" custom="readingOrder {index:4;}">
                    <Coords points="1481,2209 1481,2269 1658,2269 1658,2209"/>
                    <TextEquiv>
                        <Unicode>allehier</Unicode>
                    </TextEquiv>
                </Word>
                <Word id="r3l23_w6" custom="readingOrder {index:5;}">
                    <Coords points="1686,2181 1686,2241 1752,2241 1752,2181"/>
                    <TextEquiv>
                        <Unicode>aucf</Unicode>
                    </TextEquiv>
                </Word>
                <TextEquiv>
                    <Unicode>(gleich wegen deß Christend allehier aucf</Unicode>
                </TextEquiv>
            </TextLine>
            <TextLine id="r3l24" custom="readingOrder {index:23;}">
                <Coords points="837,2380 980,2431 1178,2362 1668,2360 1805,2301 1800,2234 1735,2214 1578,2308 1497,2267 1257,2353 1187,2304 959,2280 836,2351"/>
                <Baseline points="845,2370 892,2370 940,2370 987,2370 1035,2370 1082,2370 1130,2369 1177,2368 1225,2367 1272,2366 1320,2363 1368,2360 1415,2357 1463,2354 1510,2349 1558,2343 1605,2337 1653,2329 1700,2321 1748,2310 1796,2300"/>
                <Word id="r3l24_w1" custom="readingOrder {index:0;}">
                    <Coords points="839,2330 839,2390 1059,2390 1059,2330"/>
                    <TextEquiv>
                        <Unicode>widerfahr</Unicode>
                    </TextEquiv>
                </Word>
                <Word id="r3l24_w2" custom="readingOrder {index:1;}">
                    <Coords points="1085,2328 1085,2388 1183,2388 1183,2328"/>
                    <TextEquiv>
                        <Unicode>wird</Unicode>
                    </TextEquiv>
                </Word>
                <Word id="r3l24_w3" custom="readingOrder {index:2;}">
                    <Coords points="1209,2326 1209,2386 1251,2386 1251,2326"/>
                    <TextEquiv>
                        <Unicode>im</Unicode>
                    </TextEquiv>
                </Word>
                <Word id="r3l24_w4" custom="readingOrder {index:3;}">
                    <Coords points="1292,2316 1292,2376 1566,2376 1566,2316"/>
                    <TextEquiv>
                        <Unicode>purgations</Unicode>
                    </TextEquiv>
                </Word>
                <Word id="r3l24_w5" custom="readingOrder {index:4;}">
                    <Coords points="1608,2288 1608,2348 1704,2348 1704,2288"/>
                    <TextEquiv>
                        <Unicode>Eydt</Unicode>
                    </TextEquiv>
                </Word>
                <Word id="r3l24_w6" custom="readingOrder {index:5;}">
                    <Coords points="1717,2270 1717,2330 1773,2330 1773,2270"/>
                    <TextEquiv>
                        <Unicode>los</Unicode>
                    </TextEquiv>
                </Word>
                <TextEquiv>
                    <Unicode>widerfahr wird im purgations Eydt los</Unicode>
                </TextEquiv>
            </TextLine>
            <TextLine id="r3l25" custom="readingOrder {index:24;}">
                <Coords points="826,2447 1198,2453 1265,2494 1368,2443 1444,2481 1787,2387 1785,2350 1720,2341 1467,2390 1055,2381 985,2430 908,2388 824,2402"/>
                <Baseline points="834,2444 881,2444 928,2444 975,2445 1022,2445 1070,2447 1117,2447 1164,2448 1211,2448 1258,2448 1306,2447 1353,2445 1400,2444 1447,2440 1494,2436 1542,2431 1589,2424 1636,2416 1683,2406 1730,2395 1778,2381"/>
                <Word id="r3l25_w1" custom="readingOrder {index:0;}">
                    <Coords points="825,2404 825,2464 913,2464 913,2404"/>
                    <TextEquiv>
                        <Unicode>undt</Unicode>
                    </TextEquiv>
                </Word>
                <Word id="r3l25_w2" custom="readingOrder {index:1;}">
                    <Coords points="925,2405 925,2465 1125,2465 1125,2405"/>
                    <TextEquiv>
                        <Unicode>grnndtlich</Unicode>
                    </TextEquiv>
                </Word>
                <Word id="r3l25_w3" custom="readingOrder {index:2;}">
                    <Coords points="1136,2407 1136,2467 1460,2467 1460,2407"/>
                    <TextEquiv>
                        <Unicode>underrichten,</Unicode>
                    </TextEquiv>
                </Word>
                <Word id="r3l25_w4" custom="readingOrder {index:3;}">
                    <Coords points="1473,2381 1473,2441 1729,2441 1729,2381"/>
                    <TextEquiv>
                        <Unicode>undtselbe</Unicode>
                    </TextEquiv>
                </Word>
                <TextEquiv>
                    <Unicode>undt grnndtlich underrichten, undtselbe</Unicode>
                </TextEquiv>
            </TextLine>
            <TextLine id="r3l26" custom="readingOrder {index:25;}">
                <Coords points="828,2574 1019,2525 1138,2529 1207,2582 1276,2535 1493,2573 1546,2524 1687,2531 1810,2461 1808,2410 1605,2413 1499,2478 1380,2467 1321,2506 1152,2451 925,2446 824,2493"/>
                <Baseline points="834,2516 882,2516 930,2516 979,2516 1027,2517 1076,2519 1124,2522 1172,2523 1221,2525 1269,2526 1318,2526 1366,2526 1414,2525 1463,2522 1511,2519 1560,2513 1608,2505 1656,2496 1705,2484 1753,2470 1802,2451"/>
                <Word id="r3l26_w1" custom="readingOrder {index:0;}">
                    <Coords points="830,2476 830,2536 1043,2536 1043,2476"/>
                    <TextEquiv>
                        <Unicode>nochlbesft</Unicode>
                    </TextEquiv>
                </Word>
                <Word id="r3l26_w2" custom="readingOrder {index:1;}">
                    <Coords points="1059,2480 1059,2540 1125,2540 1125,2480"/>
                    <TextEquiv>
                        <Unicode>mit</Unicode>
                    </TextEquiv>
                </Word>
                <Word id="r3l26_w3" custom="readingOrder {index:2;}">
                    <Coords points="1141,2484 1141,2544 1290,2544 1290,2484"/>
                    <TextEquiv>
                        <Unicode>nötigen</Unicode>
                    </TextEquiv>
                </Word>
                <Word id="r3l26_w4" custom="readingOrder {index:3;}">
                    <Coords points="1341,2484 1341,2544 1506,2544 1506,2484"/>
                    <TextEquiv>
                        <Unicode>bericht</Unicode>
                    </TextEquiv>
                </Word>
                <Word id="r3l26_w5" custom="readingOrder {index:4;}">
                    <Coords points="1522,2474 1522,2534 1572,2534 1572,2474"/>
                    <TextEquiv>
                        <Unicode>so</Unicode>
                    </TextEquiv>
                </Word>
                <Word id="r3l26_w6" custom="readingOrder {index:5;}">
                    <Coords points="1588,2460 1588,2520 1671,2520 1671,2460"/>
                    <TextEquiv>
                        <Unicode>wehl</Unicode>
                    </TextEquiv>
                </Word>
                <Word id="r3l26_w7" custom="readingOrder {index:6;}">
                    <Coords points="1703,2434 1703,2494 1769,2494 1769,2434"/>
                    <TextEquiv>
                        <Unicode>Ihr</Unicode>
                    </TextEquiv>
                </Word>
                <TextEquiv>
                    <Unicode>nochlbesft mit nötigen bericht so wehl Ihr</Unicode>
                </TextEquiv>
            </TextLine>
            <TextEquiv>
                <Unicode></Unicode>
            </TextEquiv>
        </TextRegion>
        <TextRegion orientation="0.0" id="r4" custom="readingOrder {index:3;}">
            <Coords points="1904,195 1904,2582 3269,2582 3269,195"/>
            <TextLine id="r4l1" custom="readingOrder {index:0;}">
                <Coords points="3056,251 3088,249 3111,272 3125,276 3146,275 3172,258 3206,266 3209,183 3190,177 3168,194 3142,185 3125,199 3088,175 3059,176"/>
                <Baseline points="3065,240 3091,239 3118,240 3144,241 3171,242 3198,245"/>
                <Word id="r4l1_w1" custom="readingOrder {index:0;}">
                    <Coords points="3056,200 3056,260 3219,260 3219,200"/>
                    <TextEquiv>
                        <Unicode>359.</Unicode>
                    </TextEquiv>
                </Word>
                <TextEquiv>
                    <Unicode>359.</Unicode>
                </TextEquiv>
            </TextLine>
            <TextLine id="r4l2" custom="readingOrder {index:1;}">
                <Coords points="2060,396 2176,397 2277,343 2355,375 2396,340 2675,334 2849,381 2939,331 3024,339 3046,275 2881,236 2799,265 2709,218 2594,261 2473,212 2350,283 2245,233 2176,285 2055,281"/>
                <Baseline points="2066,359 2114,354 2163,348 2211,343 2260,339 2309,335 2357,332 2406,328 2455,326 2503,323 2552,321 2601,320 2649,318 2698,317 2747,317 2795,315 2844,315 2893,315 2941,315 2990,315 3039,315"/>
                <Word id="r4l2_w1" custom="readingOrder {index:0;}">
                    <Coords points="2073,304 2073,364 2329,364 2329,304"/>
                    <TextEquiv>
                        <Unicode>Empfengenen</Unicode>
                    </TextEquiv>
                </Word>
                <Word id="r4l2_w2" custom="readingOrder {index:1;}">
                    <Coords points="2371,286 2371,346 2501,346 2501,286"/>
                    <TextEquiv>
                        <Unicode>Eydtes,</Unicode>
                    </TextEquiv>
                </Word>
                <Word id="r4l2_w3" custom="readingOrder {index:2;}">
                    <Coords points="2515,278 2515,338 2757,338 2757,278"/>
                    <TextEquiv>
                        <Unicode>Instention</Unicode>
                    </TextEquiv>
                </Word>
                <Word id="r4l2_w4" custom="readingOrder {index:3;}">
                    <Coords points="2785,275 2785,335 2857,335 2857,275"/>
                    <TextEquiv>
                        <Unicode>alß</Unicode>
                    </TextEquiv>
                </Word>
                <Word id="r4l2_w5" custom="readingOrder {index:4;}">
                    <Coords points="2885,275 2885,335 2986,335 2986,275"/>
                    <TextEquiv>
                        <Unicode>haben</Unicode>
                    </TextEquiv>
                </Word>
                <Word id="r4l2_w6" custom="readingOrder {index:5;}">
                    <Coords points="3000,275 3000,335 3042,335 3042,275"/>
                    <TextEquiv>
                        <Unicode>de</Unicode>
                    </TextEquiv>
                </Word>
                <TextEquiv>
                    <Unicode>Empfengenen Eydtes, Instention alß haben de</Unicode>
                </TextEquiv>
            </TextLine>
            <TextLine id="r4l3" custom="readingOrder {index:2;}">
                <Coords points="2061,472 2271,442 2344,496 2385,451 2653,430 2750,491 2927,438 3028,481 3173,412 3170,343 3061,334 2824,383 2772,344 2579,372 2402,332 2355,375 2276,344 2059,395"/>
                <Baseline points="2069,456 2123,447 2178,439 2233,432 2288,427 2342,422 2397,419 2452,416 2507,414 2561,411 2616,411 2671,410 2726,410 2780,410 2835,408 2890,408 2945,408 2999,408 3054,407 3109,406 3164,404"/>
                <Word id="r4l3_w1" custom="readingOrder {index:0;}">
                    <Coords points="2064,398 2064,458 2304,458 2304,398"/>
                    <TextEquiv>
                        <Unicode>Lümbdens</Unicode>
                    </TextEquiv>
                </Word>
                <Word id="r4l3_w2" custom="readingOrder {index:1;}">
                    <Coords points="2335,380 2335,440 2414,440 2414,380"/>
                    <TextEquiv>
                        <Unicode>auf</Unicode>
                    </TextEquiv>
                </Word>
                <Word id="r4l3_w3" custom="readingOrder {index:2;}">
                    <Coords points="2463,371 2463,431 2734,431 2734,371"/>
                    <TextEquiv>
                        <Unicode>Einaufezedn</Unicode>
                    </TextEquiv>
                </Word>
                <Word id="r4l3_w4" custom="readingOrder {index:3;}">
                    <Coords points="2750,369 2750,429 2815,429 2815,369"/>
                    <TextEquiv>
                        <Unicode>tag</Unicode>
                    </TextEquiv>
                </Word>
                <Word id="r4l3_w5" custom="readingOrder {index:4;}">
                    <Coords points="2846,368 2846,428 3070,428 3070,368"/>
                    <TextEquiv>
                        <Unicode>herhalte</Unicode>
                    </TextEquiv>
                </Word>
                <Word id="r4l3_w6" custom="readingOrder {index:5;}">
                    <Coords points="3102,365 3102,425 3149,425 3149,365"/>
                    <TextEquiv>
                        <Unicode>zu</Unicode>
                    </TextEquiv>
                </Word>
                <TextEquiv>
                    <Unicode>Lümbdens auf Einaufezedn tag herhalte zu</Unicode>
                </TextEquiv>
            </TextLine>
            <TextLine id="r4l4" custom="readingOrder {index:3;}">
                <Coords points="2075,603 2108,597 2145,545 2197,556 2248,516 2272,511 2258,450 2237,460 2211,447 2183,444 2172,456 2156,447 2145,458 2101,466 2083,495 2051,500"/>
                <Baseline points="2069,542 2096,538 2123,532 2151,525 2178,518 2206,510 2233,506 2261,503"/>
                <Word id="r4l4_w1" custom="readingOrder {index:0;}">
                    <Coords points="2075,477 2075,537 2282,537 2282,477"/>
                    <TextEquiv>
                        <Unicode>laßen.</Unicode>
                    </TextEquiv>
                </Word>
                <TextEquiv>
                    <Unicode>laßen.</Unicode>
                </TextEquiv>
            </TextLine>
            <TextLine id="r4l5" custom="readingOrder {index:4;}">
                <Coords points="2057,754 2142,688 2467,623 2637,667 2691,622 2799,645 3121,594 3117,553 2904,513 2738,545 2473,515 2145,545 2046,615"/>
                <Baseline points="2061,695 2113,681 2166,668 2218,659 2271,650 2324,643 2376,636 2429,632 2481,627 2534,624 2587,621 2639,618 2692,617 2744,614 2797,612 2850,611 2902,609 2955,606 3007,603 3060,601 3113,596"/>
                <Word id="r4l5_w1" custom="readingOrder {index:0;}">
                    <Coords points="2073,641 2073,701 2151,701 2151,641"/>
                    <TextEquiv>
                        <Unicode>Ae</Unicode>
                    </TextEquiv>
                </Word>
                <Word id="r4l5_w2" custom="readingOrder {index:1;}">
                    <Coords points="2188,617 2188,677 2266,677 2266,617"/>
                    <TextEquiv>
                        <Unicode>dub</Unicode>
                    </TextEquiv>
                </Word>
                <Word id="r4l5_w3" custom="readingOrder {index:2;}">
                    <Coords points="2285,604 2285,664 2341,664 2341,604"/>
                    <TextEquiv>
                        <Unicode>an</Unicode>
                    </TextEquiv>
                </Word>
                <Word id="r4l5_w4" custom="readingOrder {index:3;}">
                    <Coords points="2381,587 2381,647 2571,647 2571,587"/>
                    <TextEquiv>
                        <Unicode>Manks.</Unicode>
                    </TextEquiv>
                </Word>
                <Word id="r4l5_w5" custom="readingOrder {index:4;}">
                    <Coords points="2592,578 2592,638 2686,638 2686,578"/>
                    <TextEquiv>
                        <Unicode>H.</Unicode>
                    </TextEquiv>
                </Word>
                <Word id="r4l5_w6" custom="readingOrder {index:5;}">
                    <Coords points="2708,572 2708,632 2879,632 2879,572"/>
                    <TextEquiv>
                        <Unicode>Holffer</Unicode>
                    </TextEquiv>
                </Word>
                <Word id="r4l5_w7" custom="readingOrder {index:6;}">
                    <Coords points="2898,563 2898,623 3091,623 3091,563"/>
                    <TextEquiv>
                        <Unicode>Böumer</Unicode>
                    </TextEquiv>
                </Word>
                <TextEquiv>
                    <Unicode>Ae dub an Manks. H. Holffer Böumer</Unicode>
                </TextEquiv>
            </TextLine>
            <TextLine id="r4l6" custom="readingOrder {index:5;}">
                <Coords points="2034,815 2082,837 2259,744 2392,803 2474,740 2609,785 2672,728 3099,699 3098,620 2873,663 2751,636 2623,702 2487,627 2027,725"/>
                <Baseline points="2039,785 2091,773 2144,763 2197,754 2250,746 2303,740 2355,735 2408,731 2461,726 2514,723 2567,720 2619,718 2672,716 2725,713 2778,711 2831,708 2883,704 2936,701 2989,696 3042,691 3095,684"/>
                <Word id="r4l6_w1" custom="readingOrder {index:0;}">
                    <Coords points="2065,728 2065,788 2163,788 2163,728"/>
                    <TextEquiv>
                        <Unicode>auf</Unicode>
                    </TextEquiv>
                </Word>
                <Word id="r4l6_w2" custom="readingOrder {index:1;}">
                    <Coords points="2179,713 2179,773 2227,773 2227,713"/>
                    <TextEquiv>
                        <Unicode>der</Unicode>
                    </TextEquiv>
                </Word>
                <Word id="r4l6_w3" custom="readingOrder {index:2;}">
                    <Coords points="2246,698 2246,758 2392,758 2392,698"/>
                    <TextEquiv>
                        <Unicode>Rylgbe</Unicode>
                    </TextEquiv>
                </Word>
                <Word id="r4l6_w4" custom="readingOrder {index:3;}">
                    <Coords points="2424,685 2424,745 2523,745 2523,685"/>
                    <TextEquiv>
                        <Unicode>Ihne</Unicode>
                    </TextEquiv>
                </Word>
                <Word id="r4l6_w5" custom="readingOrder {index:4;}">
                    <Coords points="2555,677 2555,737 2736,737 2736,677"/>
                    <TextEquiv>
                        <Unicode>ersuchen,</Unicode>
                    </TextEquiv>
                </Word>
                <Word id="r4l6_w6" custom="readingOrder {index:5;}">
                    <Coords points="2752,668 2752,728 2882,728 2882,668"/>
                    <TextEquiv>
                        <Unicode>obigen</Unicode>
                    </TextEquiv>
                </Word>
                <Word id="r4l6_w7" custom="readingOrder {index:6;}">
                    <Coords points="2901,656 2901,716 3063,716 3063,656"/>
                    <TextEquiv>
                        <Unicode>Cchristen</Unicode>
                    </TextEquiv>
                </Word>
                <TextEquiv>
                    <Unicode>auf der Rylgbe Ihne ersuchen, obigen Cchristen</Unicode>
                </TextEquiv>
            </TextLine>
            <TextLine id="r4l7" custom="readingOrder {index:6;}">
                <Coords points="1915,797 1929,795 1936,799 1948,792 1962,801 1986,784 2009,781 2003,690 1992,694 1979,688 1946,715 1939,714 1911,729"/>
                <Baseline points="1923,786 1948,781 1974,779 2000,782"/>
                <Word id="r4l7_w1" custom="readingOrder {index:0;}">
                    <Coords points="1912,741 1912,801 1983,801 1983,741"/>
                    <TextEquiv>
                        <Unicode>MV</Unicode>
                    </TextEquiv>
                </Word>
                <TextEquiv>
                    <Unicode>MV</Unicode>
                </TextEquiv>
            </TextLine>
            <TextLine id="r4l8" custom="readingOrder {index:7;}">
                <Coords points="2074,915 2408,851 2658,880 2791,807 3122,792 3119,753 2933,700 2843,736 2636,721 2578,776 2476,740 2319,785 2261,744 2069,837"/>
                <Baseline points="2079,864 2130,851 2182,841 2234,832 2285,825 2337,819 2389,814 2440,809 2492,806 2544,803 2596,801 2647,799 2699,798 2751,795 2802,795 2854,793 2906,791 2957,788 3009,786 3061,782 3113,777"/>
                <Word id="r4l8_w1" custom="readingOrder {index:0;}">
                    <Coords points="2091,809 2091,869 2189,869 2189,809"/>
                    <TextEquiv>
                        <Unicode>auff</Unicode>
                    </TextEquiv>
                </Word>
                <Word id="r4l8_w2" custom="readingOrder {index:1;}">
                    <Coords points="2205,785 2205,845 2354,845 2354,785"/>
                    <TextEquiv>
                        <Unicode>obigen</Unicode>
                    </TextEquiv>
                </Word>
                <Word id="r4l8_w3" custom="readingOrder {index:2;}">
                    <Coords points="2421,767 2421,827 2502,827 2502,767"/>
                    <TextEquiv>
                        <Unicode>huß</Unicode>
                    </TextEquiv>
                </Word>
                <Word id="r4l8_w4" custom="readingOrder {index:3;}">
                    <Coords points="2537,762 2537,822 2586,822 2586,762"/>
                    <TextEquiv>
                        <Unicode>im</Unicode>
                    </TextEquiv>
                </Word>
                <Word id="r4l8_w5" custom="readingOrder {index:4;}">
                    <Coords points="2618,758 2618,818 2734,818 2734,758"/>
                    <TextEquiv>
                        <Unicode>Eyde</Unicode>
                    </TextEquiv>
                </Word>
                <Word id="r4l8_w6" custom="readingOrder {index:5;}">
                    <Coords points="2751,755 2751,815 2800,815 2800,755"/>
                    <TextEquiv>
                        <Unicode>zu</Unicode>
                    </TextEquiv>
                </Word>
                <Word id="r4l8_w7" custom="readingOrder {index:6;}">
                    <Coords points="2834,747 2834,807 3113,807 3113,747"/>
                    <TextEquiv>
                        <Unicode>Petmnire.</Unicode>
                    </TextEquiv>
                </Word>
                <TextEquiv>
                    <Unicode>auff obigen huß im Eyde zu Petmnire.</Unicode>
                </TextEquiv>
            </TextLine>
            <TextLine id="r4l9" custom="readingOrder {index:8;}">
                <Coords points="2051,1044 2530,945 2616,985 2722,946 2790,990 2890,943 2985,990 3050,931 3216,946 3207,825 2940,874 2859,828 2658,901 2423,866 2042,914"/>
                <Baseline points="2058,1019 2115,1006 2172,996 2230,985 2287,976 2345,968 2402,962 2459,957 2517,952 2574,949 2632,945 2689,942 2746,939 2804,936 2861,935 2919,933 2976,932 3033,929 3091,927 3148,924 3206,921"/>
                <Word id="r4l9_w1" custom="readingOrder {index:0;}">
                    <Coords points="2075,950 2075,1010 2322,1010 2322,950"/>
                    <TextEquiv>
                        <Unicode>Lanzburg</Unicode>
                    </TextEquiv>
                </Word>
                <Word id="r4l9_w2" custom="readingOrder {index:1;}">
                    <Coords points="2365,921 2365,981 2453,981 2453,921"/>
                    <TextEquiv>
                        <Unicode>Rrahe</Unicode>
                    </TextEquiv>
                </Word>
                <Word id="r4l9_w3" custom="readingOrder {index:2;}">
                    <Coords points="2496,912 2496,972 2526,972 2526,912"/>
                    <TextEquiv>
                        <Unicode>e</Unicode>
                    </TextEquiv>
                </Word>
                <Word id="r4l9_w4" custom="readingOrder {index:3;}">
                    <Coords points="2555,907 2555,967 2629,967 2629,907"/>
                    <TextEquiv>
                        <Unicode>Min</Unicode>
                    </TextEquiv>
                </Word>
                <Word id="r4l9_w5" custom="readingOrder {index:4;}">
                    <Coords points="2643,901 2643,961 2759,961 2759,901"/>
                    <TextEquiv>
                        <Unicode>gnädigen</Unicode>
                    </TextEquiv>
                </Word>
                <Word id="r4l9_w6" custom="readingOrder {index:5;}">
                    <Coords points="2774,895 2774,955 2876,955 2876,895"/>
                    <TextEquiv>
                        <Unicode>Herrn</Unicode>
                    </TextEquiv>
                </Word>
                <Word id="r4l9_w7" custom="readingOrder {index:6;}">
                    <Coords points="2890,888 2890,948 3181,948 3181,888"/>
                    <TextEquiv>
                        <Unicode>ererschinnen</Unicode>
                    </TextEquiv>
                </Word>
                <TextEquiv>
                    <Unicode>Lanzburg Rrahe e Min gnädigen Herrn ererschinnen</Unicode>
                </TextEquiv>
            </TextLine>
            <TextLine id="r4l10" custom="readingOrder {index:9;}">
                <Coords points="1897,1160 2214,1074 3190,992 3058,936 2980,990 2890,943 2799,993 2485,953 1890,1090"/>
                <Baseline points="1904,1148 1967,1129 2031,1113 2095,1098 2159,1085 2223,1074 2287,1064 2351,1055 2415,1048 2479,1043 2543,1037 2606,1032 2670,1027 2734,1023 2798,1019 2862,1016 2926,1012 2990,1007 3054,1004 3118,998 3182,993"/>
                <Word id="r4l10_w1" custom="readingOrder {index:0;}">
                    <Coords points="1902,1082 1902,1142 2088,1142 2088,1082"/>
                    <TextEquiv>
                        <Unicode>deecs</Unicode>
                    </TextEquiv>
                </Word>
                <Word id="r4l10_w2" custom="readingOrder {index:1;}">
                    <Coords points="2155,1028 2155,1088 2364,1088 2364,1028"/>
                    <TextEquiv>
                        <Unicode>demnehl</Unicode>
                    </TextEquiv>
                </Word>
                <Word id="r4l10_w3" custom="readingOrder {index:2;}">
                    <Coords points="2389,1007 2389,1067 2456,1067 2456,1007"/>
                    <TextEquiv>
                        <Unicode>des</Unicode>
                    </TextEquiv>
                </Word>
                <Word id="r4l10_w4" custom="readingOrder {index:3;}">
                    <Coords points="2479,998 2479,1058 2572,1058 2572,998"/>
                    <TextEquiv>
                        <Unicode>el.</Unicode>
                    </TextEquiv>
                </Word>
                <Word id="r4l10_w5" custom="readingOrder {index:4;}">
                    <Coords points="2620,985 2620,1045 2758,1045 2758,985"/>
                    <TextEquiv>
                        <Unicode>Leide</Unicode>
                    </TextEquiv>
                </Word>
                <Word id="r4l10_w6" custom="readingOrder {index:5;}">
                    <Coords points="2780,975 2780,1035 2966,1035 2966,975"/>
                    <TextEquiv>
                        <Unicode>Mlipen</Unicode>
                    </TextEquiv>
                </Word>
                <Word id="r4l10_w7" custom="readingOrder {index:6;}">
                    <Coords points="3014,963 3014,1023 3107,1023 3107,963"/>
                    <TextEquiv>
                        <Unicode>von</Unicode>
                    </TextEquiv>
                </Word>
                <TextEquiv>
                    <Unicode>deecs demnehl des el. Leide Mlipen von</Unicode>
                </TextEquiv>
            </TextLine>
            <TextLine id="r4l11" custom="readingOrder {index:10;}">
                <Coords points="2111,1186 2468,1123 2541,1156 2591,1113 2695,1168 2756,1113 2828,1146 2951,1087 3124,1106 3168,1076 3163,1005 3044,1049 2661,1024 2517,1076 2104,1110"/>
                <Baseline points="2117,1160 2169,1155 2221,1148 2273,1143 2325,1138 2378,1131 2430,1128 2482,1123 2534,1118 2586,1113 2639,1109 2691,1104 2743,1100 2795,1097 2847,1094 2900,1089 2952,1086 3004,1083 3056,1082 3108,1079 3161,1076"/>
                <Word id="r4l11_w1" custom="readingOrder {index:0;}">
                    <Coords points="2120,1115 2120,1175 2200,1175 2200,1115"/>
                    <TextEquiv>
                        <Unicode>Ihre</Unicode>
                    </TextEquiv>
                </Word>
                <Word id="r4l11_w2" custom="readingOrder {index:1;}">
                    <Coords points="2226,1100 2226,1160 2374,1160 2374,1100"/>
                    <TextEquiv>
                        <Unicode>Viseths</Unicode>
                    </TextEquiv>
                </Word>
                <Word id="r4l11_w3" custom="readingOrder {index:2;}">
                    <Coords points="2414,1072 2414,1132 2775,1132 2775,1072"/>
                    <TextEquiv>
                        <Unicode>hochansehenliche</Unicode>
                    </TextEquiv>
                </Word>
                <Word id="r4l11_w4" custom="readingOrder {index:3;}">
                    <Coords points="2803,1044 2803,1104 3150,1104 3150,1044"/>
                    <TextEquiv>
                        <Unicode>wohladenliche</Unicode>
                    </TextEquiv>
                </Word>
                <TextEquiv>
                    <Unicode>Ihre Viseths hochansehenliche wohladenliche</Unicode>
                </TextEquiv>
            </TextLine>
            <TextLine id="r4l12" custom="readingOrder {index:11;}">
                <Coords points="1939,1208 2004,1203 2020,1188 2035,1193 2050,1187 2084,1199 2095,1195 2069,1100 2058,1103 2042,1124 2011,1118 1981,1148 1964,1142 1927,1162"/>
                <Baseline points="1947,1203 1973,1197 1999,1189 2026,1180 2052,1174 2079,1170"/>
                <Word id="r4l12_w1" custom="readingOrder {index:0;}">
                    <Coords points="1929,1147 1929,1207 2076,1207 2076,1147"/>
                    <TextEquiv>
                        <Unicode>Siderich</Unicode>
                    </TextEquiv>
                </Word>
                <TextEquiv>
                    <Unicode>Siderich</Unicode>
                </TextEquiv>
            </TextLine>
            <TextLine id="r4l13" custom="readingOrder {index:12;}">
                <Coords points="1898,1298 2272,1232 2409,1274 2691,1189 2772,1241 2823,1183 3192,1165 3189,1127 2901,1101 2697,1168 2634,1118 2543,1157 2471,1123 2349,1196 2213,1160 2158,1209 1892,1232"/>
                <Baseline points="1904,1277 1967,1265 2031,1256 2095,1246 2159,1238 2223,1230 2287,1224 2351,1216 2415,1211 2479,1205 2543,1199 2606,1194 2670,1189 2734,1185 2798,1179 2862,1175 2926,1169 2990,1164 3054,1160 3118,1153 3182,1146"/>
                <Word id="r4l13_w1" custom="readingOrder {index:0;}">
                    <Coords points="1898,1230 1898,1290 1978,1290 1978,1230"/>
                    <TextEquiv>
                        <Unicode>dde</Unicode>
                    </TextEquiv>
                </Word>
                <Word id="r4l13_w2" custom="readingOrder {index:1;}">
                    <Coords points="2010,1214 2010,1274 2077,1274 2077,1214"/>
                    <TextEquiv>
                        <Unicode>lie</Unicode>
                    </TextEquiv>
                </Word>
                <Word id="r4l13_w3" custom="readingOrder {index:2;}">
                    <Coords points="2109,1201 2109,1261 2157,1261 2157,1201"/>
                    <TextEquiv>
                        <Unicode>an</Unicode>
                    </TextEquiv>
                </Word>
                <Word id="r4l13_w4" custom="readingOrder {index:3;}">
                    <Coords points="2189,1170 2189,1230 2662,1230 2662,1170"/>
                    <TextEquiv>
                        <Unicode>tobandtzschafft,</Unicode>
                    </TextEquiv>
                </Word>
                <Word id="r4l13_w5" custom="readingOrder {index:4;}">
                    <Coords points="2678,1145 2678,1205 2777,1205 2777,1145"/>
                    <TextEquiv>
                        <Unicode>und</Unicode>
                    </TextEquiv>
                </Word>
                <Word id="r4l13_w6" custom="readingOrder {index:5;}">
                    <Coords points="2809,1135 2809,1195 2908,1195 2908,1135"/>
                    <TextEquiv>
                        <Unicode>haben</Unicode>
                    </TextEquiv>
                </Word>
                <Word id="r4l13_w7" custom="readingOrder {index:6;}">
                    <Coords points="2924,1121 2924,1181 3151,1181 3151,1121"/>
                    <TextEquiv>
                        <Unicode>anbengen</Unicode>
                    </TextEquiv>
                </Word>
                <TextEquiv>
                    <Unicode>dde lie an tobandtzschafft, und haben anbengen</Unicode>
                </TextEquiv>
            </TextLine>
            <TextLine id="r4l14" custom="readingOrder {index:13;}">
                <Coords points="2076,1343 2274,1298 2454,1334 2535,1290 2593,1328 2703,1264 2938,1275 3019,1234 3119,1255 3122,1160 2774,1237 2574,1203 2398,1281 2217,1239 2070,1281"/>
                <Baseline points="2082,1323 2133,1318 2185,1313 2237,1308 2289,1303 2341,1298 2393,1293 2445,1288 2497,1283 2549,1278 2601,1274 2652,1268 2704,1263 2756,1260 2808,1256 2860,1251 2912,1248 2964,1244 3016,1240 3068,1237 3120,1235"/>
                <Word id="r4l14_w1" custom="readingOrder {index:0;}">
                    <Coords points="2084,1273 2084,1333 2282,1333 2282,1273"/>
                    <TextEquiv>
                        <Unicode>laßen,</Unicode>
                    </TextEquiv>
                </Word>
                <Word id="r4l14_w2" custom="readingOrder {index:1;}">
                    <Coords points="2306,1257 2306,1317 2382,1317 2382,1257"/>
                    <TextEquiv>
                        <Unicode>wie</Unicode>
                    </TextEquiv>
                </Word>
                <Word id="r4l14_w3" custom="readingOrder {index:2;}">
                    <Coords points="2418,1246 2418,1306 2506,1306 2506,1246"/>
                    <TextEquiv>
                        <Unicode>daß</Unicode>
                    </TextEquiv>
                </Word>
                <Word id="r4l14_w4" custom="readingOrder {index:3;}">
                    <Coords points="2543,1228 2543,1288 2754,1288 2754,1228"/>
                    <TextEquiv>
                        <Unicode>derselbe,</Unicode>
                    </TextEquiv>
                </Word>
                <Word id="r4l14_w5" custom="readingOrder {index:4;}">
                    <Coords points="2779,1209 2779,1269 2989,1269 2989,1209"/>
                    <TextEquiv>
                        <Unicode>ohngeacht</Unicode>
                    </TextEquiv>
                </Word>
                <Word id="r4l14_w6" custom="readingOrder {index:5;}">
                    <Coords points="3040,1196 3040,1256 3126,1256 3126,1196"/>
                    <TextEquiv>
                        <Unicode>Ihme</Unicode>
                    </TextEquiv>
                </Word>
                <TextEquiv>
                    <Unicode>laßen, wie daß derselbe, ohngeacht Ihme</Unicode>
                </TextEquiv>
            </TextLine>
            <TextLine id="r4l15" custom="readingOrder {index:14;}">
                <Coords points="1942,1402 1955,1400 1962,1390 1991,1389 2020,1355 2034,1358 2046,1353 2018,1261 2007,1264 1992,1258 1982,1270 1969,1270 1938,1285 1931,1299 1912,1303"/>
                <Baseline points="1934,1349 1965,1337 1996,1330 2027,1319"/>
                <Word id="r4l15_w1" custom="readingOrder {index:0;}">
                    <Coords points="1918,1294 1918,1354 2037,1354 2037,1294"/>
                    <TextEquiv>
                        <Unicode>solch</Unicode>
                    </TextEquiv>
                </Word>
                <TextEquiv>
                    <Unicode>solch</Unicode>
                </TextEquiv>
            </TextLine>
            <TextLine id="r4l16" custom="readingOrder {index:15;}">
                <Coords points="2075,1436 3242,1313 3236,1251 3025,1242 2895,1310 2784,1266 2730,1314 2485,1303 2430,1354 2278,1298 2069,1368"/>
                <Baseline points="2081,1412 2138,1404 2196,1397 2253,1391 2311,1385 2369,1378 2426,1373 2484,1368 2541,1364 2599,1358 2657,1353 2714,1349 2772,1345 2829,1341 2887,1337 2945,1331 3002,1327 3060,1322 3117,1318 3175,1313 3233,1307"/>
                <Word id="r4l16_w1" custom="readingOrder {index:0;}">
                    <Coords points="2088,1360 2088,1420 2251,1420 2251,1360"/>
                    <TextEquiv>
                        <Unicode>brafft</Unicode>
                    </TextEquiv>
                </Word>
                <Word id="r4l16_w2" custom="readingOrder {index:1;}">
                    <Coords points="2282,1340 2282,1400 2416,1400 2416,1340"/>
                    <TextEquiv>
                        <Unicode>Unserr</Unicode>
                    </TextEquiv>
                </Word>
                <Word id="r4l16_w3" custom="readingOrder {index:2;}">
                    <Coords points="2445,1320 2445,1380 2698,1380 2698,1320"/>
                    <TextEquiv>
                        <Unicode>Verordnung</Unicode>
                    </TextEquiv>
                </Word>
                <Word id="r4l16_w4" custom="readingOrder {index:3;}">
                    <Coords points="2729,1303 2729,1363 2848,1363 2848,1303"/>
                    <TextEquiv>
                        <Unicode>Abam</Unicode>
                    </TextEquiv>
                </Word>
                <Word id="r4l16_w5" custom="readingOrder {index:4;}">
                    <Coords points="2892,1295 2892,1355 2907,1355 2907,1295"/>
                    <TextEquiv>
                        <Unicode>v</Unicode>
                    </TextEquiv>
                </Word>
                <Word id="r4l16_w6" custom="readingOrder {index:5;}">
                    <Coords points="2953,1286 2953,1346 3057,1346 3057,1286"/>
                    <TextEquiv>
                        <Unicode>darf</Unicode>
                    </TextEquiv>
                </Word>
                <Word id="r4l16_w7" custom="readingOrder {index:6;}">
                    <Coords points="3087,1274 3087,1334 3235,1334 3235,1274"/>
                    <TextEquiv>
                        <Unicode>lesthin</Unicode>
                    </TextEquiv>
                </Word>
                <TextEquiv>
                    <Unicode>brafft Unserr Verordnung Abam v darf lesthin</Unicode>
                </TextEquiv>
            </TextLine>
            <TextLine id="r4l17" custom="readingOrder {index:16;}">
                <Coords points="2081,1500 3179,1410 3203,1324 2472,1373 2364,1438 2299,1390 2077,1457"/>
                <Baseline points="2088,1496 2143,1487 2199,1479 2254,1472 2310,1465 2366,1459 2421,1454 2477,1449 2532,1444 2588,1439 2644,1435 2699,1430 2755,1427 2810,1422 2866,1418 2922,1413 2977,1410 3033,1405 3088,1399 3144,1393 3200,1388"/>
                <Word id="r4l17_w1" custom="readingOrder {index:0;}">
                    <Coords points="2097,1444 2097,1504 2221,1504 2221,1444"/>
                    <TextEquiv>
                        <Unicode>aller</Unicode>
                    </TextEquiv>
                </Word>
                <Word id="r4l17_w2" custom="readingOrder {index:1;}">
                    <Coords points="2236,1425 2236,1485 2377,1485 2377,1425"/>
                    <TextEquiv>
                        <Unicode>feuer</Unicode>
                    </TextEquiv>
                </Word>
                <Word id="r4l17_w3" custom="readingOrder {index:2;}">
                    <Coords points="2425,1403 2425,1463 2642,1463 2642,1403"/>
                    <TextEquiv>
                        <Unicode>Umbgang</Unicode>
                    </TextEquiv>
                </Word>
                <Word id="r4l17_w4" custom="readingOrder {index:3;}">
                    <Coords points="2673,1388 2673,1448 2783,1448 2783,1388"/>
                    <TextEquiv>
                        <Unicode>mit</Unicode>
                    </TextEquiv>
                </Word>
                <Word id="r4l17_w5" custom="readingOrder {index:4;}">
                    <Coords points="2814,1379 2814,1439 2876,1439 2876,1379"/>
                    <TextEquiv>
                        <Unicode>dieß</Unicode>
                    </TextEquiv>
                </Word>
                <Word id="r4l17_w6" custom="readingOrder {index:5;}">
                    <Coords points="2922,1362 2922,1422 3187,1422 3187,1362"/>
                    <TextEquiv>
                        <Unicode>Andervogt</Unicode>
                    </TextEquiv>
                </Word>
                <TextEquiv>
                    <Unicode>aller feuer Umbgang mit dieß Andervogt</Unicode>
                </TextEquiv>
            </TextLine>
            <TextLine id="r4l18" custom="readingOrder {index:17;}">
                <Coords points="2094,1621 2195,1571 2328,1607 2422,1538 2541,1583 2658,1511 2796,1545 2888,1494 3181,1489 3234,1418 2082,1500"/>
                <Baseline points="2097,1578 2153,1570 2210,1562 2266,1554 2323,1546 2380,1539 2436,1533 2493,1527 2550,1520 2606,1515 2663,1510 2720,1505 2776,1500 2833,1497 2890,1492 2946,1487 3003,1484 3060,1479 3116,1475 3173,1471 3230,1467"/>
                <Word id="r4l18_w1" custom="readingOrder {index:0;}">
                    <Coords points="2110,1522 2110,1582 2305,1582 2305,1522"/>
                    <TextEquiv>
                        <Unicode>hender</Unicode>
                    </TextEquiv>
                </Word>
                <Word id="r4l18_w2" custom="readingOrder {index:1;}">
                    <Coords points="2324,1496 2324,1556 2482,1556 2482,1496"/>
                    <TextEquiv>
                        <Unicode>tohte</Unicode>
                    </TextEquiv>
                </Word>
                <Word id="r4l18_w3" custom="readingOrder {index:2;}">
                    <Coords points="2520,1477 2520,1537 2639,1537 2639,1477"/>
                    <TextEquiv>
                        <Unicode>durch</Unicode>
                    </TextEquiv>
                </Word>
                <Word id="r4l18_w4" custom="readingOrder {index:3;}">
                    <Coords points="2658,1466 2658,1526 2737,1526 2737,1466"/>
                    <TextEquiv>
                        <Unicode>den</Unicode>
                    </TextEquiv>
                </Word>
                <Word id="r4l18_w5" custom="readingOrder {index:4;}">
                    <Coords points="2756,1458 2756,1518 2835,1518 2835,1458"/>
                    <TextEquiv>
                        <Unicode>H.</Unicode>
                    </TextEquiv>
                </Word>
                <Word id="r4l18_w6" custom="readingOrder {index:5;}">
                    <Coords points="2873,1447 2873,1507 3011,1507 3011,1447"/>
                    <TextEquiv>
                        <Unicode>Praf.</Unicode>
                    </TextEquiv>
                </Word>
                <Word id="r4l18_w7" custom="readingOrder {index:6;}">
                    <Coords points="3030,1433 3030,1493 3248,1493 3248,1433"/>
                    <TextEquiv>
                        <Unicode>Arboben</Unicode>
                    </TextEquiv>
                </Word>
                <TextEquiv>
                    <Unicode>hender tohte durch den H. Praf. Arboben</Unicode>
                </TextEquiv>
            </TextLine>
            <TextLine id="r4l19" custom="readingOrder {index:18;}">
                <Coords points="2101,1663 2524,1604 2633,1662 2725,1587 2963,1626 3080,1574 3253,1585 3210,1472 2814,1545 2711,1506 2579,1585 2431,1563 2309,1607 2195,1571 2097,1614"/>
                <Baseline points="2109,1659 2165,1652 2222,1645 2278,1638 2335,1631 2392,1624 2448,1617 2505,1610 2562,1604 2618,1598 2675,1591 2732,1585 2788,1581 2845,1575 2902,1571 2958,1568 3015,1565 3072,1562 3128,1560 3185,1559 3242,1559"/>
                <Word id="r4l19_w1" custom="readingOrder {index:0;}">
                    <Coords points="2118,1608 2118,1668 2261,1668 2261,1608"/>
                    <TextEquiv>
                        <Unicode>worden</Unicode>
                    </TextEquiv>
                </Word>
                <Word id="r4l19_w2" custom="readingOrder {index:1;}">
                    <Coords points="2323,1584 2323,1644 2451,1644 2451,1584"/>
                    <TextEquiv>
                        <Unicode>selbe</Unicode>
                    </TextEquiv>
                </Word>
                <Word id="r4l19_w3" custom="readingOrder {index:2;}">
                    <Coords points="2482,1564 2482,1624 2642,1624 2642,1564"/>
                    <TextEquiv>
                        <Unicode>annoch</Unicode>
                    </TextEquiv>
                </Word>
                <Word id="r4l19_w4" custom="readingOrder {index:3;}">
                    <Coords points="2675,1542 2675,1602 2865,1602 2865,1542"/>
                    <TextEquiv>
                        <Unicode>Immerhin</Unicode>
                    </TextEquiv>
                </Word>
                <Word id="r4l19_w5" custom="readingOrder {index:4;}">
                    <Coords points="2911,1525 2911,1585 3086,1585 3086,1525"/>
                    <TextEquiv>
                        <Unicode>besuche,</Unicode>
                    </TextEquiv>
                </Word>
                <Word id="r4l19_w6" custom="readingOrder {index:5;}">
                    <Coords points="3103,1519 3103,1579 3263,1579 3263,1519"/>
                    <TextEquiv>
                        <Unicode>Woahtd.</Unicode>
                    </TextEquiv>
                </Word>
                <TextEquiv>
                    <Unicode>worden selbe annoch Immerhin besuche, Woahtd.</Unicode>
                </TextEquiv>
            </TextLine>
            <TextLine id="r4l20" custom="readingOrder {index:19;}">
                <Coords points="2106,1802 2216,1742 2924,1657 2987,1694 3241,1629 3187,1570 2981,1631 2798,1573 2616,1667 2467,1639 2094,1682"/>
                <Baseline points="2109,1746 2165,1740 2221,1733 2277,1727 2333,1720 2390,1713 2446,1707 2502,1701 2558,1695 2614,1688 2671,1682 2727,1677 2783,1670 2839,1665 2895,1661 2952,1656 3008,1651 3064,1647 3120,1644 3176,1641 3233,1638"/>
                <Word id="r4l20_w1" custom="readingOrder {index:0;}">
                    <Coords points="2117,1692 2117,1752 2336,1752 2336,1692"/>
                    <TextEquiv>
                        <Unicode>deßthalb</Unicode>
                    </TextEquiv>
                </Word>
                <Word id="r4l20_w2" custom="readingOrder {index:1;}">
                    <Coords points="2369,1670 2369,1730 2454,1730 2454,1670"/>
                    <TextEquiv>
                        <Unicode>umb</Unicode>
                    </TextEquiv>
                </Word>
                <Word id="r4l20_w3" custom="readingOrder {index:2;}">
                    <Coords points="2489,1655 2489,1715 2624,1715 2624,1655"/>
                    <TextEquiv>
                        <Unicode>feiner</Unicode>
                    </TextEquiv>
                </Word>
                <Word id="r4l20_w4" custom="readingOrder {index:3;}">
                    <Coords points="2640,1629 2640,1689 2944,1689 2944,1629"/>
                    <TextEquiv>
                        <Unicode>handtbietung</Unicode>
                    </TextEquiv>
                </Word>
                <Word id="r4l20_w5" custom="readingOrder {index:4;}">
                    <Coords points="2979,1605 2979,1665 3199,1665 3199,1605"/>
                    <TextEquiv>
                        <Unicode>ersuchende</Unicode>
                    </TextEquiv>
                </Word>
                <TextEquiv>
                    <Unicode>deßthalb umb feiner handtbietung ersuchende</Unicode>
                </TextEquiv>
            </TextLine>
            <TextLine id="r4l21" custom="readingOrder {index:20;}">
                <Coords points="2086,1878 2182,1824 2503,1785 2550,1815 2799,1753 3077,1768 3205,1718 3197,1648 3124,1682 3047,1647 2989,1701 2821,1668 2749,1730 2593,1686 2316,1767 2218,1741 2078,1813"/>
                <Baseline points="2090,1842 2145,1834 2200,1827 2256,1819 2311,1813 2366,1805 2422,1799 2477,1792 2532,1785 2588,1779 2643,1772 2698,1767 2754,1760 2809,1754 2864,1749 2920,1742 2975,1737 3030,1731 3086,1725 3141,1719 3197,1713"/>
                <Word id="r4l21_w1" custom="readingOrder {index:0;}">
                    <Coords points="2113,1787 2113,1847 2278,1847 2278,1787"/>
                    <TextEquiv>
                        <Unicode>daher</Unicode>
                    </TextEquiv>
                </Word>
                <Word id="r4l21_w2" custom="readingOrder {index:1;}">
                    <Coords points="2300,1760 2300,1820 2510,1820 2510,1760"/>
                    <TextEquiv>
                        <Unicode>deselbe</Unicode>
                    </TextEquiv>
                </Word>
                <Word id="r4l21_w3" custom="readingOrder {index:2;}">
                    <Coords points="2533,1732 2533,1792 2746,1792 2746,1732"/>
                    <TextEquiv>
                        <Unicode>deselbe</Unicode>
                    </TextEquiv>
                </Word>
                <Word id="r4l21_w4" custom="readingOrder {index:3;}">
                    <Coords points="2769,1696 2769,1756 3189,1756 3189,1696"/>
                    <TextEquiv>
                        <Unicode>beindtlchesicht</Unicode>
                    </TextEquiv>
                </Word>
                <TextEquiv>
                    <Unicode>daher deselbe deselbe beindtlchesicht</Unicode>
                </TextEquiv>
            </TextLine>
            <TextLine id="r4l22" custom="readingOrder {index:21;}">
                <Coords points="2121,1945 2577,1866 2792,1893 2874,1831 2919,1862 3232,1798 3139,1747 3021,1775 2963,1740 2497,1841 2444,1806 2271,1856 2181,1825 2113,1870"/>
                <Baseline points="2126,1911 2180,1905 2235,1899 2290,1893 2345,1888 2400,1883 2455,1877 2510,1872 2565,1866 2620,1862 2675,1856 2729,1851 2784,1845 2839,1839 2894,1834 2949,1828 3004,1822 3059,1816 3114,1810 3169,1804 3224,1796"/>
                <Word id="r4l22_w1" custom="readingOrder {index:0;}">
                    <Coords points="2128,1863 2128,1923 2256,1923 2256,1863"/>
                    <TextEquiv>
                        <Unicode>habe</Unicode>
                    </TextEquiv>
                </Word>
                <Word id="r4l22_w2" custom="readingOrder {index:1;}">
                    <Coords points="2309,1844 2309,1904 2462,1904 2462,1844"/>
                    <TextEquiv>
                        <Unicode>iben</Unicode>
                    </TextEquiv>
                </Word>
                <Word id="r4l22_w3" custom="readingOrder {index:2;}">
                    <Coords points="2516,1828 2516,1888 2566,1888 2566,1828"/>
                    <TextEquiv>
                        <Unicode>de</Unicode>
                    </TextEquiv>
                </Word>
                <Word id="r4l22_w4" custom="readingOrder {index:3;}">
                    <Coords points="2619,1815 2619,1875 2747,1875 2747,1815"/>
                    <TextEquiv>
                        <Unicode>ate</Unicode>
                    </TextEquiv>
                </Word>
                <Word id="r4l22_w5" custom="readingOrder {index:4;}">
                    <Coords points="2775,1800 2775,1860 2879,1860 2879,1800"/>
                    <TextEquiv>
                        <Unicode>tst</Unicode>
                    </TextEquiv>
                </Word>
                <Word id="r4l22_w6" custom="readingOrder {index:5;}">
                    <Coords points="2929,1781 2929,1841 3085,1841 3085,1781"/>
                    <TextEquiv>
                        <Unicode>rnde</Unicode>
                    </TextEquiv>
                </Word>
                <Word id="r4l22_w7" custom="readingOrder {index:6;}">
                    <Coords points="3110,1762 3110,1822 3242,1822 3242,1762"/>
                    <TextEquiv>
                        <Unicode>sern</Unicode>
                    </TextEquiv>
                </Word>
                <TextEquiv>
                    <Unicode>habe iben de ate tst rnde sern</Unicode>
                </TextEquiv>
            </TextLine>
            <TextLine id="r4l23" custom="readingOrder {index:22;}">
                <Coords points="2119,2006 2374,1969 2461,2012 2744,1925 2993,1965 3076,1894 3256,1875 3103,1803 2938,1871 2873,1832 2792,1893 2645,1864 2349,1947 2273,1911 2113,1948"/>
                <Baseline points="2126,1991 2182,1984 2238,1977 2294,1971 2350,1966 2406,1959 2462,1953 2518,1948 2574,1942 2630,1937 2687,1932 2743,1928 2799,1922 2855,1916 2911,1912 2967,1906 3023,1901 3079,1896 3135,1890 3191,1885 3248,1878"/>
                <Word id="r4l23_w1" custom="readingOrder {index:0;}">
                    <Coords points="2134,1931 2134,1991 2442,1991 2442,1931"/>
                    <TextEquiv>
                        <Unicode>Frauvundt</Unicode>
                    </TextEquiv>
                </Word>
                <Word id="r4l23_w2" custom="readingOrder {index:1;}">
                    <Coords points="2458,1906 2458,1966 2603,1966 2603,1906"/>
                    <TextEquiv>
                        <Unicode>fochte</Unicode>
                    </TextEquiv>
                </Word>
                <Word id="r4l23_w3" custom="readingOrder {index:2;}">
                    <Coords points="2635,1892 2635,1952 2731,1952 2731,1892"/>
                    <TextEquiv>
                        <Unicode>vor</Unicode>
                    </TextEquiv>
                </Word>
                <Word id="r4l23_w4" custom="readingOrder {index:3;}">
                    <Coords points="2747,1883 2747,1943 2829,1943 2829,1883"/>
                    <TextEquiv>
                        <Unicode>sich</Unicode>
                    </TextEquiv>
                </Word>
                <Word id="r4l23_w5" custom="readingOrder {index:4;}">
                    <Coords points="2861,1862 2861,1922 3152,1922 3152,1862"/>
                    <TextEquiv>
                        <Unicode>zubescheiden</Unicode>
                    </TextEquiv>
                </Word>
                <TextEquiv>
                    <Unicode>Frauvundt fochte vor sich zubescheiden</Unicode>
                </TextEquiv>
            </TextLine>
            <TextLine id="r4l24" custom="readingOrder {index:23;}">
                <Coords points="2119,2117 2159,2077 2548,2030 2625,2072 2693,2015 2866,2044 2910,1997 3002,2030 3155,1974 3150,1926 3057,1911 2987,1969 2746,1926 2456,2019 2382,1980 2289,2030 2184,2005 2111,2040"/>
                <Baseline points="2123,2076 2174,2072 2225,2065 2276,2060 2327,2055 2378,2049 2429,2045 2481,2039 2532,2034 2583,2029 2634,2024 2685,2018 2736,2013 2787,2009 2839,2002 2890,1997 2941,1992 2992,1986 3043,1980 3094,1975 3146,1968"/>
                <Word id="r4l24_w1" custom="readingOrder {index:0;}">
                    <Coords points="2119,2032 2119,2092 2229,2092 2229,2032"/>
                    <TextEquiv>
                        <Unicode>Ihren</Unicode>
                    </TextEquiv>
                </Word>
                <Word id="r4l24_w2" custom="readingOrder {index:1;}">
                    <Coords points="2248,2005 2248,2065 2585,2065 2585,2005"/>
                    <TextEquiv>
                        <Unicode>gantzenstlich</Unicode>
                    </TextEquiv>
                </Word>
                <Word id="r4l24_w3" custom="readingOrder {index:2;}">
                    <Coords points="2622,1982 2622,2042 2677,2042 2677,1982"/>
                    <TextEquiv>
                        <Unicode>Ein</Unicode>
                    </TextEquiv>
                </Word>
                <Word id="r4l24_w4" custom="readingOrder {index:3;}">
                    <Coords points="2696,1962 2696,2022 2976,2022 2976,1962"/>
                    <TextEquiv>
                        <Unicode>zuthelfen,</Unicode>
                    </TextEquiv>
                </Word>
                <Word id="r4l24_w5" custom="readingOrder {index:4;}">
                    <Coords points="2994,1937 2994,1997 3144,1997 3144,1937"/>
                    <TextEquiv>
                        <Unicode>Ihmen</Unicode>
                    </TextEquiv>
                </Word>
                <TextEquiv>
                    <Unicode>Ihren gantzenstlich Ein zuthelfen, Ihmen</Unicode>
                </TextEquiv>
            </TextLine>
            <TextLine id="r4l25" custom="readingOrder {index:24;}">
                <Coords points="2120,2214 2256,2150 2490,2186 2672,2108 2918,2076 3064,2108 3117,2056 3270,2039 3265,1984 3001,2030 2908,2003 2868,2042 2789,2006 2609,2074 2549,2029 2501,2073 2429,2053 2328,2108 2226,2076 2110,2132"/>
                <Baseline points="2123,2169 2180,2162 2237,2155 2294,2149 2351,2142 2408,2135 2465,2129 2522,2123 2579,2117 2636,2111 2693,2104 2750,2098 2807,2091 2864,2084 2921,2078 2978,2070 3035,2063 3092,2056 3149,2049 3206,2042 3263,2033"/>
                <Word id="r4l25_w1" custom="readingOrder {index:0;}">
                    <Coords points="2121,2125 2121,2185 2190,2185 2190,2125"/>
                    <TextEquiv>
                        <Unicode>4)</Unicode>
                    </TextEquiv>
                </Word>
                <Word id="r4l25_w2" custom="readingOrder {index:1;}">
                    <Coords points="2212,2112 2212,2172 2303,2172 2303,2112"/>
                    <TextEquiv>
                        <Unicode>Von</Unicode>
                    </TextEquiv>
                </Word>
                <Word id="r4l25_w3" custom="readingOrder {index:2;}">
                    <Coords points="2347,2088 2347,2148 2597,2148 2597,2088"/>
                    <TextEquiv>
                        <Unicode>Grtsch</Unicode>
                    </TextEquiv>
                </Word>
                <Word id="r4l25_w4" custom="readingOrder {index:3;}">
                    <Coords points="2643,2067 2643,2127 2690,2127 2690,2067"/>
                    <TextEquiv>
                        <Unicode>be</Unicode>
                    </TextEquiv>
                </Word>
                <Word id="r4l25_w5" custom="readingOrder {index:4;}">
                    <Coords points="2734,2054 2734,2114 2825,2114 2825,2054"/>
                    <TextEquiv>
                        <Unicode>hen</Unicode>
                    </TextEquiv>
                </Word>
                <Word id="r4l25_w6" custom="readingOrder {index:5;}">
                    <Coords points="2847,2042 2847,2102 2915,2102 2915,2042"/>
                    <TextEquiv>
                        <Unicode>be</Unicode>
                    </TextEquiv>
                </Word>
                <Word id="r4l25_w7" custom="readingOrder {index:6;}">
                    <Coords points="2937,2015 2937,2075 3256,2075 3256,2015"/>
                    <TextEquiv>
                        <Unicode>undeschlaf</Unicode>
                    </TextEquiv>
                </Word>
                <TextEquiv>
                    <Unicode>4) Von Grtsch be hen be undeschlaf</Unicode>
                </TextEquiv>
            </TextLine>
            <TextLine id="r4l26" custom="readingOrder {index:25;}">
                <Coords points="2114,2282 2247,2240 2316,2281 2498,2203 2548,2241 2626,2197 2671,2231 2804,2178 3209,2154 3239,2089 2866,2105 2823,2149 2751,2110 2619,2184 2281,2149 2209,2215 2106,2213"/>
                <Baseline points="2117,2243 2175,2240 2234,2236 2293,2231 2352,2227 2411,2222 2470,2216 2529,2211 2588,2204 2647,2198 2705,2190 2764,2184 2823,2177 2882,2171 2941,2162 3000,2155 3059,2148 3118,2141 3177,2133 3236,2126"/>
                <Word id="r4l26_w1" custom="readingOrder {index:0;}">
                    <Coords points="2137,2198 2137,2258 2263,2258 2263,2198"/>
                    <TextEquiv>
                        <Unicode>mehr</Unicode>
                    </TextEquiv>
                </Word>
                <Word id="r4l26_w2" custom="readingOrder {index:1;}">
                    <Coords points="2283,2182 2283,2242 2517,2242 2517,2182"/>
                    <TextEquiv>
                        <Unicode>zugeben,</Unicode>
                    </TextEquiv>
                </Word>
                <Word id="r4l26_w3" custom="readingOrder {index:2;}">
                    <Coords points="2558,2165 2558,2225 2599,2225 2599,2165"/>
                    <TextEquiv>
                        <Unicode>da</Unicode>
                    </TextEquiv>
                </Word>
                <Word id="r4l26_w4" custom="readingOrder {index:3;}">
                    <Coords points="2643,2148 2643,2208 2789,2208 2789,2148"/>
                    <TextEquiv>
                        <Unicode>soster</Unicode>
                    </TextEquiv>
                </Word>
                <Word id="r4l26_w5" custom="readingOrder {index:4;}">
                    <Coords points="2833,2117 2833,2177 3126,2177 3126,2117"/>
                    <TextEquiv>
                        <Unicode>derselbenit</Unicode>
                    </TextEquiv>
                </Word>
                <Word id="r4l26_w6" custom="readingOrder {index:5;}">
                    <Coords points="3149,2091 3149,2151 3231,2151 3231,2091"/>
                    <TextEquiv>
                        <Unicode>und</Unicode>
                    </TextEquiv>
                </Word>
                <TextEquiv>
                    <Unicode>mehr zugeben, da soster derselbenit und</Unicode>
                </TextEquiv>
            </TextLine>
            <TextLine id="r4l27" custom="readingOrder {index:26;}">
                <Coords points="2122,2339 2279,2372 2376,2307 2756,2259 2873,2303 3031,2250 3127,2276 3241,2175 3140,2144 3078,2203 2885,2178 2757,2234 2617,2197 2548,2240 2500,2203 2406,2265 2115,2284"/>
                <Baseline points="2130,2334 2185,2330 2240,2324 2295,2318 2351,2311 2406,2305 2461,2298 2517,2292 2572,2284 2627,2277 2683,2270 2738,2263 2793,2255 2848,2248 2904,2242 2959,2235 3014,2229 3070,2223 3125,2218 3180,2212 3236,2207"/>
                <Word id="r4l27_w1" custom="readingOrder {index:0;}">
                    <Coords points="2124,2292 2124,2352 2182,2352 2182,2292"/>
                    <TextEquiv>
                        <Unicode>in</Unicode>
                    </TextEquiv>
                </Word>
                <Word id="r4l27_w2" custom="readingOrder {index:1;}">
                    <Coords points="2202,2278 2202,2338 2381,2338 2381,2278"/>
                    <TextEquiv>
                        <Unicode>greße</Unicode>
                    </TextEquiv>
                </Word>
                <Word id="r4l27_w3" custom="readingOrder {index:2;}">
                    <Coords points="2420,2241 2420,2301 2758,2301 2758,2241"/>
                    <TextEquiv>
                        <Unicode>Krantworsung</Unicode>
                    </TextEquiv>
                </Word>
                <Word id="r4l27_w4" custom="readingOrder {index:3;}">
                    <Coords points="2777,2209 2777,2269 2896,2269 2896,2209"/>
                    <TextEquiv>
                        <Unicode>lunde</Unicode>
                    </TextEquiv>
                </Word>
                <Word id="r4l27_w5" custom="readingOrder {index:4;}">
                    <Coords points="2916,2191 2916,2251 3074,2251 3074,2191"/>
                    <TextEquiv>
                        <Unicode>gehogen</Unicode>
                    </TextEquiv>
                </Word>
                <Word id="r4l27_w6" custom="readingOrder {index:5;}">
                    <Coords points="3093,2172 3093,2232 3254,2232 3254,2172"/>
                    <TextEquiv>
                        <Unicode>Jagere¬</Unicode>
                    </TextEquiv>
                </Word>
                <TextEquiv>
                    <Unicode>in greße Krantworsung lunde gehogen Jagere¬</Unicode>
                </TextEquiv>
            </TextLine>
            <TextLine id="r4l28" custom="readingOrder {index:27;}">
                <Coords points="2110,2438 3175,2307 3239,2287 3229,2204 3141,2276 3027,2250 2879,2308 2698,2273 2560,2330 2361,2321 2275,2375 2197,2331 2101,2363"/>
                <Baseline points="2115,2412 2170,2408 2226,2403 2282,2397 2338,2391 2393,2386 2449,2379 2505,2374 2561,2367 2616,2361 2672,2354 2728,2348 2784,2340 2839,2333 2895,2325 2951,2319 3007,2312 3062,2304 3118,2297 3174,2291 3230,2283"/>
                <Word id="r4l28_w1" custom="readingOrder {index:0;}">
                    <Coords points="2111,2367 2111,2427 2235,2427 2235,2367"/>
                    <TextEquiv>
                        <Unicode>se</Unicode>
                    </TextEquiv>
                </Word>
                <Word id="r4l28_w2" custom="readingOrder {index:1;}">
                    <Coords points="2255,2349 2255,2409 2462,2409 2462,2349"/>
                    <TextEquiv>
                        <Unicode>mantest</Unicode>
                    </TextEquiv>
                </Word>
                <Word id="r4l28_w3" custom="readingOrder {index:2;}">
                    <Coords points="2482,2322 2482,2382 2730,2382 2730,2322"/>
                    <TextEquiv>
                        <Unicode>Verlucstis</Unicode>
                    </TextEquiv>
                </Word>
                <Word id="r4l28_w4" custom="readingOrder {index:3;}">
                    <Coords points="2750,2296 2750,2356 2874,2356 2874,2296"/>
                    <TextEquiv>
                        <Unicode>abe,</Unicode>
                    </TextEquiv>
                </Word>
                <Word id="r4l28_w5" custom="readingOrder {index:4;}">
                    <Coords points="2895,2281 2895,2341 2958,2341 2958,2281"/>
                    <TextEquiv>
                        <Unicode>der</Unicode>
                    </TextEquiv>
                </Word>
                <Word id="r4l28_w6" custom="readingOrder {index:5;}">
                    <Coords points="2978,2259 2978,2319 3226,2319 3226,2259"/>
                    <TextEquiv>
                        <Unicode>Sinmnfer</Unicode>
                    </TextEquiv>
                </Word>
                <TextEquiv>
                    <Unicode>se mantest Verlucstis abe, der Sinmnfer</Unicode>
                </TextEquiv>
            </TextLine>
            <TextLine id="r4l29" custom="readingOrder {index:28;}">
                <Coords points="2132,2498 2286,2530 2450,2453 2597,2484 2720,2422 3269,2379 3270,2306 2892,2336 2847,2377 2629,2358 2545,2420 2123,2420"/>
                <Baseline points="2138,2478 2194,2477 2251,2474 2307,2470 2364,2465 2420,2459 2477,2452 2533,2444 2590,2437 2646,2429 2703,2420 2760,2412 2816,2404 2873,2396 2929,2389 2986,2382 3042,2376 3099,2371 3155,2366 3212,2363 3269,2361"/>
                <Word id="r4l29_w1" custom="readingOrder {index:0;}">
                    <Coords points="2134,2437 2134,2497 2219,2497 2219,2437"/>
                    <TextEquiv>
                        <Unicode>Eern</Unicode>
                    </TextEquiv>
                </Word>
                <Word id="r4l29_w2" custom="readingOrder {index:1;}">
                    <Coords points="2243,2428 2243,2488 2416,2488 2416,2428"/>
                    <TextEquiv>
                        <Unicode>bescheid</Unicode>
                    </TextEquiv>
                </Word>
                <Word id="r4l29_w3" custom="readingOrder {index:2;}">
                    <Coords points="2438,2406 2438,2466 2589,2466 2589,2406"/>
                    <TextEquiv>
                        <Unicode>darbe</Unicode>
                    </TextEquiv>
                </Word>
                <Word id="r4l29_w4" custom="readingOrder {index:3;}">
                    <Coords points="2611,2387 2611,2447 2699,2447 2699,2387"/>
                    <TextEquiv>
                        <Unicode>sech</Unicode>
                    </TextEquiv>
                </Word>
                <Word id="r4l29_w5" custom="readingOrder {index:4;}">
                    <Coords points="2720,2368 2720,2428 2851,2428 2851,2368"/>
                    <TextEquiv>
                        <Unicode>weden</Unicode>
                    </TextEquiv>
                </Word>
                <Word id="r4l29_w6" custom="readingOrder {index:5;}">
                    <Coords points="2872,2343 2872,2403 3069,2403 3069,2343"/>
                    <TextEquiv>
                        <Unicode>vndes</Unicode>
                    </TextEquiv>
                </Word>
                <Word id="r4l29_w7" custom="readingOrder {index:6;}">
                    <Coords points="3112,2323 3112,2383 3288,2383 3288,2323"/>
                    <TextEquiv>
                        <Unicode>ante¬</Unicode>
                    </TextEquiv>
                </Word>
                <TextEquiv>
                    <Unicode>Eern bescheid darbe sech weden vndes ante¬</Unicode>
                </TextEquiv>
            </TextLine>
            <TextLine id="r4l30" custom="readingOrder {index:29;}">
                <Coords points="2128,2620 2241,2568 2332,2563 2386,2598 2452,2537 2586,2547 2742,2489 2737,2440 2637,2441 2597,2484 2566,2462 2549,2483 2455,2468 2377,2504 2337,2487 2291,2528 2205,2492 2119,2543"/>
                <Baseline points="2129,2564 2159,2561 2189,2558 2219,2557 2250,2553 2280,2550 2310,2547 2341,2544 2371,2541 2401,2537 2432,2533 2462,2530 2492,2527 2522,2523 2553,2519 2583,2516 2613,2513 2644,2510 2674,2505 2704,2502 2735,2499"/>
                <Word id="r4l30_w1" custom="readingOrder {index:0;}">
                    <Coords points="2125,2517 2125,2577 2259,2577 2259,2517"/>
                    <TextEquiv>
                        <Unicode>selbs</Unicode>
                    </TextEquiv>
                </Word>
                <Word id="r4l30_w2" custom="readingOrder {index:1;}">
                    <Coords points="2277,2495 2277,2555 2548,2555 2548,2495"/>
                    <TextEquiv>
                        <Unicode>überscheben</Unicode>
                    </TextEquiv>
                </Word>
                <Word id="r4l30_w3" custom="readingOrder {index:2;}">
                    <Coords points="2564,2469 2564,2529 2733,2529 2733,2469"/>
                    <TextEquiv>
                        <Unicode>laßen.</Unicode>
                    </TextEquiv>
                </Word>
                <TextEquiv>
                    <Unicode>selbs überscheben laßen.</Unicode>
                </TextEquiv>
            </TextLine>
            <TextEquiv>
                <Unicode></Unicode>
            </TextEquiv>
        </TextRegion>
    </Page>
</PcGts>
