4032 3024
449 307 595 367 7607.

443 485 717 545 Aatipharbara

449 574 522 634 Lag
581 557 715 617 Hauß.

454 940 673 1000 HochsAna
692 920 785 980 vor

531 998 666 1058 1goch.

476 1090 563 1150 Denm
612 1073 786 1133 Elßbett.

475 1175 580 1235 Ruph
604 1154 744 1214 Johann

543 2206 626 2266 obt

740 378 840 438 durch
864 368 915 428 ein
940 359 989 419 S.
1015 349 1102 409 von
1152 335 1264 395 Ober
1276 327 1390 387 Ripp
1427 326 1563 386 wurden
1590 336 1665 396 Met

756 454 934 514 berichtet,
957 442 1018 502 wie
1041 433 1112 493 daß
1148 422 1326 482 barbara
1375 412 1552 472 Lentzig
1576 413 1599 473 in
1624 417 1695 477 Ihme

752 541 900 601 geißt,
916 533 950 593 so
966 528 1016 588 dn
1032 524 1064 584 25
1097 517 1179 577 dart
1227 505 1393 565 esthin
1424 499 1622 559 beschehen,
1638 503 1754 563 ander

745 627 943 687 gnngsamme
976 604 1266 664 Examination
1317 587 1532 647 beständig
1566 583 1656 643 auff

750 720 850 780 Ghein
880 696 1082 756 gewesenen
1096 677 1299 737 Eheman
1343 664 1575 724 verhanret
1589 657 1706 717 seynd

805 889 1035 949 Erschinl
1065 864 1339 924 widermahlen
1367 850 1497 910 Anna
1541 844 1714 904 Wargeth

789 981 891 1041 Hosch
915 965 995 1025 Von
1029 953 1145 1013 Basel
1191 942 1305 1002 undt
1340 934 1513 994 beklagt
1536 928 1616 988 sich,
1638 923 1696 983 wie

837 1057 896 1117 loß
931 1040 1156 1100 ohngeacht
1181 1026 1275 1086 Ihro
1298 1014 1535 1074 Ertheiltert
1571 1003 1737 1063 Gwalte

797 1134 943 1194 Vatent
989 1125 1052 1185 der
1090 1110 1319 1170 Nuppnit
1356 1090 1557 1150 betretten
1585 1079 1704 1139 werden

769 1206 936 1266 käme,
964 1198 1066 1258 undt
1094 1191 1196 1251 sagt
1233 1183 1290 1243 der
1317 1177 1429 1237 Lison
1485 1164 1606 1224 Zenni
1624 1154 1773 1214 mutter

787 1289 852 1349 die
878 1282 1046 1342 Elstbeth
1059 1273 1189 1333 auße
1214 1266 1292 1326 sein
1332 1248 1604 1308 auffenthalt
1644 1222 1694 1282 die

781 1367 952 1427 erschreit
978 1355 1076 1415 auch,
1100 1347 1224 1407 undt
1262 1337 1347 1397 will
1397 1325 1495 1385 Ston
1519 1314 1593 1374 deß
1619 1299 1743 1359 Ruphen

793 1440 1075 1500 auffenthalt
1099 1424 1210 1484 ender
1234 1416 1321 1476 mit
1345 1410 1395 1470 der
1419 1401 1530 1461 lison
1554 1382 1713 1442 herumb

794 1527 1024 1587 schlifft
1046 1505 1230 1565 genicht
1277 1489 1438 1549 üßen,
1460 1477 1529 1537 dae
1552 1466 1643 1526 dach
1668 1450 1738 1510 de¬

797 1615 868 1675 Ihm
911 1603 995 1663 alle
1038 1591 1207 1651 Vorschub
1236 1579 1405 1639 gethan:
1432 1564 1560 1624 Cogl.
1575 1550 1659 1610 für

802 1691 904 1751 acht
917 1688 981 1748 tag
1007 1683 1109 1743 aben,
1123 1677 1213 1737 undt
1238 1668 1367 1728 fahls
1392 1657 1457 1717 Sie
1482 1647 1546 1707 nit
1571 1626 1751 1686 bekennen

818 1770 937 1830 undt
962 1765 1028 1825 der
1041 1756 1331 1816 auffEnthalt
1370 1735 1501 1795 dieser
1528 1707 1711 1767 schlamen

797 1850 956 1910 gesindt
992 1842 1176 1902 anzeigen
1188 1834 1348 1894 wollte,
1384 1819 1469 1879 der
1493 1794 1714 1854 zumahlen

797 1940 966 2000 Machln
980 1934 1037 1994 der
1065 1928 1236 1988 Burger
1264 1917 1392 1977 Cammer
1433 1905 1504 1965 zur
1532 1881 1744 1941 Eripulin

803 2026 911 2086 solk
950 2018 1166 2078 verheidet
1192 2011 1354 2071 lerden.

784 2164 920 2224 Dedil
935 2162 948 2222 e
975 2161 1044 2221 min
1058 2159 1168 2219 gnädigen
1182 2156 1291 2216 Herren
1320 2149 1373 2209 der
1415 2137 1580 2197 Burger
1608 2110 1760 2170 Caur.

797 2241 1015 2301 allefahls
1053 2245 1131 2305 Sie
1156 2245 1286 2305 deßen
1336 2233 1504 2293 berichte

1858 515 1876 575 1

1894 1172 1921 1232 pe
1932 1151 2073 1211 ertigen

1913 1225 2035 1285 Insanne

1883 1292 1993 1352 Jenblor

1917 1341 2041 1401 geolt

3077 188 3222 248 30t.

2081 331 2235 391 Würden
2273 309 2312 369 so
2324 301 2415 361 wohl
2441 293 2544 353 M.
2557 292 2788 352 Daurheimb
2813 294 2864 354 alß
2904 296 2981 356 seine
3006 296 3173 356 Knechter

2073 424 2146 484 mit
2170 404 2281 464 Einer
2293 388 2466 448 scharpfen
2478 380 2625 440 sensur
2649 377 2846 437 dimittirt,
2859 378 2933 438 undt
2957 377 3044 437 Ihme
3056 376 3116 436 dem

2062 521 2175 581 Wse
2189 497 2286 557 alleß
2343 477 2440 537 Erst
2455 466 2736 526 eingeschroft,
2750 460 3001 520 künfftigtein
3016 454 3143 514 also¬

2082 606 2163 666 sorg
2205 585 2232 645 zu
2259 569 2383 629 seinen
2424 555 2520 615 stoll
2561 546 2740 606 zuwege,
2754 543 2822 603 daß
2862 541 2905 601 zu
2932 534 3110 594 frnern

2084 676 2275 736 bkradten
2300 646 2478 706 mitanlaß
2529 634 2657 694 gegeben
2669 630 2796 690 werden,
2810 626 2950 686 sonsten
2975 617 3052 677 man

2084 767 2160 827 Ihne
2197 753 2236 813 in
2261 740 2388 800 große
2425 717 2741 777 Verantwortung
2779 704 2881 764 hiehn
2906 699 2994 759 undt
3019 693 3210 753 MnGH.

2090 846 2290 906 verkeuden
2318 817 2476 877 wurde.

2105 1026 2170 1086 Es
2186 1012 2267 1072 hat
2283 998 2396 1058 swer
2412 984 2493 1044 H.
2511 968 2671 1028 Adocat
2705 952 2833 1012 Poive
2851 935 3077 995 innahme
3110 921 3174 981 der

2103 1103 2248 1163 Sand
2288 1073 2473 1133 Suarne
2516 1053 2556 1113 de
2598 1032 2846 1092 Maitigei.
2866 1014 2949 1074 Se.
2969 1003 3220 1063 Contarne,

2105 1179 2311 1239 sithent
2359 1142 2543 1202 alged
2566 1110 2867 1170 schwangen
2890 1092 2959 1152 de
2982 1087 3052 1147 ehr
3096 1081 3214 1141 halbs

2125 1254 2373 1314 gegshohen
2395 1224 2555 1284 Mbet
2600 1200 2760 1260 ritaen
2804 1172 3121 1232 Verlbouanel

2115 1339 2357 1399 gelachet,
2378 1314 2446 1374 daß
2489 1294 2666 1354 deselbe
2688 1278 2774 1338 aoch
2798 1265 2929 1325 Mehl.
2972 1240 3193 1300 obetens

2081 1440 2193 1500 von
2237 1421 2262 1481 1
2306 1406 2397 1466 fr.
2441 1388 2532 1448 1.
2557 1378 2601 1438 Ju
2623 1366 2760 1426 mahte
2804 1351 2873 1411 die
2895 1336 3099 1396 benach

2112 1513 2259 1573 dede
2315 1480 2521 1540 eten
2608 1450 2751 1510 ete
2810 1422 3072 1482 eflase,
3131 1398 3187 1458 ue

2116 1591 2300 1651 sambt
2336 1567 2411 1627 den
2447 1544 2685 1604 hibtsrecht
2703 1524 2796 1584 als
2814 1510 2962 1570 ehelich
2998 1493 3240 1553 zugeschaen

2117 1680 2227 1740 werde
2263 1658 2427 1718 mahte,
2445 1641 2554 1701 wele
2590 1626 2682 1686 aber
2718 1614 2792 1674 Sie
2810 1606 2884 1666 bey
2920 1594 3066 1654 Actum

2099 1761 2343 1821 predance
2391 1723 2537 1783 könne
2587 1704 2659 1764 das
2685 1689 2807 1749 sher
2831 1673 2977 1733 hicht
3001 1659 3123 1719 belt

2118 1837 2384 1897 geshlh
2413 1802 2590 1862 bsen
2651 1771 2917 1831 bschwrd
3006 1740 3066 1800 eh
3123 1719 3216 1779 den

2127 1939 2244 1999 dah
2301 1913 2478 1973 elshe
2567 1882 2684 1942 hen
2744 1861 2801 1921 ie
2833 1840 3039 1900 bedech
3095 1810 3245 1870 erden

2145 2019 2334 2079 dehen
2365 1999 2426 2059 de
2522 1965 2773 2025 esele
2838 1939 2869 1999 e
2900 1930 2965 1990 be
3027 1908 3281 1968 eigen

2129 2109 2229 2169 Vher
2272 2092 2392 2152 undt
2412 2075 2515 2135 Ihre
2575 2047 2761 2107 bekäte
2801 2024 2882 2084 daß
2902 2010 2984 2070 bon
3005 1991 3228 2051 homchte

2110 2187 2332 2247 erschen
2353 2162 2510 2222 breb,
2532 2144 2599 2204 die
2621 2120 2864 2180 Contumag
2910 2094 3043 2154 daruf
3089 2077 3289 2137 ersahen

2128 2273 2261 2333 sind
2327 2253 2460 2313 undt
2482 2235 2615 2295 dese
2661 2210 2816 2270 Mohle
2859 2190 2927 2250 hin
2971 2163 3262 2223 Aanttausen

2122 2361 2292 2421 Iaunn
2335 2348 2379 2408 zu
2421 2332 2571 2392 ferier
2592 2300 2850 2360 berendung
2871 2257 3192 2317 bebesesale
