4032 3024
905 329 1120 389 Sonstags
1148 318 1192 378 den
1206 316 1277 376 12.
1291 314 1391 374 Mert
1434 314 1564 374 1733.

445 324 539 384 362

1128 424 1291 484 Braeses

939 543 1016 603 Men
1033 534 1063 594 H
1095 524 1157 584 e
1219 513 1251 573 r
1313 508 1345 568 o
1375 507 1564 567 Michlinen

1102 573 1302 633 Assessorio

1040 652 1126 712 Me
1155 636 1212 696 ide
1241 623 1371 683 ene.

786 795 975 855 Deinnach
1009 779 1076 839 Hr.
1099 768 1279 828 Willhelm
1323 758 1512 818 Rychener
1536 761 1670 821 Doctor
1692 772 1794 832 Medi¬

465 844 594 904 Puchene
620 835 646 895 hi
671 828 749 888 Will

786 891 847 951 von
876 875 997 935 Fraub
1041 862 1116 922 und
1162 848 1358 908 Jungfel
1402 844 1508 904 Maria
1552 850 1763 910 Schunpff

466 907 558 967 hellen

780 986 842 1046 von
883 974 946 1034 St.
976 960 1112 1020 Gallen
1154 940 1392 1000 einanderen
1434 934 1559 994 hiever
1590 934 1642 994 die
1673 939 1768 999 Ehe¬

472 968 691 1028 Rungeste
724 953 809 1013 and

776 1070 1027 1130 versprechen,
1055 1052 1110 1112 von
1153 1041 1278 1101 dieser
1306 1030 1404 1090 Ihrer
1431 1024 1751 1084 Ehaversprechung

794 1164 872 1224 aber
900 1152 1018 1212 beyde
1057 1130 1280 1190 guthwillige
1306 1113 1504 1173 bidrumb
1529 1115 1768 1175 abgestanden,

796 1251 1007 1311 Vnßanby
1048 1234 1100 1294 der
1139 1218 1352 1278 daharigen
1378 1203 1511 1263 übsten
1539 1198 1630 1258 halb
1643 1198 1737 1258 alleß

793 1350 836 1410 in
879 1333 1213 1393 früundtlichkeit
1241 1313 1314 1373 und
1343 1303 1516 1363 absolute
1561 1301 1791 1361 beyhulegen

795 1440 1078 1500 unvertraubet
1103 1423 1181 1483 und
1206 1411 1425 1471 ersuchet;
1450 1403 1528 1463 daß
1566 1400 1733 1460 derobege

789 1552 882 1612 Wir
910 1543 949 1603 in
976 1527 1177 1587 bedenken
1205 1509 1392 1569 beyderen
1433 1500 1527 1560 guoth
1540 1498 1687 1558 billigen
1701 1498 1783 1558 ab¬

788 1646 952 1706 spechens
999 1628 1165 1688 sothane
1200 1609 1565 1669 Eheversprechung
1589 1596 1776 1656 aufger¬

810 1744 933 1804 haben,
957 1733 1043 1793 und
1068 1721 1203 1781 beyde
1227 1713 1277 1773 in
1301 1704 1448 1764 vorige
1498 1692 1670 1752 freyheit
1694 1687 1819 1747 ger¬

789 1833 935 1893 setzet:
974 1819 1133 1879 Worbey
1173 1809 1266 1869 wie
1305 1803 1371 1863 die
1412 1795 1530 1855 Ifrl.
1543 1784 1768 1844 Schlumpf

813 1927 881 1987 auß
928 1917 1157 1977 erheblichen
1191 1906 1398 1966 grunden
1432 1895 1546 1955 dahn
1569 1878 1776 1938 verfellt,

799 2034 875 2094 daß
921 2024 966 2084 sie
1012 2017 1117 2077 demn
1132 2012 1223 2072 Hrr
1240 2004 1436 2064 Rschener
1465 1995 1541 2055 für
1556 1985 1678 2045 seine
1708 1973 1769 2033 siß

817 2126 980 2186 ohrtige
1007 2114 1334 2174 versaummuß
1375 2097 1579 2157 hundert
1607 2077 1797 2137 Duplonee

815 2227 879 2287 Das
904 2222 994 2282 stub
1031 2218 1095 2278 per
1133 2215 1196 2275 §.
1223 2212 1273 2272 5.
1287 2208 1503 2268 gerechnet
1541 2190 1757 2250 entrichten

788 2318 890 2378 Meegn
903 2314 993 2374 dedge
1019 2312 1070 2372 den
1084 2311 1276 2371 heutigen
1289 2305 1559 2365 Amolumenta
1597 2284 1789 2344 bezahlen,

822 2411 879 2471 sie
915 2405 1092 2465 frunden
1115 2404 1161 2464 zu
1197 2401 1337 2461 Araus
1373 2392 1619 2452 ergangeer
1666 2371 1701 2431 so
1713 2360 1795 2420 wohl

831 2494 896 2554 als
922 2494 975 2554 die
1014 2495 1132 2555 allhar
1158 2497 1236 2557 reiß
1276 2498 1407 2558 kosten
1433 2497 1446 2557 E
1511 2489 1603 2549 aber
1629 2471 1786 2531 zbuschen

835 2586 901 2646 der
933 2584 1131 2644 Partheyr
1163 2584 1459 2644 wettgeschlage
1475 2576 1541 2636 sen
1559 2565 1707 2625 sollen,
1723 2544 1789 2604 deß

825 2662 885 2722 S.
904 2660 992 2720 nach
1022 2657 1199 2717 Kraub.

3050 201 3151 261 363
3180 206 3224 266 f.

2078 315 2139 375 Dn
2170 293 2325 353 Fille.
2340 275 2543 335 Weilen
2588 271 2650 331 der
2665 273 2820 333 Barbera
2850 278 2944 338 Mey
2959 282 3053 342 vogt
3068 288 3175 348 welche

2093 401 2158 461 ves
2184 382 2264 442 Ehre
2277 360 2552 420 versprechung
2591 352 2841 412 halbenlanget
2894 359 3051 419 Rudolff
3064 363 3170 423 dan¬

2101 491 2166 551 von
2204 464 2413 524 Möringe,
2439 446 2490 506 die
2503 442 2543 502 sie
2556 437 2646 497 Ihme
2671 433 2750 493 auch
2776 431 2970 491 geständig
2997 433 3113 493 selben

1882 466 2061 526 shen

2098 563 2201 623 under
2223 551 2275 611 den
2316 539 2441 599 Jahren
2515 525 2806 585 veygzuzrüchen
2858 519 3003 579 begehrt
3045 515 3180 575 habendt

1958 534 2054 594 este

2084 649 2169 709 Wie
2193 637 2291 697 Ihme
2328 626 2414 686 das
2438 619 2523 679 Zug
2559 606 2852 666 Rechtertheilt,
2878 597 2963 657 und
2999 591 3109 651 diesem

2105 736 2192 796 Ehr
2208 711 2514 771 auffgeholben,
2543 694 2617 754 Sie
2646 686 2734 746 aber
2748 682 2849 742 gege
2880 675 2952 735 Phnr
2981 666 3129 726 umb¬

2131 818 2232 878 Eine
2249 801 2402 861 thaler
2419 785 2556 845 Costen
2589 772 2792 832 Vrofellt

2058 985 2269 1045 Sohen
2358 954 2392 1014 e
2409 948 2444 1008 e
2463 937 2569 997 Hre
2621 924 2674 984 en
2761 911 2832 971 oanr
2866 902 2920 962 der
2955 889 3203 949 ohemütten

2113 1054 2383 1114 verständiget
2411 1034 2554 1094 worden
2624 1010 2781 1070 Anna
2823 989 3008 1049 Bollinge
3050 978 3122 1038 seyn

1883 1103 1996 1163 Wige
2008 1081 2079 1141 kuna

2118 1133 2344 1193 Verscheinen
2372 1107 2583 1167 Montags
2598 1088 2752 1148 abendts
2781 1072 2921 1132 allhier
2950 1057 3191 1117 Kindts¬

1879 1185 1928 1245 1n
1960 1157 2089 1217 hof.

2111 1211 2333 1271 genesen,
2361 1191 2450 1251 undt
2466 1179 2569 1239 auff
2598 1168 2671 1228 den
2702 1155 2848 1215 hieltos
2879 1138 3101 1198 beklagten

2107 1298 2255 1358 Jofff
2273 1277 2421 1337 sammt
2457 1260 2587 1320 Ihren
2605 1243 2882 1303 angehörgn
2921 1213 3142 1273 Virhiart

2130 1383 2261 1443 dehro
2279 1368 2430 1428 sechse
2467 1350 2579 1410 Ihren
2616 1329 2822 1389 aufboep
2859 1308 3010 1368 wollen
3029 1292 3159 1352 Ihre

2121 1459 2323 1519 verbalde
2359 1431 2654 1491 haorzuhalten
2674 1410 2801 1470 undt
2822 1396 2894 1456 die
2912 1383 3023 1443 daug
3078 1364 3135 1424 deß

2134 1539 2305 1599 Krindts
2320 1523 2476 1583 Moer
2493 1506 2679 1566 aistalten

2115 1723 2275 1783 Gaorcbe
2327 1702 2399 1762 Gras
2471 1687 2523 1747 o
2595 1664 2789 1724 MaHre
2879 1634 3073 1694 ersehung
3110 1620 3179 1680 der

2120 1806 2356 1866 Ehrsöndige
2375 1789 2455 1849 H.
2494 1769 2672 1829 Podint
2730 1742 2851 1802 hetz
2889 1726 2969 1786 von
3007 1710 3186 1770 darbog

1900 1836 1996 1896 Hrtz
2010 1826 2066 1886 H.

2130 1891 2264 1951 und,
2280 1879 2381 1939 habe
2397 1868 2482 1928 sich
2500 1848 2718 1908 erklaget
2768 1826 2819 1886 Ehn
2852 1809 3037 1869 gewese
3070 1790 3206 1850 Mann

2125 1970 2399 2030 außgenlß
2440 1953 2481 2013 Er
2523 1940 2649 2000 Ihmn
2673 1921 2820 1981 lieben
2840 1907 2882 1967 fr
2923 1893 3008 1953 hr
3029 1876 3155 1936 besl
3176 1860 3241 1920 .

2154 2052 2327 2112 kammern
2363 2036 2485 2096 wegen
2502 2026 2607 2086 seine
2641 2007 2887 2067 ohnfleißes
2921 1976 3131 2036 beklaget

2155 2146 2249 2206 beib
2275 2130 2515 2190 gesheten
2562 2102 2848 2162 hrklechetz
2898 2071 3065 2131 werden
3088 2051 3161 2111 kon

2142 2238 2303 2298 Richto
2342 2219 2502 2279 Glng
2541 2202 2660 2262 bebe
2702 2189 2760 2249 der
2782 2176 2921 2236 obege
2940 2155 3120 2215 Mehl.n
3139 2136 3220 2196 den

2174 2330 2228 2390 H.
2245 2316 2372 2376 Srafe
2390 2285 2785 2345 freundtlichescht
2803 2260 2912 2320 haben
2948 2244 3128 2304 wollend,
3145 2228 3290 2288 diserm

2158 2404 2279 2464 sach
2303 2378 2670 2438 nohanbehende
2717 2350 2936 2410 detrte
2986 2323 3303 2383 beseifist
