4032 3024
445 331 460 391 3
491 327 585 387 l.

746 354 832 414 vnd
863 343 1022 403 beldest
1051 328 1312 388 beyzulegen,
1341 323 1429 383 daß
1486 329 1531 389 Er
1560 337 1617 397 daß
1662 350 1676 410 H

752 434 999 494 Pordicanten
1032 417 1215 477 Parader
1231 412 1562 472 ohnnachtheilig
1578 428 1660 488 seyen

741 588 940 648 Maleo
959 575 991 635 i
1075 567 1126 627 e
1174 558 1376 618 eHerrn
1392 556 1543 616 habend
1575 561 1642 621 Ihr
1659 565 1710 625 in

453 708 659 768 battschelet
686 688 755 748 heto
782 678 836 738 dem
892 659 1125 719 Eingesenden
1152 644 1290 704 bracht
1304 637 1483 697 schreiben
1510 637 1729 697 enthalten

471 794 572 854 ziot
597 777 734 837 Maria
773 753 1011 813 weigerenge,
1036 736 1186 796 göunt
1212 727 1325 787 wider
1350 724 1413 784 deß
1475 725 1627 785 Pfeter
1652 736 1841 796 Botthlten

742 844 947 904 vorhabende
996 831 1069 891 ehe
1093 823 1178 883 mit
1215 816 1360 876 Maria
1396 812 1481 872 hiet
1518 815 1725 875 Karhhör¬

771 931 934 991 Seloff
968 922 1015 982 so
1027 911 1319 971 gsatzmeßig
1365 901 1598 961 befunden,
1621 901 1691 961 daß

759 1025 772 1085 M
824 1019 941 1079 eHer
967 1012 1007 1072 er
1033 1005 1137 1065 deiren
1176 992 1398 1052 abgewesen,
1424 982 1528 1042 undt
1556 981 1646 1041 Ihren
1658 983 1763 1043 allen

774 1098 920 1158 frnern
938 1088 1121 1148 umbgang
1158 1078 1359 1138 verbetten
1442 1066 1543 1126 auch
1579 1057 1689 1117 vilen

785 1178 830 1238 Er
853 1173 922 1233 Sie
944 1162 1182 1222 beschlaffen
1240 1150 1274 1210 zu
1308 1143 1422 1203 haben
1478 1129 1684 1189 bekennet

786 1258 909 1318 beyde
950 1247 1032 1307 zur
1059 1236 1333 1296 allüeßung
1376 1220 1596 1280 gehalten.

823 1415 963 1475 David
992 1400 1163 1460 Schädel.
1183 1391 1263 1451 Von
1292 1379 1572 1439 Kilchlindach
1602 1366 1652 1426 hat
1672 1360 1722 1420 sich

495 1462 674 1522 Schädel.
684 1447 810 1507 datid.

827 1483 1027 1543 eleütet
1066 1475 1128 1535 die
1154 1469 1317 1529 Elßbeth
1356 1456 1544 1516 drüggert
1583 1441 1696 1501 von

495 1546 644 1606 deugget
670 1528 793 1588 Elstbez

810 1561 1039 1621 Ortschreben,
1058 1553 1129 1613 wan
1169 1548 1228 1608 Sie
1259 1543 1308 1603 sich
1349 1533 1507 1593 fromb
1528 1519 1628 1579 undt
1657 1505 1767 1565 Ehrlich

811 1642 980 1702 aufüehn
1005 1635 1123 1695 werde,
1136 1632 1174 1692 in
1227 1628 1396 1688 Etlichen
1421 1619 1537 1679 Jahren
1564 1612 1603 1672 zu
1642 1596 1799 1656 fruw¬

799 1724 948 1784 sachen

802 1879 961 1939 Langte
985 1874 1170 1934 folgender
1194 1867 1317 1927 hedul
1354 1859 1414 1919 Ein
1464 1848 1563 1908 Über
1575 1839 1636 1899 die
1660 1828 1734 1888 Von

815 1969 903 2029 Kan
955 1964 1133 2024 Truncais
1171 1954 1350 2014 Arpeand
1401 1938 1478 1998 von
1516 1918 1683 1978 Bursows
1695 1897 1746 1957 Ihr

495 1961 677 2021 Arpland
699 1954 773 2014 Jean

598 2022 780 2082 Francors

812 2041 851 2101 g.
878 2044 1022 2104 ingeben
1074 2047 1403 2107 Supplication
1468 2023 1560 2083 daß
1600 2000 1691 2060 Ihne
1719 1975 1770 2035 die

824 2129 929 2189 durch
943 2128 987 2188 die
1017 2127 1197 2187 Ordnung
1211 2125 1316 2185 auff
1331 2121 1389 2181 der
1421 2115 1494 2175 3e
1509 2104 1614 2164 ledig
1643 2081 1762 2141 fahltes

818 2213 977 2273 gesetzte
1013 2209 1147 2269 straff
1184 2207 1330 2267 möchte
1367 2197 1624 2257 nachgelaßen
1648 2168 1771 2228 werden

843 2294 978 2354 Erbendt
990 2294 1113 2354 Jhogl.
1137 2292 1248 2352 weiben
1272 2286 1505 2346 verschiden
1542 2268 1664 2328 milte

843 2375 1096 2435 Consideration
1141 2372 1207 2432 für
1229 2371 1306 2431 Ihne
1328 2367 1494 2427 walten,
1515 2357 1593 2417 soch
1604 2349 1637 2409 in
1659 2333 1780 2393 gnaden

859 2450 906 2510 zu
941 2449 1046 2509 seiner
1082 2450 1164 2510 bitt
1198 2453 1409 2513 geneget,
1421 2450 1550 2510 undt
1573 2439 1667 2499 also
1678 2431 1690 2491 i

3075 209 3142 269 365
3164 217 3232 277 f.

2075 289 2270 349 mitteung
2294 278 2342 338 fü
2367 274 2427 334 e
2465 271 2513 331 o
2525 271 2611 331 Hen
2635 271 2744 331 Urtheil
2782 273 2854 333 San
2892 275 2904 335 5
2940 278 3111 338 surrentis

2075 389 2176 449 Ihme
2190 374 2348 434 solhane
2364 368 2506 428 streff
2536 366 2781 426 bescheibet.

2080 552 2162 612 daß
2208 529 2417 589 Einkamene
2440 514 2603 574 schreiben
2672 511 2753 571 von
2800 509 2916 569 Wirid
2951 511 3148 571 betreffendt

1869 682 1945 742 Dnd
1976 652 2085 712 Vorntel
2115 623 2316 683 Arahamb
2346 606 2531 666 Pachond
2562 600 2671 660 undt
2701 598 2917 658 Elesabeths
2950 595 3102 655 Bagond

2097 719 2155 779 ist
2178 704 2388 764 verschoben
2411 695 2469 755 biß
2505 691 2550 751 am
2608 681 2866 741 Montag:

1874 772 1892 832 d
1978 729 2061 789 e

1931 785 2051 845 saib.

2091 874 2210 934 durch
2233 855 2293 915 Ein
2316 846 2364 906 S.
2388 839 2459 899 von
2506 829 2696 889 Niderveil
2731 824 2791 884 bey
2838 818 2981 878 Arburg
3004 812 3122 872 funden

2087 967 2147 1027 MMr
2159 951 2267 1011 Hen
2279 929 2494 989 berichtet,
2506 914 2579 974 daß
2626 905 2735 965 Maria
2770 898 2938 958 Zimmerl.
2963 895 3011 955 Ihr
3035 895 3226 955 angehörige

1877 1014 1927 1074 ser
1962 994 1979 1054 .
2012 974 2097 1034 on

2093 1042 2215 1102 solche
2241 1015 2460 1075 Ehemahls
2487 997 2595 1057 Fentz
2624 986 2772 1046 Wannes
2801 977 2922 1037 Vorn
2964 967 3181 1027 Ehzelhoffen

1879 1080 1933 1140 si
1989 1053 2061 1113 hed

2099 1135 2169 1195 der
2213 1100 2425 1160 Aorhhöre
2455 1077 2597 1137 Weßen
2625 1068 2681 1128 der
2697 1060 2981 1120 schwängerung
3024 1041 3182 1101 halb¬

2112 1200 2330 1260 beklaget
2368 1177 2404 1237 in
2421 1169 2493 1229 den
2513 1153 2766 1213 Parpations
2787 1140 2876 1200 Eryit
2912 1129 2986 1189 und
3004 1116 3167 1176 rechtet

2097 1295 2237 1355 guste
2259 1265 2479 1325 lümbter
2501 1239 2702 1299 bescheibe
2744 1223 2864 1283 wode,
2883 1213 2964 1273 und
3006 1196 3229 1256 woderist

2110 1380 2169 1440 den
2183 1370 2228 1430 16
2258 1359 2303 1419 dß
2331 1329 2746 1389 allhiererschein.

2111 1562 2135 1622 h
2210 1533 2459 1593 debinder
2483 1493 2779 1553 bellense
2830 1463 2902 1523 ol
2953 1449 3052 1509 uf
3076 1432 3277 1492 bissen

1920 1588 2054 1648 Jubuid.

2124 1627 2331 1687 Morntig
2379 1577 2727 1637 Ciborlaten.
