4032 3024
419 316 462 376 36
491 307 578 367 9f.

976 317 1250 377 Montags
1267 308 1322 368 de.
1342 308 1414 368 16.
1431 313 1613 373 Marty
1650 344 1742 404 173

1127 424 1291 484 Prans.

817 547 1054 607 Mer
1190 529 1275 589 enen
1308 524 1325 584 a
1377 518 1631 578 Mahlenen

1086 625 1348 685 Asustores.

812 786 922 846 MH
1032 763 1063 823 e
1158 748 1250 808 aepe.
1283 741 1345 801 no
1393 734 1629 794 Schmaltz.

755 969 944 1029 Moser
962 951 1076 1011 Pracf.
1095 939 1191 999 Huß
1228 917 1512 977 mittbonendes
1531 910 1683 970 Krunder

728 1055 825 1115 Von
858 1044 911 1104 dem
944 1026 1147 1086 Consistorio
1180 1011 1212 1071 zu
1266 999 1395 1059 LBlen
1438 992 1545 1052 werde
1578 993 1620 1053 der
1642 996 1707 1056 H.
1718 1003 1771 1063 Mat

451 1154 622 1214 Araben
665 1140 749 1200 vn
773 1126 945 1186 zuische
966 1107 1116 1167 haben,
1137 1094 1222 1154 vad
1243 1086 1309 1146 fir
1351 1076 1502 1136 unfige
1544 1072 1716 1132 deslige

803 1221 893 1281 Mar
921 1202 1102 1262 Anpelme
1154 1182 1233 1242 und
1271 1169 1401 1229 Henrg
1440 1159 1609 1219 Bernard
1622 1156 1662 1216 an
1688 1156 1739 1216 der

444 1229 632 1289 Bernhard
654 1217 777 1277 Henti.

1124 1229 1202 1289 wüte.

771 1299 894 1359 Ersten
920 1273 1154 1333 vergangen
1181 1254 1276 1314 Jahr
1303 1243 1428 1303 nacht
1441 1237 1481 1297 in
1510 1233 1577 1293 ehin
1590 1227 1784 1287 Einstigung

785 1374 820 1434 in
844 1370 901 1430 die
937 1358 1100 1418 Kilchen
1158 1342 1251 1402 undt
1274 1331 1391 1391 leuten
1425 1322 1484 1382 des
1507 1312 1647 1372 gloggen
1705 1298 1823 1358 ver¬

781 1452 948 1512 Ergangen
977 1431 1155 1491 habindt,
1184 1415 1293 1475 Wie
1313 1406 1382 1466 nun
1421 1398 1529 1458 Wie
1569 1390 1617 1450 die
1648 1387 1716 1447 von

778 1537 939 1597 beente
970 1514 1161 1574 Ehrbark.
1176 1497 1322 1557 gesetzt
1336 1483 1454 1543 stoaff
1485 1473 1542 1533 der
1557 1459 1748 1519 4stäundig

787 1610 1119 1670 gesangeschafft
1157 1589 1249 1649 und,
1269 1576 1435 1636 darauff
1453 1559 1545 1619 won
1583 1539 1657 1599 den

794 1711 946 1771 hante
995 1689 1172 1749 hesigh
1248 1655 1501 1715 heaen
1577 1617 1653 1677 aes
1678 1592 1806 1652 het

813 1785 994 1845 bede
1047 1771 1124 1831 ah
1177 1755 1307 1815 lae
1412 1727 1542 1787 e
1567 1709 1647 1769 de
1751 1682 1831 1742 en

799 1854 1196 1914 frendtlichersucht
1228 1832 1365 1892 haben,
1382 1817 1504 1877 obige
1534 1799 1626 1859 acht
1658 1775 1780 1835 taglog

794 1942 848 2002 ain
868 1936 1013 1996 soster
1031 1929 1142 1989 undt
1160 1922 1251 1982 bot
1287 1914 1343 1974 fin
1360 1903 1470 1963 chunen
1490 1884 1617 1944 Pesen
1652 1852 1817 1912 nachlaes

775 2020 942 2080 selbge
975 2009 1058 2069 mit
1074 2004 1174 2064 Einer
1193 1992 1409 2052 schröffenn
1443 1974 1527 2034 und
1559 1959 1610 2019 den
1643 1936 1759 1996 fehtes

805 2090 1065 2150 angeneßene
1093 2084 1253 2144 Cennur
1269 2069 1515 2129 dimittio.
1543 2046 1616 2106 Der
1644 2018 1818 2078 niemunt

795 2170 874 2230 daß
904 2164 952 2224 Eir
968 2158 1219 2218 annehalle
1234 2149 1501 2209 aeparation,
1516 2133 1594 2193 und
1627 2109 1752 2169 ander

805 2241 915 2301 Costen
965 2236 1152 2296 zuetragn
1164 2232 1276 2292 haben
1288 2220 1439 2280 sollind.

813 2359 1072 2419 betreffendt
1097 2357 1150 2417 den
1188 2357 1241 2417 der
1267 2353 1422 2413 Pleysen
1447 2345 1525 2405 Ant.
1551 2333 1604 2393 der
1629 2309 1771 2369 Sonder

530 2391 646 2451 Cuvit
658 2386 774 2446 kon:

822 2424 1023 2484 anfehendt
1041 2431 1134 2491 ben
1152 2431 1300 2491 subit,
1320 2427 1356 2487 so
1393 2421 1429 2481 an
1449 2413 1558 2473 Eeine
1596 2379 1780 2439 Setahe

821 2488 847 2548 in
873 2493 1021 2553 behrendem
1062 2500 1155 2560 gebet
1195 2502 1221 2562 im
1262 2500 1409 2560 Wielhe
1423 2485 1623 2545 haußven
1649 2440 1810 2500 getrnden

1891 1133 2060 1193 Regken

1883 1233 1963 1293 Sehe
1977 1205 2097 1265 slbich

1883 1297 2030 1357 1ll

1914 1837 1983 1897 Stoll
1993 1834 2073 1894 Anna

1912 1919 2019 1979 Pahlen
2042 1917 2127 1977 Hans.

3041 210 3172 270 309f.

2042 345 2279 405 Vbrloßendt
2296 317 2474 377 Wiselhos
2504 308 2550 368 der
2564 307 2623 367 hl.
2638 307 2728 367 handt
2743 308 2833 368 vögst
2848 309 2921 369 gege
2952 310 3026 370 hme
3055 313 3192 373 nah¬

2059 427 2217 487 shrundt
2243 395 2401 455 Ordnung
2438 386 2475 446 zu
2500 385 2708 445 verfahren,
2732 388 2818 448 We
2842 390 2868 450 u
2928 391 2953 451 e
2990 388 3175 448 Mern

2062 508 2143 568 sehr
2156 480 2402 540 verbundert,
2430 466 2484 526 daß
2524 464 2770 524 dasfhoricht
2783 466 2812 526 zu
2852 467 2948 527 Lide
2975 466 3056 526 alle
3071 464 3165 524 diten

2079 582 2197 642 sacher
2222 563 2292 623 mit
2316 547 2601 607 hinangezung
2636 544 2683 604 deß
2720 544 2744 604 H
2802 543 2863 603 Sa
2910 541 2957 601 ene
2980 537 3052 597 ne
3076 530 3172 590 Hrrn

2080 661 2243 721 gelangen
2268 638 2407 698 laßen,
2431 630 2495 690 alß
2532 624 2632 684 werde
2657 620 2808 680 derselben
2833 617 2947 677 Ihrer
2984 615 3035 675 die
3060 611 3185 671 gebuht

2062 745 2254 805 sorselben,
2279 717 2433 777 damit
2458 705 2548 765 Wir
2574 699 2637 759 nit
2650 694 2879 754 gemänstiget
2894 690 2970 750 seyn
2995 685 3212 745 anderlertig

2077 835 2171 895 gegn
2188 817 2244 877 die
2280 797 2464 857 Erberbet
2502 786 2538 846 zu
2558 781 2743 841 verfehe.

2071 979 2374 1039 Litelsbeude.
2407 954 2470 1014 Vor
2503 941 2646 1001 Wehle
2662 931 2726 991 sye
2758 923 2854 983 Ulle
2887 916 2983 976 Grebe
3014 909 3206 969 bekentlich

2083 1069 2204 1129 worden
2254 1054 2303 1114 die
2327 1043 2438 1103 Anna
2475 1030 2574 1090 Gög
2610 1020 2697 1080 Ulli
2721 1008 2917 1068 Pelbesson
2943 999 3052 1059 biglen
3090 991 3212 1051 Gaute

2108 1142 2305 1202 beschlaffe
2341 1131 2365 1191 zu
2391 1124 2489 1184 haben
2538 1111 2723 1171 derowegen
2761 1099 2871 1159 Mehe
2895 1091 2933 1151 sie
2945 1086 3032 1146 auch
3056 1077 3167 1137 beyde

2109 1237 2160 1297 zur
2190 1219 2458 1279 abbüeßung
2479 1200 2643 1260 gehalten,
2653 1192 2736 1252 Ihren
2757 1184 2973 1244 aufftragend
2993 1176 3034 1236 e
3044 1173 3127 1233 ndgn
3147 1168 3210 1228 Hrr

2090 1313 2417 1373 zinsendtsmachen
2446 1292 2645 1352 vestender
2659 1283 2745 1343 Ulli
2772 1275 2874 1335 shalb
2902 1266 2987 1326 dann
3001 1256 3086 1316 und
3114 1245 3216 1305 wenn

2087 1410 2182 1470 Vor
2206 1396 2301 1456 Ihnen
2337 1377 2634 1437 Citirtforden,
2657 1363 2800 1423 damit
2837 1347 3027 1407 nachterts
3050 1330 3134 1390 über

2098 1496 2148 1556 die
2188 1482 2264 1542 von
2289 1467 2392 1527 Ihme
2418 1449 2649 1509 verlangende
2689 1430 2880 1490 schidigung
2918 1409 3124 1469 gesprochen

2111 1566 2221 1626 sonder
2264 1543 2472 1603 können.
2499 1526 2556 1586 den
2570 1519 2625 1579 16.
2639 1512 2737 1572 Mert
2792 1498 2876 1558 ward
2903 1487 3001 1547 Ihme
3029 1479 3084 1539 sie
3098 1466 3278 1526 schiedigen

2100 1639 2118 1699 W
2169 1625 2238 1685 der
2254 1614 2307 1674 sie
2339 1598 2512 1658 erteilt

2101 1707 2483 1767 Schwastenburg.
2500 1683 2600 1743 Aber
2617 1674 2682 1734 Ihr
2715 1662 2816 1722 beicht
2832 1648 2999 1708 schriben,
3015 1632 3231 1692 anlangend

2127 1802 2273 1862 seine
2312 1784 2423 1844 Stoll
2479 1769 2608 1829 hieber
2626 1749 2868 1809 angeforge,
2886 1733 2924 1793 so
2942 1726 3017 1786 sich
3035 1710 3238 1770 schweniges

2148 1882 2366 1942 befindete
2401 1863 2510 1923 Stein
2528 1853 2636 1913 Hhanß
2672 1836 2854 1896 Grahle
2890 1817 2981 1877 Ver
3016 1793 3252 1853 Augschueg

2128 1964 2423 2024 sichnambset,
2441 1942 2553 2002 daßse
2590 1928 2646 1988 Ehr
2664 1917 2756 1977 auch
2774 1899 2979 1959 würklich
2997 1876 3182 1936 beyschre

2143 2044 2242 2104 nach
2274 2037 2324 2097 der
2356 2024 2522 2084 odung
2556 1999 2770 2059 verbludet
2804 1973 2953 2033 worden
3001 1948 3265 2008 dißemahlen

2128 2132 2191 2192 ae
2321 2117 2451 2177 e
2577 2094 2613 2154 s
2644 2083 2708 2143 e
2901 2051 2936 2111 e
3161 2018 3260 2078 en

2126 2216 2238 2276 Iher
2260 2198 2526 2258 aufgetgn
2551 2173 2684 2233 haben
2706 2152 2840 2212 auf
2861 2135 2951 2195 ihr
2973 2105 3311 2165 Gechrachter

2122 2297 2222 2357 ait
2270 2278 2446 2338 etete
2495 2261 2571 2321 ihr
2595 2242 2822 2302 enhelt,
2846 2223 2922 2283 de
2971 2211 3022 2271 ea
3071 2188 3323 2248 fitigens

2143 2367 2397 2427 suchtlichen
2447 2347 2516 2407 dae
2549 2333 2701 2393 Indese
2753 2308 2939 2368 Mehen
2974 2292 3024 2352 rn
3041 2272 3331 2332 eingeschriefen

2141 2442 2487 2502 allesänigliche
2506 2409 2776 2469 anzutenden,
2795 2387 2873 2447 Ihm
2911 2375 3027 2435 zuzet
3046 2356 3275 2416 deben.
