4032 3024
430 301 501 361 310
517 296 561 356 f.

702 396 916 456 Mlucten
948 380 1081 440 sons,
1114 370 1261 430 damit
1295 368 1525 428 domwahlen
1558 384 1640 444 das
1656 405 1774 465 sane¬

739 474 867 534 storal
905 463 1110 523 geschafft
1135 451 1314 511 zwüschen
1391 450 1570 510 Barbara
1607 466 1710 526 kamme

740 559 817 619 von
850 551 1026 611 Hertzogen
1047 539 1191 599 Büchser
1245 529 1355 589 undt
1388 526 1531 586 daniel
1575 534 1707 594 Wibel

745 644 828 704 von
876 633 1031 693 Murter
1077 616 1304 676 befndiget
1339 604 1434 664 werde
1494 605 1648 665 wollendt
1661 612 1733 672 vor¬

425 633 529 693 Amman
560 615 704 675 Barbara

420 698 548 758 Weibel
578 678 725 738 backant

753 725 821 785 Ihme
854 716 1004 776 befohlen
1038 704 1141 764 haben
1186 694 1323 754 selber
1357 687 1460 747 auff
1483 684 1529 744 den
1540 683 1574 743 13
1608 683 1734 743 Aprilis

564 712 719 772 dauml.

756 795 1069 855 nechstkünfftig
1123 780 1219 840 Vor
1273 770 1396 830 Pagl.
1423 763 1519 823 halt
1559 758 1765 818 zulaßen.

772 935 893 995 Vndt
923 926 1033 986 lieben
1084 921 1225 981 Anna
1266 916 1426 976 Briwva
1477 910 1568 970 Oon
1598 904 1699 964 Alten

796 1016 909 1076 fühl.
931 1010 1024 1070 laut
1044 1004 1159 1064 denes
1180 997 1346 1057 schreibens
1378 992 1409 1052 in
1450 986 1534 1046 Ihre
1565 978 1731 1038 grnßte

446 1042 582 1102 Guta
627 1030 786 1090 Anna.

793 1098 885 1158 auff
906 1089 968 1149 dem
1008 1081 1154 1141 Chisten
1195 1074 1328 1134 burri
1359 1068 1442 1128 Bon
1483 1057 1699 1117 Rapperbeit

454 1124 551 1184 Burg
587 1107 771 1167 Christn.

777 1177 996 1237 verharret,
1030 1164 1064 1224 Er
1099 1159 1179 1219 auch
1225 1152 1294 1212 daß
1363 1141 1627 1201 beyschlafft
1640 1131 1788 1191 geständig

794 1261 857 1321 die
888 1249 1266 1309 Ehekroßfrehung
1307 1235 1391 1295 aber
1432 1226 1632 1286 laugnet
1674 1217 1737 1277 alß

777 1346 934 1406 liefftu
969 1339 1030 1399 die
1066 1331 1199 1391 Grite
1258 1319 1342 1379 Von
1355 1312 1463 1372 heüt
1475 1300 1667 1360 überacht
1692 1293 1740 1353 tag

762 1435 855 1495 Memn
882 1423 962 1483 ndige
975 1417 1083 1477 Herren
1109 1417 1217 1477 albte

787 1587 1190 1647 Pfätterlingen.
1220 1571 1565 1631 Wishswollendt
1579 1556 1699 1616 Ihnen

813 1678 967 1738 hiemit
1005 1670 1288 1730 auffgetragen
1326 1662 1480 1722 haben,
1505 1653 1557 1713 die
1582 1633 1826 1693 Kundtschafft

820 1760 1064 1820 außwagen,
1077 1759 1181 1819 wegen
1206 1756 1271 1816 deß
1310 1750 1465 1810 daniel
1490 1731 1671 1791 Mibebr
1684 1705 1773 1765 andt

484 1776 613 1836 Han̄oar
662 1768 811 1828 Baobara

827 1850 889 1910 der
925 1849 1086 1909 Barbara
1124 1846 1210 1906 Ane
1222 1845 1284 1905 Meine
1296 1841 1396 1901 gnädigen
1409 1834 1507 1894 Herrn
1521 1825 1557 1885 in
1569 1807 1756 1867 zusenden

496 1843 630 1903 Mebel
654 1840 749 1900 daviel

788 2015 1106 2075 Munsingen:
1133 2009 1203 2069 Sie
1217 2007 1383 2067 ersuchen
1426 2001 1480 2061 die
1508 1990 1633 2050 Amor
1662 1969 1744 2029 auff

793 2111 834 2171 den
848 2106 903 2166 1.
916 2098 1054 2158 Aprilis
1082 2093 1304 2153 horthalten.

511 2111 654 2171 obt.

792 2264 1103 2324 Kapperheil:
1141 2263 1206 2323 Ihm
1243 2260 1476 2320 aufftrager
1528 2250 1593 2310 den
1619 2238 1709 2298 bue
1734 2220 1812 2280 über

520 2347 605 2407 Buri
633 2350 758 2410 Cchriß.

821 2350 902 2410 acht
915 2351 969 2411 tag
1011 2357 1186 2417 herhaltzn
1201 2360 1241 2420 zu
1269 2361 1417 2421 laßen

532 2422 658 2482 Guta
694 2429 838 2489 Anna.

3082 216 3160 276 319
3186 223 3238 283 f.

2092 339 2266 399 Meßen
2291 316 2403 376 undt
2429 303 2628 363 Nidsbeil
2652 298 2740 358 hap.
2765 296 2877 356 Weithz
2889 296 2977 356 bentz
3001 294 3152 354 Manner
3165 291 3226 351 von

2106 426 2250 486 Weße,
2261 405 2395 465 welchem
2461 389 2595 449 Maria
2628 382 2785 442 Zimmerl.
2807 379 2873 439 Von
2907 373 3062 433 Niderlül
3108 362 3163 422 Pso

2129 514 2186 574 zur
2210 499 2302 559 welt
2325 483 2509 543 gebohrnes
2531 472 2648 532 kindt
2670 466 2900 526 zugefignet
2924 457 3027 517 dieses
3039 447 3200 507 anbeyde

1884 513 1933 573 se
1979 472 2077 532 en

2107 609 2182 669 sich
2219 581 2381 641 Eydtlich
2406 560 2656 620 Entscheldt,
2668 553 2743 613 alß
2782 549 2843 609 sye
2881 542 2956 602 seind
2969 531 3156 591 holtalleß

1883 558 2119 618 geshan

2125 689 2271 749 Gatt
2289 666 2381 726 und
2399 655 2453 715 die
2474 647 2563 707 seih
2581 637 2875 697 heinbgestell,
2893 629 2986 689 Ihro
3003 623 3057 683 das
3093 609 3203 669 Kinde

2107 775 2250 835 smbt
2278 754 2379 814 deße
2409 737 2596 797 erhaltung
2624 726 2825 786 überlaßen
2853 717 2926 777 zur
2954 700 3183 760 abbeßung

2103 858 2270 918 gefolte
2291 830 2376 890 und
2417 814 2523 874 hrh.
2543 802 2734 862 Verludt
2775 787 2945 847 bonde.

2118 1009 2314 1069 Werb.
2349 986 2458 1046 Aber
2475 973 2546 1033 Ihm
2581 952 2815 1012 frgsenden
2868 930 2994 990 beicht
3012 917 3244 977 betoffendte

2134 1092 2319 1152 satana
2374 1065 2561 1125 befange,
2580 1049 2635 1109 so
2653 1042 2690 1102 da
2728 1035 2765 1095 5.
2783 1027 2859 1087 diß
2895 1012 3062 1072 Kindts
3081 997 3287 1057 genser,

2147 1177 2244 1237 und
2279 1161 2376 1221 nach
2392 1149 2459 1209 der
2491 1129 2687 1189 genißt
2704 1113 2787 1173 zum
2819 1100 2967 1160 better
2983 1087 3196 1147 desselben

1925 1192 2124 1252 Eingesate

1909 1305 1982 1365 ver
2030 1279 2131 1339 es
2155 1249 2426 1309 enmechst
2477 1216 2699 1276 Jabenß
2724 1196 2897 1256 alel
2921 1184 2994 1244 ten
3019 1168 3220 1228 hrns¬

2132 1348 2292 1408 wolind
2341 1327 2516 1387 MeHe
2566 1307 2662 1367 en
2694 1289 2902 1349 antwort
2918 1269 3239 1329 auffgetragen

2156 1440 2293 1500 haben
2333 1422 2448 1482 selbe
2488 1394 2722 1454 horhalten
2759 1374 2818 1434 zu
2837 1361 3033 1421 lastern.

2139 1575 2456 1635 Asymants
2475 1549 2613 1609 Wile
2634 1537 2712 1597 der
2731 1526 2871 1586 Eestb
2890 1518 2910 1578 h
2948 1508 3069 1568 hintzg
3088 1501 3127 1561 e
3146 1494 3287 1554 tale,

2182 1662 2298 1722 slhe
2318 1650 2377 1710 de
2396 1643 2454 1703 Er
2475 1635 2551 1695 halb
2592 1621 2807 1681 ansteiht
2826 1605 2943 1665 sl.
2962 1587 3236 1647 Welschegel

2180 1746 2254 1806 ein
2284 1734 2374 1794 alte
2404 1717 2583 1777 deselber
2615 1702 2689 1762 auß
2735 1693 2794 1753 der
2824 1681 2988 1741 Altiben
3018 1667 3064 1727 der
3094 1652 3288 1712 gemeindte

1923 1701 2055 1761 hotzghle
2070 1689 2143 1749 hlß

1967 1763 2086 1823 1beth.

1923 1840 2150 1900 vlschegl
2184 1819 2428 1879 hoffigen,
2445 1799 2533 1859 dise
2550 1787 2638 1847 seit
2672 1771 2814 1831 dochteo
2848 1753 2970 1813 inder
3004 1743 3058 1803 de
3075 1736 3197 1796 Jaber

2154 1919 2392 1979 legteich
2415 1889 2524 1949 will
2566 1858 2828 1918 alsohabend
2873 1830 3002 1890 Met
3044 1811 3219 1871 Ihnen

1962 1914 2056 1974 Kelbe.

2168 2007 2258 2067 der
2302 1970 2712 2030 hicsehtehelt
2737 1939 2803 1999 Bes
2828 1929 2894 1989 sie
2918 1919 3009 1979 dem
3078 1899 3238 1959 sehen

2154 2103 2242 2163 daß
2287 2089 2351 2149 de
2397 2064 2661 2124 Wilschrel
2703 2025 2967 2085 durchsehen
2991 2001 3100 2061 seye
3143 1982 3322 2042 klndte¬

2131 2188 2333 2248 shft
2358 2159 2585 2219 besfeign
2609 2134 2762 2194 kene,
2787 2115 2888 2175 daß
2912 2101 2989 2161 der
3014 2074 3293 2134 hinteken¬

2172 2275 2218 2335 in
2242 2265 2361 2325 diese
2385 2250 2481 2310 ehe
2504 2228 2740 2288 eliget
2764 2201 2883 2261 wlch
2906 2183 3003 2243 ihe
3049 2157 3262 2217 Siselbe

2171 2359 2338 2419 aehre
2392 2341 2475 2401 nd
2502 2327 2585 2387 de
2615 2313 2695 2373 e
2725 2270 3170 2330 hefetastagen

2175 2446 2229 2506 ve
2366 2418 2557 2478 esest
2641 2391 2721 2451 nt
2805 2360 3023 2420 ehelen
3053 2336 3106 2396 d
3217 2307 3328 2367 shen

2181 2508 2361 2568 eirsenden
2395 2484 2542 2544 berdundt
