4032 3024
442 301 461 361 3
531 295 585 355 .

735 349 962 409 Gavont
1032 331 1099 391 en
1147 328 1214 388 der
1329 333 1444 393 helde
1536 349 1626 409 ede
1674 369 1789 429 oe¬

748 439 930 499 vortragen
954 422 1136 482 laßen,
1159 415 1239 475 das
1263 415 1376 475 werder
1399 417 1456 477 der
1502 423 1582 483 Hre
1605 431 1696 491 traff

438 512 573 572 Romeg
601 498 710 558 Rf.

756 521 961 581 außmitt
975 507 1166 567 kommender
1193 500 1453 560 bittschafft
1493 502 1698 562 zuersehen

779 607 908 667 haber.
930 594 1102 654 Worüber
1134 586 1231 646 Ihme
1285 584 1588 644 auffgetragen
1598 589 1694 649 haben

442 597 564 657 Groeb
588 586 650 646 1.

763 692 946 752 volhindt
980 683 1036 743 den
1072 676 1311 736 Chorgrichst
1334 676 1631 736 auzubefehlen
1666 681 1758 741 übr¬

770 790 836 850 deß
878 776 1025 836 komen
1051 766 1185 826 tochte
1212 756 1561 816 Matrinomial
1587 753 1708 813 storit

776 867 863 927 mit
884 861 948 921 N.
971 853 1123 913 Grivel
1165 843 1263 903 ohne
1295 835 1567 895 gestattung
1600 829 1719 889 Einicher

745 949 962 1009 Midenzin
1001 936 1104 996 eine
1129 929 1308 989 Clurtze
1360 925 1577 985 Procedur
1616 923 1654 983 zu

754 1039 972 1099 Jnstuirn
1017 1023 1109 1083 undt
1120 1018 1223 1078 selbe
1246 1015 1349 1075 nach
1372 1013 1384 1073 2
1430 1012 1499 1072 sen
1522 1008 1625 1068 ohnr
1647 1001 1762 1061 sambt

727 1129 942 1189 hehaltung
989 1119 1035 1179 der
1065 1115 1267 1175 Pfarhen
1312 1106 1668 1166 Einzusenden.

488 1374 677 1434 Schifel.
694 1355 727 1415 H.
744 1345 830 1405 fr.
847 1329 1002 1389 Gardt
1019 1317 1105 1377 H.
1138 1306 1277 1366 Brantz
1293 1297 1516 1357 Sschifel.
1549 1289 1755 1349 bewilliget

818 1414 892 1474 mit
916 1404 1015 1464 Jafr
1039 1393 1247 1453 Susanna
1296 1378 1566 1438 Mittenbah
1602 1366 1725 1426 beyde

488 1460 738 1520 Wittenbah

537 1519 757 1579 Esanna:
785 1503 867 1563 Von
882 1493 1019 1553 allhier
1046 1481 1185 1541 Klichen
1212 1469 1308 1529 Recht
1350 1460 1474 1520 halten
1501 1452 1530 1512 zu
1557 1442 1779 1502 können.

783 1592 873 1652 N.
884 1587 931 1647 die
953 1582 1021 1642 H.
1034 1573 1249 1633 Vertanden
1272 1559 1489 1619 declarirtn
1511 1549 1569 1609 sich
1591 1544 1648 1604 Sie
1670 1539 1750 1599 habe

801 1662 861 1722 seho
883 1658 1015 1718 ohngen
1055 1653 1087 1713 in
1117 1648 1219 1708 diese
1251 1643 1301 1703 Ehe
1322 1633 1537 1693 gewilliget,
1558 1624 1608 1684 die
1629 1617 1762 1677 müesten

815 1745 852 1805 Er
879 1743 968 1803 aber
993 1739 1146 1799 geschehen
1160 1732 1313 1792 laßen,
1338 1722 1441 1782 wiln
1466 1714 1505 1774 Er
1568 1693 1787 1753 dargsatz¬

787 1820 971 1880 guestige
997 1816 1132 1876 allter
1169 1807 1342 1867 Ereichet

794 1984 888 2044 Ist
918 1984 981 2044 dem
1011 1984 1151 2044 Joreph
1198 1982 1415 2042 Reginond
1446 1978 1509 2038 von
1539 1971 1678 2031 Suagen
1726 1956 1802 2016 andes

507 2086 685 2146 Kagmand
698 2077 813 2137 hraeßte
840 2075 904 2135 sein
929 2072 1084 2132 außrt
1096 2071 1237 2131 landts
1262 2062 1533 2122 befindtliche
1583 2038 1711 2098 Fhrun

516 2178 717 2238 Bonigin
739 2162 985 2222 Mdttdadlth
1019 2155 1198 2215 Bongnie
1231 2152 1321 2212 von
1354 2144 1567 2204 Montla
1611 2125 1736 2185 ville

1573 2222 1630 2282 ad
1669 2189 1803 2249 fori¬

821 2249 895 2309 Ein
939 2244 1160 2304 Rufburst
1176 2240 1351 2300 ertheilt.

1872 531 1986 591 gsto

1934 1159 2043 1219 obd.

1915 1258 2016 1318 Sanne
2029 1237 2133 1297 Ull.

1916 1572 1985 1632 Ider
1999 1562 2127 1622 Christen

3056 208 3155 268 313
3183 223 3240 283 f.

2052 352 2288 412 Luiven.
2310 324 2435 384 Srnna
2479 315 2524 375 Ab
2581 311 2659 371 Eine
2682 307 2840 367 Ehefrauw
2886 305 2964 365 sen
3009 302 3133 362 Büren

2088 440 2275 500 istellhies
2290 418 2321 478 in
2352 406 2461 466 Einem
2492 396 2601 456 stell
2648 387 2849 447 bedächtig
2865 379 3005 439 kehogen
3038 369 3145 429 undt

2083 529 2273 589 eingesetzt
2288 505 2406 565 worden,
2420 495 2493 555 der
2522 489 2567 549 e
2625 483 2669 543 Me
2683 480 2772 540 He
2816 475 2861 535 orn
2890 471 2934 531 die
2948 466 3052 526 Statt
3066 459 3139 519 für

2103 626 2188 686 kit
2216 608 2316 668 undt
2330 588 2545 648 allmahl
2587 566 2801 626 verbotten
2831 551 2944 611 wrde,
2972 541 3058 601 undt
3072 530 3158 590 das

2090 708 2305 768 Iherstaff
2324 684 2404 744 deß
2443 660 2699 720 schallenwet
2738 642 2798 702 say
2817 635 2895 695 der
2914 628 2994 688 Endt
3013 618 3189 678 beschre

2137 805 2245 865 duch
2265 788 2319 848 die
2355 764 2574 824 Phrofoser
2612 729 2977 789 zugeschiktunde,
2995 712 3087 772 umb
3105 705 3231 765 auff

2107 891 2312 951 Kracht
2351 845 2556 905 zulaßen

2112 1037 2177 1097 be
2279 1005 2414 1065 es
2586 974 2618 1034 e
2688 952 2957 1012 etli
2990 933 3026 993 e
3128 917 3231 977 al

2140 1093 2614 1153 bhegendingsch
2638 1051 2787 1111 wede,
2814 1035 2911 1095 dese
2963 1019 3063 1079 fub
3087 1003 3236 1063 klase

2147 1202 2289 1262 leste
2362 1174 2435 1234 he
2458 1156 2604 1216 lse
2653 1138 2749 1198 ich
2772 1124 2892 1184 dahe
2964 1104 3087 1164 ese
3133 1083 3256 1143 hen

2122 1299 2203 1359 sic
2229 1266 2471 1326 ensheteg
2497 1235 2687 1295 heund
2742 1216 2795 1276 ch
2850 1197 3014 1257 esen

2118 1456 2321 1516 Mug.
2343 1427 2478 1487 Auf
2500 1407 2703 1467 enhalte
2725 1389 2815 1449 daß
2837 1372 3018 1432 fehsten
3040 1346 3175 1406 Beter

2148 1537 2269 1597 Wedt
2289 1519 2393 1579 und
2447 1501 2586 1561 kindts
2603 1489 2744 1549 bebend
2815 1471 2974 1531 er
3026 1455 3078 1515 er
3114 1443 3166 1503 fi
3201 1427 3273 1487 der

2136 1627 2247 1687 bete
2278 1612 2305 1672 n
2332 1605 2362 1665 h
2419 1591 2503 1651 it
2530 1581 2587 1641 e
2671 1570 2698 1630 b
2756 1561 2813 1621 e
2867 1548 3008 1608 ede
3092 1529 3149 1589 er

2134 1708 2326 1768 bete
2392 1683 2455 1743 es
2486 1673 2522 1733 e
2682 1644 2843 1704 ente
2941 1619 3035 1679 se
3102 1602 3200 1662 er

2154 1793 2303 1853 heht
2332 1771 2455 1831 e
2484 1747 2723 1807 ete
2813 1722 2842 1782 u
2904 1710 2994 1770 eb
3023 1687 3295 1747 sehen

2156 1883 2277 1943 undt
2299 1869 2380 1929 Ihre
2400 1857 2482 1917 zur
2521 1831 2827 1891 depracation
2847 1797 3110 1857 zuhalten,
3130 1773 3212 1833 ach

2134 1981 2212 2041 uit
2267 1966 2319 2026 he
2348 1953 2426 2013 nf
2481 1930 2639 1990 ense
2694 1907 2772 1967 ihr
2827 1890 2908 1950 ein
2959 1874 3040 1934 ut
3066 1853 3335 1913 atbantin

2150 2054 2346 2114 ehe
2403 2022 2627 2082 achet
2657 1998 2738 2058 auf
2796 1981 2853 2041 he
2908 1960 3050 2020 esch
3077 1933 3277 1993 lisen,

2156 2148 2252 2208 aeh
2283 2132 2409 2192 et
2475 2112 2540 2172 he
2571 2099 2667 2159 de
2732 2082 2793 2142 d
2858 2066 2924 2126 en
2954 2051 3050 2111 en
3146 2027 3177 2087 e
3212 2012 3308 2072 e

2157 2226 2524 2286 abisethe
2605 2181 2711 2241 ate
2737 2152 3001 2212 aselt
3027 2116 3185 2176 lshe

2161 2332 2276 2392 de
2331 2299 2643 2359 egehte
2702 2244 2987 2304 gegeschet
3070 2191 3244 2251 ihen

2162 2424 2355 2484 selse
2411 2399 2468 2459 de
2521 2373 2687 2433 ecster
2717 2341 2883 2401 esebe
2909 2316 3019 2376 nuch
3076 2285 3272 2345 hen

2166 2493 2473 2553 dersegist
2500 2457 2668 2517 hund
2695 2411 3032 2471 geferltadten
