4032 3024
723 395 986 455 Lentzburg.
1013 383 1078 443 Ih
1118 368 1406 428 berichtschicben
1419 365 1512 425 habe
1539 370 1604 430 mi
1644 382 1750 442 hr.

781 488 916 548 ofnet,
929 480 1077 540 welcher
1105 466 1307 526 gestalter
1348 458 1470 518 Magy
1483 460 1591 520 daben
1604 475 1781 535 kntlecten

421 520 522 580 Kill
548 503 711 563 Magdalra

758 565 1015 625 Gttmasingen
1039 557 1124 617 Ihre
1149 544 1503 604 Kichangehörge
1541 544 1602 604 der
1614 554 1799 614 schwanger¬

740 657 879 717 schafft
889 649 974 709 halb
1005 641 1175 701 beklagen
1229 637 1336 697 Einen
1367 637 1495 697 Kaner
1526 641 1632 701 Knecht
1654 648 1729 708 von

741 749 855 809 Surs,
877 739 928 799 der
959 731 1095 791 allhier
1115 726 1146 786 in
1189 721 1251 781 der
1302 719 1479 779 Underen
1512 722 1625 782 Mühli
1646 730 1802 790 gedineten

756 840 868 900 deßen
880 825 1041 885 nahme
1065 813 1140 873 Ihra
1189 801 1437 861 ohnbetußt,
1450 797 1525 857 noch
1549 797 1661 857 seinen

758 923 989 983 dißmaligen
1012 900 1325 960 auffenthalt,
1348 886 1393 946 wo
1498 878 1521 938 en
1566 876 1578 936 n
1602 875 1637 935 e
1648 875 1671 935 e

763 1008 843 1068 Ihre
875 997 1098 1057 dißmahler
1129 978 1306 1038 lediglich
1339 965 1402 1025 zur
1433 954 1739 1014 Begliesung¬

759 1090 956 1150 anfüeger,
980 1079 1096 1139 selbe
1120 1070 1213 1130 noch
1235 1062 1305 1122 der
1364 1050 1549 1110 Ordnung
1585 1041 1630 1101 de
1666 1039 1700 1099 No
1723 1036 1806 1096 1m2.

772 1178 795 1238 in
819 1174 903 1234 Ihre
914 1167 1045 1227 grnist
1068 1156 1270 1216 Examinin
1281 1149 1328 1209 und
1353 1145 1412 1205 ein
1424 1141 1519 1201 gnädigen
1531 1135 1626 1195 Herren
1638 1131 1697 1191 dera

780 1256 945 1316 auseag
976 1243 1141 1303 berichten
1183 1237 1225 1297 zu
1245 1231 1390 1291 laßen.
1410 1221 1638 1281 Inmittlest
1658 1207 1731 1267 aber

787 1341 1036 1401 zutrchten,
1071 1327 1149 1387 daß
1195 1320 1251 1380 der
1286 1311 1468 1371 Vatter
1490 1297 1683 1357 Entdebet

783 1431 905 1491 werden
936 1417 1151 1477 könne:

768 1598 929 1658 Gedul
955 1593 995 1653 an
1021 1585 1237 1645 MuhHre
1263 1569 1503 1629 Landtvogt
1532 1555 1598 1615 von
1624 1541 1812 1601 Wette¬

807 1673 880 1733 viel
921 1668 995 1728 Ston
1026 1662 1193 1722 Neuws.
1236 1655 1372 1715 Weilen
1393 1648 1424 1708 mi
1444 1646 1455 1706 i
1518 1636 1580 1696 e
1591 1626 1675 1686 Hren
1685 1611 1758 1671 be¬

801 1748 988 1808 fürgsamme
1025 1734 1476 1794 überschmachschifften
1513 1714 1613 1774 auff
1638 1695 1763 1755 welchen

479 1813 734 1873 schmahschrifften

807 1837 877 1897 fuß
929 1832 989 1892 Sie
999 1828 1183 1888 angesehen
1193 1821 1295 1881 werden
1326 1813 1428 1873 solle
1479 1804 1509 1864 zu
1540 1788 1794 1848 urtheilen,

830 1924 862 1984 lß
904 1922 980 1982 tede
1012 1920 1066 1980 der
1087 1918 1142 1978 H.
1163 1916 1260 1976 praef.
1282 1912 1367 1972 mit
1400 1898 1701 1958 zurubschikung

808 2005 921 2065 seiner
946 2000 1122 2060 Eingeben
1159 1993 1335 2053 schrebes
1348 1978 1723 2038 freundtlichersicht

791 2091 942 2151 sellbige
980 2084 1183 2144 MngHen
1195 2081 1234 2141 den
1247 2079 1386 2139 Räthen
1437 2069 1678 2129 Vortragen
1703 2048 1844 2108 zulasten.

781 2236 950 2296 Romain
975 2237 1170 2297 mortics.
1195 2233 1404 2293 zumahlen
1442 2220 1545 2280 laut
1571 2208 1649 2268 Ihre
1676 2184 1843 2244 Eingesedes

506 2294 684 2354 Bourgeois
703 2297 801 2357 David

829 2317 981 2377 Procedus
1013 2321 1066 2381 den
1121 2320 1273 2380 David.
1294 2308 1533 2368 Bourgesis,
1554 2282 1716 2342 welchem

524 2363 584 2423 Noy
615 2365 816 2425 Catherine.

825 2388 1001 2448 Catherine
1033 2395 1110 2455 Roy
1144 2398 1221 2458 Ston
1243 2393 1441 2453 Premier
1495 2375 1617 2435 under
1639 2345 1804 2405 gnugsamme

818 2463 1081 2523 Erarination
1129 2467 1175 2527 in
1190 2468 1253 2528 der
1269 2465 1424 2525 geiset
1439 2458 1516 2518 Ihre
1549 2448 1610 2508 zue
1641 2426 1781 2486 lelten

3045 211 3122 271 375
3143 220 3209 280 f.

2073 312 2245 372 gebohres
2271 287 2403 347 Kindes
2430 273 2656 333 zugefignet,
2669 272 2736 332 nud
2762 273 2842 333 pro
2855 275 3028 335 Cetation
3054 277 3199 337 bezoren

2085 415 2147 475 alß
2187 392 2275 452 werde
2300 378 2351 438 Ihm
2389 363 2683 423 auffgetragen,
2708 359 2810 419 Ihne
2835 358 2910 418 Vor
2937 357 3000 417 das
3025 350 3152 410 diesten

2083 487 2202 547 mahl
2244 468 2319 528 vor
2342 460 2406 520 Sie
2438 447 2665 507 zubescheiden
2718 438 2816 498 undt
2837 433 2945 493 Ihme
2977 424 3138 484 bedeuten

2082 566 2267 626 zulaßen,
2293 540 2518 600 daßfahls
2531 528 2663 588 Ereit
2677 521 2822 581 erschein
2861 509 3127 569 ohnfahlbahr

2083 669 2139 729 die
2166 637 2420 697 Contumonal
2461 613 2615 673 Urtheil
2645 604 2728 664 lider
2756 598 2827 658 Ihre
2855 591 3023 651 erfolgen
3037 582 3163 642 wnde

2103 743 2188 803 auch
2222 726 2291 786 deß
2324 701 2597 761 heraußtbaun
2632 686 2682 746 den
2718 678 2889 738 Mehe
2922 671 3041 731 reicht
3058 668 3248 728 zulaßen,

2132 888 2525 948 Montpreveipe.
2559 851 2846 911 Sindtmahler
2880 839 2952 899 der
2969 829 3202 889 Conitorial

2117 1017 2206 1077 ben
2228 997 2271 1057 de
2317 973 2450 1033 tict
2471 957 2561 1017 bain
2582 943 2718 1003 Kand
2739 933 2807 993 vn
2850 921 3007 981 Krife,
3029 906 3161 966 undt

2144 1081 2351 1141 dignati
2369 1048 2578 1108 aupuones
2596 1031 2692 1091 olf
2729 1021 2766 1081 Si
2784 998 3221 1058 deschwengeschafften

1896 1062 2083 1122 Sandlaus

2135 1181 2199 1241 ae
2563 1121 2663 1181 e
2863 1096 2927 1156 he
3127 1065 3227 1125 sen

1899 1143 2099 1203 peaelle

2121 1267 2180 1327 ser
2221 1255 2279 1315 Ihr
2321 1238 2460 1298 Aser
2479 1221 2640 1281 befahte
2660 1203 2799 1263 sollen
2818 1181 3018 1241 bißauß
3060 1147 3238 1207 worhen

1945 1205 2070 1265 set.

2129 1337 2513 1397 aeleefe
2610 1299 2707 1359 is
2772 1286 2803 1346 e
2869 1274 2931 1334 e
2997 1260 3028 1320 e
3059 1240 3288 1300 scheh

2125 1433 2414 1493 verständlget
2434 1394 2628 1454 werdend.

2123 1575 2519 1635 Pamnmntet
2548 1537 2654 1597 at
2680 1523 2786 1583 diß
2812 1511 2893 1571 fen
2970 1495 3105 1555 ben
3157 1474 3318 1534 tadt¬

2165 1675 2281 1735 habe
2375 1651 2398 1711 e
2446 1641 2491 1701 e
2562 1625 2610 1685 us
2633 1615 2704 1675 he
2726 1602 2843 1662 hat
2891 1575 3149 1635 odenese,
3171 1554 3265 1614 uß

2165 1752 2295 1812 anbeß
2362 1727 2495 1787 enche
2540 1701 2671 1761 bae
2716 1679 2782 1739 er
2804 1660 2979 1720 Pronis
3001 1646 3046 1706 an
3067 1637 3222 1697 feinen

1930 1733 2030 1793 ariet
2051 1719 2131 1779 Frauw

2154 1843 2272 1903 he
2390 1815 2422 1875 n
2511 1789 2658 1849 ede
2686 1773 2718 1833 e
2775 1746 3043 1806 ehe
3161 1712 3283 1772 ber

1921 1809 2021 1869 soadena
2043 1796 2109 1856 Abra
2120 1789 2166 1849 t.

2169 1922 2256 1982 de
2338 1887 2594 1947 ese
3064 1785 3197 1845 e

2168 1998 2274 2058 eh
2312 1984 2490 2044 e
2740 1936 2778 1996 e
3100 1866 3244 1926 sen

2143 2088 2320 2148 sehte
2377 2067 2465 2127 be
2554 2038 2703 2098 eade,
2731 2017 2791 2077 de
2848 1997 2908 2057 da
2969 1978 3025 2038 e
3114 1951 3235 2011 hle

2164 2176 2247 2236 den
2299 2149 2544 2209 sehehes
2627 2114 2709 2174 en
2762 2091 2871 2151 abe
2954 2048 3311 2108 ehetischen

2179 2258 2268 2318 nih
2385 2229 2473 2289 des
2502 2200 2768 2260 esehen
2828 2162 3002 2222 deseh
3091 2129 3301 2189 enfe¬

2154 2346 2234 2406 dir
2285 2320 2499 2380 beschen
2550 2290 2684 2350 bade
2735 2269 2789 2329 d
2869 2248 2945 2308 ehe
3025 2222 3185 2282 eteren
3239 2201 3319 2261 is

2172 2435 2231 2495 de
2294 2414 2445 2474 eseh
2534 2364 2899 2424 entene
2962 2324 3021 2384 de
3080 2296 3357 2356 gendichet
