4032 3024
452 317 530 377 136
559 310 621 370 f.

464 1209 743 1269 MenetManstur

469 1315 521 1375 Gen
553 1294 741 1354 Bernhandine

495 1982 589 2042 Non
613 1973 790 2033 Valet.

724 351 919 411 diesersch
935 333 1197 393 zubefndige,
1213 325 1262 385 den
1278 323 1360 383 H.
1393 326 1491 386 roh.
1507 345 1783 405 Eedescheubraht

741 448 870 508 berbes
901 430 1141 490 fründtlich
1158 421 1253 481 esuch
1301 419 1429 479 wolter
1479 421 1542 481 den
1574 431 1752 491 Pengigen

745 541 781 601 in
793 534 891 594 seinen
915 516 1182 576 Ambtbezier
1219 504 1401 564 bedeuten
1438 507 1669 567 zulaßen,
1693 522 1753 582 daß

742 628 805 688 Me
817 613 931 673 HHen
956 601 1020 661 er
1045 592 1271 652 procedirer
1310 590 1410 650 ohne
1449 592 1512 652 deß
1562 595 1725 655 Ambts-

739 707 881 767 mans
904 678 1233 738 Anthorisation
1287 667 1353 727 Es
1375 665 1452 725 seye
1486 667 1563 727 dan
1595 668 1672 728 sach,
1683 670 1738 730 daß

752 784 916 844 deselbe
943 762 1161 822 abtesaendt
1175 754 1271 814 seynd
1326 751 1503 811 anemmen,
1517 751 1695 811 sondern

757 870 867 930 selbe
890 858 977 918 wider
999 843 1308 903 zurubegeschikt
1330 833 1452 893 werden,
1462 826 1649 886 sollint:

747 999 993 1059 Sadtlichn
1008 988 1131 1048 laut
1161 983 1209 1043 2.
1224 978 1423 1038 Procedur
1455 976 1515 1036 zu
1548 978 1671 1038 gemen
1686 984 1779 1044 seat¬

764 1078 828 1138 sich
839 1073 979 1133 lediglich
1000 1066 1109 1126 wiegen
1151 1057 1324 1117 ormuth
1346 1052 1442 1112 wider
1486 1052 1540 1112 diß
1593 1055 1680 1115 Jean

779 1158 920 1218 Ddicore
951 1148 1101 1208 Mennet
1132 1138 1353 1198 vorhabende
1404 1133 1495 1193 Ehre
1525 1132 1627 1192 mit

778 1232 1033 1292 Berhardine
1063 1221 1134 1281 Gex
1175 1216 1256 1276 Ven
1288 1210 1338 1270 st
1379 1203 1481 1263 Brex
1533 1187 1736 1247 wdersetzet

783 1311 865 1371 undt
884 1302 993 1362 theils
1013 1290 1270 1350 enwilliget,
1297 1281 1362 1341 alß
1398 1273 1564 1333 habendt
1592 1261 1655 1321 Meh

779 1393 902 1453 fahte
915 1386 964 1446 die
976 1377 1174 1437 gemeindt
1199 1368 1285 1428 Crog
1335 1361 1433 1421 keine
1471 1353 1618 1413 andere
1656 1344 1781 1404 gesetze¬

766 1477 974 1537 meßiger
1028 1460 1174 1520 gründt
1205 1447 1404 1507 darwider
1446 1434 1729 1494 Einzubenden

785 1560 904 1620 hätte
945 1553 1079 1613 dieser
1118 1544 1332 1604 Pfersohner
1373 1535 1438 1595 alß
1492 1527 1626 1587 Ehrlicht
1639 1515 1799 1575 zusamen

785 1651 926 1711 bekent,
941 1648 1019 1708 und
1044 1646 1173 1706 deßen
1187 1640 1329 1700 allesten
1354 1634 1446 1694 Ihre
1472 1626 1523 1686 der
1550 1619 1615 1679 H.
1640 1606 1784 1666 Prof.

775 1741 1019 1801 verständig
1073 1733 1194 1793 wollen

917 1876 1142 1936 Sonstags
1158 1865 1210 1925 den
1227 1861 1295 1921 19t
1331 1858 1383 1918 Mau
1468 1845 1572 1905 135.

1144 1939 1318 1999 Hraser

951 1997 1223 2057 MengdgHrerer
1307 1985 1411 2045 ehlin

1112 2056 1355 2116 Asfessores

769 2144 999 2204 Megr
1022 2130 1205 2190 rmnre.

3074 209 3161 269 371
3174 212 3238 272 f.

2127 340 2323 400 Donnach
2350 318 2421 378 Vor
2448 304 2757 364 Uußgelanget,
2771 299 2828 359 das
2855 295 3010 355 Wüischen
3037 286 3162 346 Merae

1888 509 1955 569 sel
2025 443 2252 503 ichlihs
2277 410 2367 470 dalß
2414 390 2619 450 lgenen
2641 381 2826 441 feren
2871 375 2986 435 venl
3008 369 3168 429 Aendesß

2097 524 2331 584 Eobekaht
2349 490 2511 550 alßan
2529 475 2673 535 korte
2711 467 2800 527 bede
2836 462 2891 522 der
2909 457 3016 517 Kilch
3036 446 3181 506 for¬

1922 670 1994 730 Sas
2018 648 2042 708 s
2117 604 2335 664 stenen
2382 579 2406 639 e
2454 567 2553 627 ende
2624 556 2699 616 hes
2747 547 2917 607 bltendt
2965 530 3231 590 Matioanad

1874 592 2026 652 see

2106 702 2301 762 schaft
2320 667 2437 727 umb
2456 653 2514 713 zu
2535 640 2690 700 lüsten,
2709 626 2981 686 obentleten
3003 616 3060 676 die
3079 607 3237 667 Algein¬

2092 806 2175 866 das
2229 782 2285 842 ed
2338 764 2422 824 er
2505 741 2641 801 rseh
2698 729 2751 789 uh
2778 721 2861 781 be
2888 712 3054 772 kbent
3107 699 3221 759 und

2088 900 2163 960 des
2188 882 2266 942 hen
2316 866 2370 926 en
2420 848 2548 908 eobei
2598 832 2677 892 hab
2727 815 2909 875 esten
2959 789 3137 849 ilet

2096 980 2281 1040 gehen
2336 947 2521 1007 gelehe
2577 927 2658 987 der
2791 904 2977 964 ese
3032 878 3247 938 hellen

2103 1087 2317 1147 sehelch
2342 1050 2530 1110 geabe
2665 1018 2717 1078 l
2772 1007 2824 1067 e
2853 998 2930 1058 nes
2985 989 3066 1049 aus
3147 979 3228 1039 er

2131 1183 2302 1243 whebe
2326 1155 2524 1215 desabe
2547 1115 2839 1175 gestlsanmn
2866 1077 3232 1137 achehschenten

2098 1276 2427 1336 fechstiebete
2450 1240 2592 1300 danber
2641 1214 2783 1274 habet
2829 1193 2924 1253 wter
2947 1183 3020 1243 ent
3043 1173 3257 1233 zehligen

2138 1372 2272 1432 mehr
2291 1344 2578 1404 befunden,
2615 1317 2693 1377 daß
2749 1302 2846 1362 wilg
2864 1284 3092 1344 Antworte
3132 1267 3248 1327 bei¬

2166 1458 2278 1518 heng
2300 1434 2521 1494 mnsten
2564 1392 2897 1452 Algrintnund
2918 1354 3207 1414 bschaffen,

2084 1484 2117 1544 11

2135 1549 2263 1609 vede
2313 1532 2392 1592 ich
2442 1517 2520 1577 e
2571 1502 2624 1562 de
2674 1477 2931 1537 eshesiget
2959 1453 3060 1513 und
3113 1439 3192 1499 er

2148 1637 2332 1697 eseil
2383 1605 2593 1665 haleint
2621 1580 2751 1640 ihr
2805 1557 2936 1617 ot
2990 1539 3040 1599 de
3094 1515 3279 1575 ehehen

2126 1741 2223 1801 be
2290 1715 2485 1775 ef
2587 1683 2649 1743 h
2684 1664 2813 1724 ed
2915 1635 2977 1695 e
3012 1620 3079 1680 ge
3141 1602 3243 1662 en

2144 1833 2327 1893 gete
2391 1794 2577 1854 sen
2637 1757 2794 1817 teund
2854 1727 3011 1787 ehen
3040 1712 3134 1772 de
3164 1702 3321 1762 ehen

2137 1928 2221 1988 des
2280 1892 2511 1952 ereht
2567 1849 2797 1909 elige
2825 1825 2912 1885 hen
2940 1794 3254 1854 chleichte

2130 2016 2226 2076 de
2262 1996 2325 2056 de
2393 1968 2588 2028 Sete
2651 1941 2782 2001 hen
2818 1919 2945 1979 ehe
3077 1868 3244 1928 lhet

2156 2090 2385 2150 see
2463 2065 2504 2125 e
2655 2037 2733 2097 ei
2925 1976 3159 2036 sen

2157 2201 2302 2261 gern
2487 2142 2812 2202 hetehe
3032 2077 3072 2137 e
3182 2046 3292 2106 her

2176 2286 2269 2346 der
2292 2267 2549 2327 Betete
2597 2237 2668 2297 alß
2690 2216 2854 2276 Erbich
2877 2176 3183 2236 zubbandten

2167 2372 2229 2432 die
2250 2360 2397 2420 sollen
2420 2344 2523 2404 nolch
2546 2326 2693 2386 veser
2714 2302 2902 2362 Euhlg
2946 2272 3155 2332 Verhelsh

2151 2465 2227 2525 Ael
2307 2457 2361 2517 de
2463 2434 2672 2494 Matir
2701 2413 2752 2473 e.
2777 2392 2962 2452 Cortin
2987 2369 3067 2429 dn
3092 2356 3118 2416 1
3172 2338 3277 2398 to.
