4032 3024
449 321 534 381 30
551 312 568 372 f

478 495 564 555 ab.
582 469 740 529 Samib.

488 1179 716 1239 Schumacher

492 1251 675 1311 Maria:

479 1321 641 1381 Gutter
668 1300 762 1360 Abea

557 1369 697 1429 Hamb

508 2140 712 2200 Jusberge
736 2143 808 2203 Suson

505 2215 657 2275 Lehman
670 2216 810 2276 knthor.

793 346 937 406 damiel
968 331 1065 391 abi
1096 324 1176 384 von
1209 317 1480 377 Kilchdorff
1513 328 1577 388 bey
1608 346 1786 406 zudaß¬

760 445 794 505 so
816 431 1033 491 fingesetzt
1044 418 1160 478 worden,
1182 412 1296 472 wielen
1330 410 1365 470 Er
1410 413 1547 473 widers
1571 424 1730 484 verbott

755 535 803 595 de
831 519 937 579 Statt
986 499 1292 559 betretten,
1322 496 1370 556 Er
1389 496 1504 556 sagst
1534 500 1572 560 Er
1610 503 1716 563 haben

840 600 973 660 Seuff
1000 586 1265 646 gearbitet,
1278 584 1398 644 undt
1424 587 1517 647 über
1530 592 1584 652 die
1610 600 1730 660 shatt

769 678 940 738 hinunder
979 670 1151 730 gefallen
1192 667 1270 727 sont
1296 667 1390 727 solle
1416 669 1496 729 nach
1535 676 1759 736 Verflißung

772 761 880 821 dieses
893 762 1082 822 monats
1122 760 1190 820 die
1203 756 1311 816 statt
1353 752 1514 812 ranmen
1582 752 1676 812 wede
1703 753 1730 813 so

786 839 824 899 Er
844 838 933 898 ohne
952 832 1364 892 Erlaubnißselbe
1402 824 1490 884 wider
1530 823 1735 883 betretten

774 921 883 981 wirde
936 912 1045 972 solle
1077 903 1262 963 Erieit
1283 895 1523 955 geweßener
1556 895 1686 955 straff

766 999 930 1059 beleget
953 985 1117 1045 werden?

780 1152 930 1212 Maria
960 1133 1201 1193 Schumacher
1241 1120 1321 1180 Von
1351 1112 1521 1172 allhier
1542 1101 1753 1161 soindeß¬

805 1226 983 1286 breuttes
1005 1215 1105 1275 stell
1138 1204 1307 1264 besoger
1329 1193 1440 1253 undt
1463 1180 1697 1240 Eingesetzte

798 1310 914 1370 lorder
951 1306 1044 1366 ward
1092 1299 1325 1359 vorgestellt
1362 1289 1420 1349 sie
1443 1282 1549 1342 sagt
1584 1271 1632 1331 sie
1643 1264 1713 1324 seyn

785 1399 1002 1459 Versprechen
1016 1394 1098 1454 mit
1138 1385 1356 1445 Aberhamb
1396 1371 1572 1431 Sutter
1601 1358 1682 1418 von

783 1493 876 1553 Mein
928 1486 958 1546 in
990 1479 1165 1539 diensten
1207 1472 1269 1532 bey
1290 1467 1404 1527 Mster
1424 1458 1569 1518 Maser
1621 1445 1694 1505 dem

768 1576 936 1636 Kürffe
963 1576 1019 1636 de
1048 1569 1230 1629 Erscheit
1257 1556 1356 1616 auch
1397 1540 1524 1600 undt
1551 1525 1635 1585 hat
1664 1510 1805 1570 ange¬

784 1672 927 1732 lebt,
952 1671 991 1731 so
1018 1666 1148 1726 beldt
1160 1655 1367 1715 müglich
1407 1641 1458 1701 der
1484 1622 1756 1682 Kilchgangent

785 1765 888 1825 Ihre
919 1755 1124 1815 Euhalter
1153 1745 1213 1805 den
1227 1740 1272 1800 27
1301 1732 1375 1792 Auch
1406 1723 1449 1783 st
1464 1715 1523 1775 he
1538 1701 1671 1761 deschein
1685 1678 1805 1738 ehelt

806 1834 916 1894 wdtl.
940 1828 977 1888 H.
1001 1823 1063 1883 Edel
1087 1819 1111 1879 in
1136 1813 1246 1873 Mehr
1270 1802 1367 1862 elehe
1405 1790 1502 1850 Magend

959 1951 1268 2011 Sonstags
1286 1945 1345 2005 den
1363 1941 1461 2001 19.
1479 1932 1651 1992 Marti
1672 1913 1768 1973 17

846 2136 999 2196 Boiign
1022 2135 1069 2195 die
1104 2133 1457 2193 Wehrmüttenan,
1480 2110 1680 2170 Susanna
1703 2079 1810 2139 Buch¬

845 2215 1034 2275 begesyge
1067 2214 1305 2274 Verschinen
1322 2209 1432 2269 nacht
1465 2190 1800 2250 Kindtsgeusßen

814 2299 912 2359 undt
934 2296 1022 2356 auff
1043 2296 1097 2356 dem
1152 2296 1294 2356 hievor
1326 2290 1555 2350 angebenen
1589 2271 1698 2331 bader

816 2377 964 2437 Antholi
1004 2377 1166 2437 Lechman
1194 2380 1262 2440 alß
1315 2377 1478 2437 Vatter
1505 2367 1640 2427 deßen
1667 2337 1844 2397 Vertarot¬

1919 1068 1959 1128 von
1978 1054 2049 1114 belch

1908 1157 1999 1217 Sohedt
2011 1136 2103 1196 Rosint

1905 1241 2008 1301 Sut

1916 1831 1979 1891 Ihum
2011 1821 2126 1881 Saloire

1919 1904 2021 1964 seradt
2043 1900 2168 1960 Johauß.

3083 220 3158 280 39
3182 225 3233 285 f.

2237 337 2495 397 Sonssagt
2513 329 2569 389 den
2587 328 2641 388 14.
2661 325 2807 385 Marti.
2824 313 2934 373 173

2470 436 2631 496 Praus

2241 576 2257 636 W
2338 567 2369 627 H
2481 549 2531 609 D.
2562 540 2578 600 a
2643 524 2868 584 Mahlenen

2488 645 2765 705 Assessores.

2186 819 2315 879 Weh
2461 794 2516 854 e

2119 1002 2296 1062 Wisten
2332 983 2369 1043 an
2404 973 2457 1033 r.
2476 965 2511 1025 S.
2529 953 2689 1013 Redant
2707 940 2779 1000 Vo
2814 928 2957 988 Maisl.
2975 912 3207 972 sirerschäre

2124 1098 2263 1158 Sina
2298 1069 2474 1129 Hahndt
2491 1051 2596 1111 undt
2613 1037 2753 1097 begeht
2790 1026 2841 1086 ich
2858 1020 2929 1080 mit
2964 1013 3000 1073 s.
3035 1004 3174 1064 Schmud

2112 1195 2212 1255 ven
2261 1167 2410 1227 oete
2510 1130 2783 1190 wechlche
2835 1107 2960 1167 ale
2984 1088 3261 1148 Meheschen

2136 1274 2228 1334 auch
2264 1246 2576 1306 Vergensiget
2594 1222 2686 1282 mit
2704 1200 2980 1260 früundtliche
3018 1173 3183 1233 erucher

2120 1366 2183 1426 in
2203 1357 2266 1417 de
2306 1348 2326 1408 H
2409 1324 2638 1384 Geklantie
2701 1298 2744 1358 si
2784 1288 2827 1348 zu
2847 1269 3054 1329 verkinde
3097 1244 3200 1304 undt

2136 1438 2338 1498 nehet
2407 1421 2429 1481 e
2476 1407 2634 1467 senig
2656 1389 2748 1449 ahe
2792 1373 2861 1433 daß
2906 1358 2953 1418 ei
2997 1334 3272 1394 hilishen

2131 1540 2232 1600 Er
2256 1518 2485 1578 Schlhen
2510 1472 2892 1532 henicstebendt
2916 1426 3222 1486 gelaße.

2133 1692 2441 1752 Gorenberh.
2478 1658 2650 1718 Saber
2671 1633 2824 1693 Ihren
2842 1617 2920 1677 Ihr
2939 1597 3207 1657 angelangen

2178 1792 2282 1852 aben
2302 1773 2406 1833 Str
2429 1755 2553 1815 Mahs
2617 1731 2701 1791 nt
2721 1708 2972 1768 formende
3015 1686 3099 1746 Ehr
3119 1678 3183 1738 an
3203 1671 3267 1731 e¬

2178 1877 2297 1937 seh
2347 1855 2417 1915 hr
2467 1838 2516 1898 e
2540 1826 2636 1886 til
2682 1803 2878 1863 gebaher
2901 1783 3021 1843 kende
3070 1760 3286 1820 esehne

2163 1957 2418 2017 Ibamnst
2441 1921 2605 1981 heund
2630 1900 2722 1960 auch
2745 1882 2885 1942 fhültz
2908 1853 3212 1913 anterbeigen

2162 2040 2416 2100 aterate
2443 2010 2555 2070 dit
2612 1991 2667 2051 nb
2697 1979 2751 2039 i
2894 1953 2948 2013 e
3005 1939 3060 1999 he
3175 1919 3260 1979 der

2164 2138 2238 2198 ae
2587 2078 2667 2138 e
2741 2061 2783 2121 e
2937 2033 2974 2093 t
3132 1995 3249 2055 ben

2157 2212 2273 2272 send
2321 2190 2508 2250 walten,
2530 2167 2672 2227 dese
2695 2151 2765 2211 Sie
2813 2128 2977 2188 Rechts
3000 2101 3164 2161 bedend
3187 2078 3280 2138 ent

2154 2301 2319 2361 gen
2373 2278 2431 2338 e
2458 2264 2542 2324 en
2680 2229 2818 2289 eie
2845 2206 2983 2266 bese
3067 2172 3232 2232 nse

2173 2376 2416 2436 gee
2703 2318 2868 2378 se
3193 2252 3320 2312 en

2156 2456 2410 2516 shed.
