4032 3024
491 326 567 386 380
592 320 643 380 f.

743 382 937 442 Vaselb.
978 362 1172 422 Gobaldt
1213 353 1290 413 Wie
1309 352 1448 412 fürwe,
1486 368 1801 428 Ietensiagten

790 462 961 522 schreiben
1022 443 1118 503 Vom
1164 436 1242 496 H.
1272 436 1413 496 Febel.
1444 441 1585 501 besthin
1616 455 1805 515 zugusten

791 549 908 609 futer
934 534 1104 594 bürgern
1196 523 1327 583 Anna
1379 525 1587 585 Margeth
1614 541 1785 601 Losch¬

469 576 541 636 Holh
563 565 622 625 na
635 551 776 611 Marproch.

786 635 888 695 welche
921 621 1013 681 mit
1036 608 1251 668 klagender
1274 605 1558 665 schwängerung
1592 613 1637 673 der
1659 619 1752 679 Ehe¬

471 668 571 728 guse
600 649 775 709 Johauß.

770 714 1101 774 helbansfricht
1141 692 1362 752 Johanneß
1416 686 1541 746 Rupp
1568 689 1637 749 aus
1678 697 1747 757 den

755 810 973 870 Lindenthal
1021 784 1312 844 Ambtheyung
1362 767 1544 827 Thorberg
1568 766 1726 826 Unsern

773 889 1005 949 erhalten,
1032 874 1187 934 habend
1226 866 1330 926 Wie
1355 863 1420 923 der
1471 860 1667 920 Klegenn
1692 860 1730 920 zu

542 913 748 973 Underthen,

776 985 881 1045 Ihrem
938 963 1262 1023 Rechts-behelff
1320 947 1413 1007 Einen
1447 940 1644 1000 Gralti.
1655 937 1782 997 Patart

774 1060 957 1120 ertheilen
993 1050 1152 1110 laßen,
1176 1046 1273 1106 umb
1297 1044 1383 1104 Ihne
1407 1038 1675 1098 Nuph-fahls

789 1141 984 1201 betrettens
1013 1132 1199 1192 festsetzen
1258 1122 1503 1182 zubämmen,
1523 1112 1679 1172 derselbe
1699 1104 1757 1164 aber

787 1225 847 1285 hat
867 1220 1057 1280 ohngeacht
1097 1212 1237 1272 anderer
1267 1201 1537 1261 angewandter
1567 1188 1748 1248 hilffe¬

809 1303 979 1363 mittlen
1036 1294 1094 1354 nit
1127 1287 1332 1347 Entdekt
1355 1278 1468 1338 undt
1491 1266 1741 1326 Sumstandt

802 1384 967 1444 gebracht
989 1375 1100 1435 werden
1132 1369 1386 1429 kännen.
1408 1363 1519 1423 thuit
1562 1350 1662 1410 Dato
1684 1337 1738 1397 ist

788 1467 945 1527 blegerin
985 1456 1210 1516 widermahl
1259 1450 1347 1510 vor
1397 1444 1484 1504 Auß
1515 1430 1800 1490 erschinnen,

807 1545 904 1605 undt
935 1543 999 1603 hat
1032 1538 1309 1598 verlanget,
1330 1531 1404 1591 daß
1447 1525 1511 1585 der
1554 1514 1672 1574 Auff
1693 1502 1756 1562 Ihra

790 1627 954 1687 sambt
974 1623 1057 1683 dere
1098 1615 1366 1675 lüberfuucht
1396 1604 1469 1664 alß
1530 1590 1674 1650 Ehelich
1705 1577 1809 1637 zu¬

805 1704 937 1764 somen
1010 1703 1216 1763 gesprochen
1228 1698 1348 1758 werden
1360 1686 1590 1746 möchte.
1602 1667 1711 1727 Wis
1736 1648 1807 1708 aber

813 1790 945 1850 habendt
973 1789 1051 1849 Ihre
1131 1787 1451 1847 hieimfahlt
1477 1771 1544 1831 wie
1570 1756 1663 1816 gern
1676 1734 1769 1794 Mit

804 1870 925 1930 Immer
951 1871 1138 1931 wolltie,
1164 1871 1285 1931 undt
1311 1866 1405 1926 auch
1432 1860 1471 1920 in
1513 1836 1765 1896 betrachtung

809 1952 953 2012 Eüters
994 1959 1191 2019 vorworts
1217 1959 1324 2019 nicht
1376 1948 1614 2008 Entsfrechre
1667 1912 1798 1972 könne

802 2042 860 2102 In
890 2042 1052 2102 bedeiben
1081 2045 1170 2105 kein
1201 2048 1288 2108 bott
1333 2047 1406 2107 der
1436 2041 1554 2101 Nupp
1583 2013 1819 2073 Pfersohnlich

817 2125 1020 2185 bezogen,
1060 2125 1123 2185 die
1150 2125 1482 2185 Eheverspachung
1521 2113 1597 2173 auch
1624 2097 1764 2157 ausert

799 2212 1350 2272 Mngerotmeßigbeit
1376 2206 1561 2266 errichtet
1600 2181 1744 2241 worden

815 2296 951 2356 sondern
977 2296 1113 2356 habends
1153 2296 1344 2356 Klegenn
1385 2290 1506 2350 dahin
1534 2274 1683 2334 gewisen
1723 2246 1791 2306 dem

825 2382 950 2442 Rupp
1001 2382 1215 2442 zubezagen
1290 2386 1428 2446 undt
1453 2377 1641 2437 trachten
1668 2350 1780 2410 selbe

828 2455 876 2515 in
911 2457 1010 2517 das
1027 2463 1142 2523 Recht
1175 2473 1408 2533 zustelle.
1440 2471 1556 2531 Cat.
1572 2463 1623 2523 ad
1672 2439 1806 2499 foni.

3094 210 3239 270 381l.

2069 347 2221 407 Meitsr
2251 327 2281 387 an
2313 316 2481 376 Tentzchen
2496 313 2558 373 H.
2573 314 2741 374 Pfarhl.
2771 318 2848 378 Ihme
2863 319 2924 379 füur
2956 317 3016 377 das
3031 312 3169 372 fosten

2121 427 2223 487 mahl
2252 407 2439 467 Erinnen,
2454 401 2570 461 seinen
2598 403 2817 463 Gleibiger
2845 410 2904 470 H.
2933 415 3106 475 Landtsch.
3122 415 3208 475 Feschr

2101 518 2197 578 segen
2226 502 2324 562 haben
2338 494 2379 554 de
2406 487 2561 547 ansprech
2588 482 2852 542 zubefendigen,
2866 482 2950 542 oder
2964 480 3118 540 sterber

2118 579 2416 639 handtbietung
2449 566 2622 626 gekertig
2653 556 2763 616 zusen

1894 626 1910 686 S

2138 744 2357 804 Braulden
2388 728 2518 788 Cappe
2533 718 2649 778 len.
2680 708 2825 768 Weilen
2839 700 2944 760 laut
2958 693 3030 753 Ihre
3060 682 3222 742 bericht¬

1907 879 2021 939 heh
2037 858 2121 918 aerte
2137 832 2352 892 schribens,
2384 809 2517 869 Anna
2566 793 2731 853 Eenggeh
2764 783 2945 843 Klishär
2994 771 3260 831 Muliber¬

2138 921 2268 981 welche
2297 909 2325 969 so
2340 902 2427 962 wehl
2470 891 2572 951 Sor,
2586 884 2645 944 alß
2688 877 2761 937 eain
2776 872 2833 932 der
2863 864 3022 924 Geißt,
3037 857 3065 917 so
3096 853 3153 913 den

1887 982 1975 1042 Sihe
1993 939 2115 999 Hraul

2128 1021 2185 1081 20
2225 1001 2340 1061 Jees
2359 981 2532 1041 herstehen
2551 958 2821 1018 vinderfahren
2840 944 2918 1004 Ihr
2955 935 3110 995 utoet
3129 925 3266 985 gebe¬

2120 1100 2195 1160 des
2248 1077 2376 1137 krich
2429 1053 2607 1113 Sreuil
2660 1035 2764 1095 ran
2814 1023 2917 1083 Site
2970 1009 3255 1069 agsfeh¬

2159 1158 2439 1218 zugefignet
2460 1129 2553 1189 mit
2571 1113 2815 1173 verheiten,
2854 1100 2890 1160 Er
2929 1095 3022 1155 habt
3058 1089 3097 1149 Sr
3115 1086 3152 1146 an

2143 1270 2258 1330 lase
2314 1221 2626 1281 irseachen
2654 1189 2939 1249 Aipenen
2971 1171 3054 1231 ind
3082 1159 3224 1219 alte

2136 1337 2431 1397 Mitialis
2454 1307 2538 1367 tag
2559 1283 2856 1343 beschlaffen
2876 1255 3066 1315 derselb
3089 1236 3194 1296 aber

2162 1430 2286 1490 dieser
2304 1405 2515 1465 anbleydt
2532 1379 2728 1439 gäntzlich
2746 1364 2798 1424 in
2815 1355 2939 1415 abert
2974 1341 3063 1401 sye,
3081 1328 3257 1388 sollend

2122 1514 2313 1574 Gf.
2331 1495 2427 1555 Ihren
2464 1473 2712 1533 Aufgebrge
2731 1454 2866 1514 haben,
2884 1424 3287 1484 zuvernstelten,

2143 1587 2403 1647 deselgst
2432 1562 2508 1622 in
2536 1544 2771 1604 Parpetar
2797 1527 2901 1587 keid
2955 1512 3034 1572 nd
3060 1496 3190 1556 der

2135 1677 2344 1737 sehe
2398 1653 2474 1713 des
2503 1643 2553 1703 eh
2712 1621 2766 1681 en
2870 1604 2950 1664 en
3026 1589 3054 1649 h
3080 1583 3134 1643 n
3184 1566 3318 1626 ehet

2191 1753 2298 1813 und
2315 1727 2655 1787 selbenachtet,
2672 1705 2707 1765 so
2725 1694 2832 1754 wohl
2867 1669 3154 1729 mituötigen

2160 1834 2324 1894 breiht
2347 1815 2442 1875 Ihr
2488 1790 2747 1850 fnchftigen
2770 1765 2911 1825 Eyide
2934 1737 3216 1797 vrtenton

2174 1919 2279 1979 alßo
2322 1897 2490 1957 habende
2531 1869 2743 1929 lembte
2786 1843 2911 1903 auf
2932 1828 3018 1888 ein
3039 1815 3187 1875 ihrem

2167 2008 2289 2068 vens
2313 1986 2435 2046 hende
2482 1961 2652 2021 egnach
2702 1938 2824 1998 ister
2872 1916 3068 1976 ahalt
3092 1892 3312 1952 gelesten

2162 2140 2374 2200 Wele
2398 2116 2503 2176 und
2548 2090 2784 2150 Minsengen
2826 2065 2913 2125 .
2934 2051 3041 2111 Haß
3083 2029 3254 2089 bheider

2197 2219 2289 2279 Ven
2328 2199 2534 2259 Schieis
2589 2162 2947 2222 hatangelob,
2965 2136 3020 2196 das
3060 2122 3170 2182 Ihme
3191 2108 3283 2168 von

1950 2215 2058 2275 Schweider
2069 2215 2156 2275 Hans.

2215 2302 2284 2362 de
2321 2285 2513 2345 Kiebere
2567 2258 2707 2318 Staub
2759 2237 2848 2297 Ster
2882 2217 3042 2277 Wahlen
3077 2202 3111 2262 zu
3148 2188 3340 2248 gegneten

1943 2282 2021 2342 Staub
2047 2283 2188 2343 Barbare,

2188 2376 2293 2436 hend
2349 2364 2402 2424 ch
2458 2346 2619 2406 esen
2646 2317 2889 2377 eahen
2916 2291 3051 2351 daehe
3130 2267 3295 2327 ehese¬

2195 2453 2307 2513 Ihne
2344 2441 2456 2501 olche
2474 2431 2566 2491 auch
2584 2407 2863 2467 alsohelhtlich
2882 2385 2921 2445 zu
2939 2369 3124 2429 bekent,
3143 2353 3200 2413 der
3218 2342 3328 2402 minge

2193 2532 2279 2592 daß
2320 2515 2556 2575 biecheinbe
2577 2496 2642 2556 de
2662 2478 2854 2538 geleht
2878 2453 3026 2513 gebaoch
3046 2439 3090 2499 zi
3132 2427 3197 2487 ich
3218 2415 3303 2475 baeh

2193 2601 2337 2661 gehaben
2354 2578 2516 2638 solle.
