4032 3024
471 317 555 377 302
582 305 626 365 f.

468 520 573 580 Wäbe
597 504 700 564 Anna

456 587 560 647 buory
592 569 664 629 Ulli

476 1512 598 1572 Goriet
621 1502 753 1562 Babean

485 1587 651 1647 Jotferan
686 1579 783 1639 Jean¬

563 1652 784 1712 Francas.

744 381 959 441 Köntz.
989 365 1250 425 Vermittleß
1312 365 1421 425 Eüneß
1466 383 1729 443 beichthleben
1759 410 1774 470 e

794 467 1030 527 Auggisferg
1052 453 1120 513 seye
1142 449 1368 509 erschunen
1391 450 1492 510 Anna
1536 452 1683 512 Wäber

779 568 881 628 selche
910 554 969 614 Ihr
998 546 1072 606 sie
1100 537 1203 597 welt
1217 527 1422 587 gebohrner
1452 526 1584 586 Kindt
1598 527 1717 587 vill.

784 650 880 710 heume
917 634 1012 694 Ihren
1048 613 1313 673 angehörigen
1336 604 1602 664 zugefignet,
1625 608 1709 668 undt
1722 612 1769 672 sich

785 726 821 786 im
857 715 1124 775 Burgations
1152 697 1262 757 füdt
1289 684 1509 744 Instruirt
1546 677 1721 737 befindet

783 807 864 867 auch
905 800 1047 860 Guten
1066 787 1328 847 lümbdene
1360 771 1551 831 beschiben
1572 758 1692 818 wirdt,

781 894 981 954 derowegen
1004 880 1159 940 Wehhln.
1181 870 1281 930 Ihnen
1303 859 1603 919 auffgetragen
1625 857 1737 917 haben

764 976 938 1036 wollendt
981 968 1036 1028 den
1070 958 1210 1018 buren
1222 950 1287 1010 nch
1299 944 1363 1004 Mein
1386 937 1473 997 gnädigen
1484 932 1571 992 Hrren
1592 930 1811 990 Vorschafften

769 1062 865 1122 Von
891 1058 927 1118 ib
964 1051 1086 1111 Febrl
1134 1036 1281 1096 lesthin
1317 1024 1427 1084 mit
1452 1018 1526 1078 den
1562 1015 1708 1075 darum

785 1144 997 1204 enthalten
1030 1130 1210 1190 nötigen
1232 1116 1355 1176 bricht
1389 1105 1501 1165 auff
1523 1097 1747 1157 künfftigen

776 1230 901 1290 Mata
956 1223 1012 1283 Min
1040 1218 1137 1278 ndige
1151 1213 1264 1273 Herren
1277 1207 1388 1267 halben
1416 1201 1443 1261 zu
1472 1193 1638 1253 laßen.

798 1397 1077 1457 Habonne.
1103 1387 1196 1447 Auß
1248 1379 1356 1439 Ihren
1421 1364 1674 1424 beichtscheib
1700 1351 1806 1411 habend

812 1486 968 1546 WeHe
994 1478 1162 1538 zursehen
1175 1468 1343 1528 gehabt,
1356 1461 1434 1521 wie
1460 1455 1539 1515 daß
1577 1447 1720 1507 Gabean

825 1577 935 1637 sonet
962 1576 1004 1636 den
1032 1573 1101 1633 26.
1114 1565 1267 1625 Febr.
1296 1549 1448 1609 besthin
1489 1522 1809 1582 Kindtrgeesen,

804 1657 908 1717 undt
921 1656 1014 1716 auff
1037 1653 1096 1713 dem
1154 1647 1201 1707 in
1236 1634 1458 1694 zfiemant
1482 1611 1679 1671 dißmahl
1704 1595 1762 1655 sich

788 1742 1047 1802 befindenden
1100 1734 1191 1794 veon
1243 1721 1425 1781 francois
1452 1700 1633 1760 Satteran
1673 1675 1751 1735 von

791 1832 867 1892 Est
892 1826 993 1886 Liore
1045 1817 1158 1877 unde
1197 1802 1476 1862 jungsammer
1515 1765 1794 1825 Examination

797 1917 904 1977 alßs
927 1911 1099 1971 Vatter
1120 1901 1336 1961 destelbs
1357 1875 1594 1935 verhandts
1638 1836 1748 1896 ge¬

803 2003 944 2063 dahro
975 1998 1116 2058 Woh.
1131 1991 1272 2051 ehet,
1303 1978 1426 2038 weile
1459 1964 1505 2024 Er
1552 1947 1615 2007 deß
1661 1917 1772 1977 ber¬

798 2091 986 2151 schlaffe
1020 2082 1261 2142 geständig,
1277 2071 1364 2131 dar
1398 2057 1535 2117 kindt
1552 2035 1655 2095 thur
1672 2010 1757 2070 auch

802 2185 869 2245 der
902 2180 988 2240 seit,
1021 2175 1074 2235 der
1107 2167 1310 2227 erklagt
1328 2138 1650 2198 schwängerncg
1683 2094 1819 2154 besreh

816 2266 906 2326 nach
923 2263 1049 2323 solle
1067 2259 1156 2319 Ihme
1173 2254 1317 2314 solches
1334 2244 1406 2304 alß
1443 2220 1693 2280 ohnehrlich
1711 2177 1820 2237 zu¬

800 2357 1058 2417 vefe
1083 2351 1137 2411 e
1187 2347 1266 2407 und
1316 2342 1420 2402 dese
1474 2332 1499 2392 e
1549 2292 1861 2352 ietatotst

810 2440 1084 2500 verständign
1105 2438 1237 2498 wolle.

3081 199 3168 259 383
3194 210 3246 270 f.

2086 328 2297 388 Sausanne
2323 304 2468 364 Praef.
2481 301 2573 361 Über
2586 301 2666 361 Eine
2692 305 2929 365 hingesendte
2956 306 3140 366 Prredur

2106 429 2178 489 sen
2202 403 2371 463 Villette
2419 391 2611 451 betreffend
2635 392 2719 452 Jean
2755 394 2948 454 francois
2972 386 3129 446 Gaudin

2109 519 2180 579 Von
2203 503 2275 563 Ht.
2287 490 2406 550 Ogens
2441 483 2500 543 Ein
2548 481 2750 541 Ehemann,
2761 481 2785 541 so
2810 479 2869 539 der
2892 474 3070 534 Eitabeth
3107 460 3189 520 Viret

1888 551 1918 611 1

2121 609 2193 669 Von
2225 586 2371 646 Villard
2412 569 2600 629 Tierulin
2663 564 2725 624 die
2757 562 2819 622 Ehe
2851 556 3091 616 versprochen,
3101 539 3237 599 wollind

1925 571 2057 631 st

1883 645 2071 705 see

2093 697 2286 757 MHr
2301 674 2346 734 e
2466 657 2556 717 rae
2570 652 2719 712 freundt
2734 648 2928 708 lihersucht
2958 639 3077 699 haben,

2126 784 2354 844 vorstehende
2388 755 2636 815 Pfelheye,
2670 742 2811 802 sambt
2828 733 2952 793 denn
2969 725 3003 785 so
3020 711 3181 771 det¬

2107 853 2686 913 insapirentundeschitz
2706 820 2926 880 namblich
2946 810 3007 870 von
3046 795 3225 855 frmnat

2117 971 2308 1031 Ehgeben
2369 941 2434 1001 von
2475 919 2750 979 Frendlrur
2792 899 2877 959 und
2920 889 3003 949 Her
3047 874 3217 934 ancad¬

2077 1076 2177 1136 Vr
2230 1033 2533 1093 Alkach
2561 1008 2661 1068 lse
2711 997 2789 1057 ven
2839 984 2942 1044 ets
2992 962 3223 1022 halten.

2140 1129 2400 1189 zulaßen.

2154 1308 2292 1368 Goft
2309 1287 2449 1347 Somnt
2483 1270 2553 1330 von
2587 1255 2761 1315 Wohlen
2795 1234 3056 1294 hefenunster
3090 1219 3247 1279 Mahle.

1908 1337 1984 1397 Sont
1997 1327 2101 1387 geseff

2153 1383 2406 1443 angelobt,
2424 1362 2479 1422 das
2497 1351 2588 1411 ihre
2623 1336 2714 1396 von
2732 1325 2805 1385 der
2822 1311 3022 1371 bollinge
3040 1294 3295 1354 zugehageten

1917 1417 2044 1477 bellinge
2069 1403 2159 1463 Aua¬

2149 1477 2292 1537 kundt
2308 1444 2596 1504 anzunommen,
2612 1419 2739 1479 wordt
2755 1407 2883 1467 erbeit
2914 1398 2979 1458 ihr
3010 1390 3156 1450 sollen

2154 1558 2338 1618 husdes
2383 1533 2499 1593 kand
2521 1514 2705 1574 kauffer
2728 1494 2889 1554 laßen
2937 1473 3234 1533 damnsten

2143 1637 2465 1697 verhaltng
2507 1607 2573 1667 daß
2615 1590 2745 1650 kende
2787 1576 2829 1636 Me
2853 1565 2959 1625 h.
2983 1555 3025 1615 de
3067 1540 3263 1600 esech

2155 1736 2384 1796 beschlt,
2436 1707 2485 1767 as
2538 1693 2587 1753 di
2640 1674 2766 1734 eane
2791 1641 3202 1701 Bellperchen

2158 1826 2307 1886 werd.

2199 1963 2393 2023 Bescheit
2432 1942 2550 2002 haten
2569 1924 2706 1984 Schten
2744 1900 2881 1960 treube
2901 1883 3018 1943 undt
3038 1869 3194 1929 Eliste

1928 1979 2012 2039 Shwi
2031 1974 2161 2034 Gruber

2197 2069 2306 2129 Veh
2363 2044 2555 2104 frndes
2611 2014 2747 2074 este
2774 1995 2830 2055 de
2856 1968 3135 2028 bsete
3188 1940 3301 2000 ae

1968 2050 2046 2110 Catr

2196 2152 2271 2212 der
2300 2142 2375 2202 nt
2429 2129 2504 2189 he
2558 2106 2741 2166 fehele
2816 2073 2974 2133 set
3024 2048 3103 2108 ben
3178 2021 3311 2081 chren

1945 2123 2040 2183 Jugler
2051 2125 2158 2185 Einand

2187 2232 2320 2292 üebl.
2363 2217 2561 2277 Jobenß
2607 2186 2848 2246 hboßals
2869 2161 2937 2221 se
2959 2141 3113 2201 vette
3135 2115 3289 2175 secten

2190 2330 2262 2390 Ees
2286 2320 2405 2380 tele
2454 2307 2501 2367 st
2524 2298 2620 2358 mb
2669 2286 2692 2346 s
2838 2249 3076 2309 ehalten,
3102 2210 3271 2270 soden

2191 2420 2312 2480 hiye
2383 2397 2433 2457 ih
2456 2383 2577 2443 sehe
2624 2359 2842 2419 erseht
2866 2341 2940 2401 bet
2987 2324 3131 2384 hisal
3155 2302 3326 2362 dercgen

2190 2506 2275 2566 sein
2304 2480 2517 2540 verbleiber
2544 2460 2686 2520 haben.
