4032 3024
455 304 533 364 384
547 302 600 362 fl.

459 477 496 537 de
524 462 689 522 Saussurl

566 525 699 585 Henry

477 611 664 671 detallent
685 596 770 656 Mor¬

519 669 698 729 Elisabeth

483 1048 640 1108 Engist
655 1035 765 1095 Anna

476 1144 608 1204 Jgle
624 1124 802 1184 Johanns.

496 1985 585 2045 Herr
608 1975 789 2035 Ehstbeth¬

502 2072 621 2132 buchs
640 2063 768 2123 Stesfan

501 2146 608 2206 blum
658 2141 806 2201 Niclaus

784 416 943 476 Wardt
967 408 1028 468 der
1066 398 1298 458 Damoiselle
1336 391 1495 451 Marie
1532 397 1715 457 Elisabeth

792 507 1036 567 Detallents
1058 493 1158 553 lider
1203 485 1292 545 Ihre
1325 478 1481 538 äußert
1503 475 1657 535 landtes
1681 476 1735 536 sich

794 597 1034 657 befundtlichen
1061 577 1369 637 Eheverlobten
1409 568 1490 628 H.
1503 568 1651 628 Henry
1678 572 1717 632 de

780 699 980 759 Sanseiel
1050 680 1164 740 beyde
1192 671 1277 731 von
1307 665 1606 725 Lautanne,
1634 672 1705 732 Ein

770 798 1026 858 auffbrieff
1053 789 1091 849 zu
1130 775 1349 835 Lausane
1400 763 1438 823 zu
1489 761 1759 821 verbßerhalt

827 1008 855 1068 Mo
926 1003 1026 1063 nge
1041 998 1156 1058 Herren
1186 991 1242 1051 enen
1285 985 1400 1045 amma
1486 974 1629 1034 Engist
1644 968 1730 1028 von

825 1097 1081 1157 Kanelsingen
1119 1085 1179 1145 der
1208 1073 1405 1133 Ehehalb
1444 1055 1721 1115 angesprochen

798 1193 992 1253 Johannß
1045 1180 1174 1240 Eggler
1213 1169 1304 1229 Von
1330 1147 1681 1207 Ringgenberg,
1694 1122 1797 1182 welche

789 1279 899 1339 sagt,
911 1272 946 1332 wo
970 1268 1008 1328 Er
1044 1262 1127 1322 mit
1153 1254 1262 1314 Ihram
1298 1243 1431 1303 gernde
1467 1233 1552 1293 seye
1588 1220 1771 1280 Ertrauben

805 1365 968 1425 gelesen,
988 1355 1098 1415 lüste
1115 1346 1207 1406 auch
1225 1336 1352 1396 nicht
1370 1326 1426 1386 ob
1461 1317 1515 1377 Er
1535 1298 1716 1358 Ichrade

801 1473 869 1533 Ehr
918 1462 1125 1522 esehen
1148 1444 1313 1504 sogl,
1335 1428 1429 1488 dise
1475 1399 1753 1459 Ehresfert

805 1556 919 1616 soll
940 1552 1211 1612 aufgehabe
1229 1535 1325 1595 sein,
1365 1519 1441 1579 Sie
1481 1502 1577 1562 alß
1616 1483 1712 1543 für

799 1645 984 1705 schlinne
1018 1636 1186 1696 eienegnä
1203 1623 1407 1683 inhrln
1440 1607 1490 1667 der
1526 1599 1542 1659 E
1592 1582 1727 1642 seiner

815 1731 1004 1791 veoledet
1018 1722 1149 1782 werde,
1177 1714 1280 1774 und
1322 1704 1395 1764 24.
1425 1689 1570 1749 stundt
1614 1667 1745 1727 aber.

797 1889 812 1949 H
871 1872 1046 1932 Elstbeth
1075 1860 1163 1920 Sen
1208 1854 1281 1914 at
1310 1848 1383 1908 Mein
1412 1840 1516 1900 gädigen
1530 1828 1647 1888 Herrn
1663 1809 1794 1869 elbegst

836 1971 902 2031 daß
935 1964 985 2024 Ih
1018 1959 1084 2019 dem
1117 1949 1298 2009 Nilaus
1333 1934 1448 1994 brlun
1482 1921 1531 1981 zu
1547 1900 1747 1960 gefigente

832 2050 1053 2110 cheftliche
1072 2040 1190 2100 Kinde
1207 2030 1344 2090 slaber
1361 2013 1567 2073 zubebet
1600 1980 1807 2040 werden.

844 2142 992 2202 möchte
1024 2140 1140 2200 wielen
1171 2132 1303 2192 Erauß
1353 2120 1451 2180 denn
1485 2105 1566 2165 Rech
1582 2077 1812 2137 vorgelisen

818 2242 917 2302 Cogl.
947 2233 1032 2293 solle
1046 2226 1217 2286 trechten
1261 2212 1519 2272 zuerfahren,
1548 2193 1590 2253 wo
1604 2184 1647 2244 Er
1677 2167 1747 2227 seye

823 2319 903 2379 und
931 2317 999 2377 Min
1012 2315 1120 2375 gnädigen
1135 2313 1229 2373 Herre
1257 2302 1448 2362 röffirn¬

834 2405 848 2465 4
904 2415 1047 2475 Sefan
1075 2416 1202 2476 Buchs
1231 2413 1301 2473 auß
1358 2403 1428 2463 der
1458 2383 1656 2443 Kiochhör
1684 2350 1797 2410 kragke

856 2488 1035 2548 Ehefraut
1056 2496 1099 2556 t.

1872 514 1890 574 s

1894 563 1978 623 Ree
1995 531 2063 591 e.

1883 679 1904 739 d
2010 630 2095 690 sen

1928 699 2029 759 sit.

1924 1298 2075 1358 afeheten

1937 1960 1998 2020 Jan
2025 1949 2123 2009 Elstbeg

1943 2299 2039 2359 Schende
2049 2299 2134 2359 Catten

1955 2372 2057 2432 Roguier
2070 2382 2134 2442 H.

3109 190 3157 250 38
3181 195 3241 255 fl.

2111 366 2150 426 Es
2176 356 2228 416 hat
2256 345 2334 405 zwas
2360 337 2413 397 H.
2426 331 2584 391 Berichandt
2610 323 2767 383 Barghanß
2819 319 2884 379 Von
2897 316 3016 376 alhie
3028 312 3095 372 Sen
3108 307 3227 367 Mass¬

2108 460 2158 520 Ein
2184 445 2274 505 schein
2299 428 2477 488 verlangt,
2490 420 2540 480 sich
2552 416 2617 476 mit
2642 413 2718 473 Jfr
2745 410 2872 470 Rosina
2910 405 3165 465 Bauwsmann

2114 551 2189 611 auch
2216 538 2300 598 von
2337 522 2487 582 allhier
2506 509 2711 569 verehelichen
2720 499 2888 559 zukämen
2935 491 3019 551 weile
3056 484 3140 544 aber

2106 636 2156 696 E.
2168 632 2220 692 E.
2232 619 2512 679 Gesellschafft
2538 606 2576 666 zu
2627 587 2958 647 Obeockerweren,
2983 561 3174 621 deßelbe

2109 736 2191 796 H.
2207 724 2291 784 Vogt
2307 711 2424 771 undt
2440 696 2573 756 deßen
2608 685 2657 745 Hl.
2690 667 2974 727 anterwandter
2990 646 3056 706 sich
3074 637 3139 697 der

2105 814 2361 874 bezenchung
2380 791 2478 851 diese
2519 780 2576 840 Er
2595 772 2674 832 auß
2715 760 2832 820 gandt
2851 748 3009 808 deselb
3050 732 3186 792 annch

2120 909 2199 969 mit
2225 896 2304 956 der
2317 874 2592 934 gsatzmeßige
2631 852 2750 912 alter
2775 844 2828 904 des
2854 838 2933 898 25.
2959 831 3063 891 Jahren
3078 823 3234 883 geweihret

2117 993 2322 1053 zindeschen
2358 966 2427 1026 und
2460 949 2582 1009 selbe
2598 934 2734 994 under
2770 924 2839 984 den
2889 915 2994 975 Jahen
3010 906 3218 966 begeshue¬

2104 1087 2249 1147 Grich
2309 1047 2556 1107 verlngen,
2579 1019 2764 1079 deobege
2807 1002 2972 1062 ohabend
3012 993 3074 1053 Me
3114 988 3200 1048 he¬

2134 1171 2227 1231 Vhre
2263 1154 2338 1214 dar
2356 1137 2487 1197 zuge
2505 1108 2802 1168 Rechtethalbt,
2822 1085 2951 1145 dieser
2970 1075 3026 1135 Er
3044 1066 3269 1126 vestehung

2128 1252 2213 1312 und
2254 1234 2465 1294 derenfhe
2488 1212 2635 1272 folgte
2679 1186 2889 1246 Cordaiat
2910 1161 3121 1221 amulert
3141 1144 3226 1204 und

2145 1338 2257 1398 beyde
2293 1326 2332 1386 in
2369 1313 2538 1373 Sterige
2574 1286 2743 1346 Erychet
2761 1260 2948 1320 geschest,
2969 1231 3211 1291 dermennes

2150 1434 2233 1494 dß
2257 1424 2298 1484 de
2340 1414 2405 1474 H.
2425 1396 2617 1456 Bescheißt
2638 1377 2703 1437 der
2724 1362 2830 1422 hefr
2872 1326 3170 1386 Boubmann

2162 1524 2218 1584 se
2275 1501 2509 1561 esige
2593 1476 2622 1536 e
2739 1457 2799 1517 d
3000 1426 3029 1486 s
3085 1410 3145 1470 n
3202 1390 3259 1450 ze

2159 1604 2410 1664 dellihe
2459 1573 2608 1633 sesen
2633 1549 2835 1609 bhsen
2859 1527 2960 1587 und
3009 1510 3061 1570 es
3085 1499 3134 1559 he
3159 1480 3312 1540 ten¬

2151 1710 2280 1770 Ihe
2331 1662 2774 1722 Setengeangen
2799 1632 2824 1692 s
2875 1619 2979 1679 bchr
3005 1589 3293 1649 atarn¬

2190 1897 2311 1957 seiben
2341 1883 2540 1943 Elsßtbth
2555 1870 2662 1930 Jrnn
2694 1858 2816 1918 nichte
2846 1845 2953 1905 vonn
2968 1834 3030 1894 deß
3077 1816 3229 1876 Köphen

2167 1981 2413 2041 aufthatheit
2431 1967 2571 2027 kinste
2591 1954 2731 2014 fill,
2749 1941 2820 2001 alß
2837 1921 3032 1981 isselbe
3066 1891 3138 1951 und

2200 2071 2290 2131 Euner
2320 2048 2576 2108 Remenktorn
2606 2022 2772 2082 dimitit
2787 2002 2953 2062 worde.

2216 2135 2283 2195 1.

2171 2217 2193 2277 S
2262 2207 2353 2267 War
2375 2195 2489 2255 ligen
2511 2184 2558 2244 de
2602 2168 2737 2228 Coten
2784 2143 2942 2203 ebende
2967 2124 3033 2184 nd
3055 2113 3080 2173 h
3102 2097 3263 2157 lagen

2194 2293 2312 2353 ereit
2351 2275 2609 2335 edeselben
2648 2253 2708 2313 de
2728 2230 2945 2290 Solanictz
2984 2189 3303 2249 acheschlagen

2182 2369 2338 2429 fende.
