4032 3024
447 302 524 362 16
538 301 554 361 s

893 376 1187 436 Montags
1204 359 1273 419 den
1290 358 1393 418 23.
1410 361 1601 421 Martii
1618 377 1740 437 1733

1159 478 1365 538 Praeses.

824 624 1064 684 Rh.
1196 592 1225 652 a
1276 581 1542 641 Mallenn

1128 709 1448 769 Assessores.

853 852 972 912 Me
1009 845 1077 905 er
1112 838 1199 898 er.

743 1054 961 1114 Masel:
1009 1029 1086 1089 Sie
1118 1018 1289 1078 freundt
1322 1012 1446 1072 hydgs
1477 1012 1650 1072 ersuchen
1680 1014 1744 1074 den

824 1133 974 1193 Heinich
988 1121 1140 1181 Eehandt
1167 1111 1223 1171 auß
1264 1105 1306 1165 der
1333 1098 1527 1158 EPfaltz,
1540 1094 1693 1154 welchen

492 1166 652 1226 Banting
679 1147 801 1207 Vorsahe

802 1226 958 1286 Mosela
1010 1207 1178 1267 Gantung
1204 1197 1283 1257 von
1335 1187 1491 1247 allhier
1529 1177 1582 1237 der
1607 1168 1752 1228 Ehr¬

483 1252 641 1312 Ehehardt
668 1231 801 1291 Heinrich.

802 1293 1220 1353 undtschwängernng
1266 1280 1356 1340 halb
1389 1267 1605 1327 beklaget
1628 1249 1707 1309 auf

796 1399 841 1459 den
873 1394 903 1454 16
950 1383 1088 1443 Apilis
1118 1369 1273 1429 allher
1320 1353 1457 1413 holtezn
1487 1331 1704 1391 zulaßen

818 1468 906 1528 fat.
918 1458 956 1518 ad
970 1446 1083 1506 form.

783 1632 984 1692 Könitz
1012 1614 1228 1674 Susanna
1286 1590 1488 1650 Breicher
1502 1577 1560 1637 auß
1602 1570 1646 1630 der
1675 1561 1820 1621 Schon¬

502 1730 654 1790 Sficher
679 1717 807 1777 Susaua
844 1705 997 1765 Gosten
1047 1693 1124 1753 Ihr
1150 1684 1379 1744 angehörige
1417 1673 1505 1733 soll
1532 1666 1645 1726 Eter
1672 1659 1785 1719 lißen

513 1802 736 1862 WehrAnna
789 1795 928 1855 schafft
959 1792 1054 1852 haben
1066 1791 1098 1851 in
1130 1789 1183 1849 dem
1235 1782 1471 1842 Consistoriul
1513 1768 1619 1828 handel
1662 1751 1768 1811 Püche

514 1874 622 1934 Burn
637 1874 773 1934 All.
800 1876 896 1936 Anne
923 1877 1059 1937 Wäber
1086 1877 1168 1937 von
1222 1869 1522 1929 Guggisperg
1564 1844 1660 1904 und
1687 1821 1783 1881 Ull¬

797 1960 913 2020 Buar
988 1955 1051 2015 von
1083 1955 1253 2015 Könz,
1285 1954 1359 2014 Joh
1465 1944 1561 2004 Ihne
1592 1915 1815 1975 auffgetrogen

811 2038 941 2098 werden
985 2039 1101 2099 selbe
1143 2040 1259 2100 auff
1289 2034 1492 2094 könfftige
1520 2015 1695 2075 darustag
1723 1981 1855 2041 Vor¬

787 2129 894 2189 Mee
907 2125 1000 2185 igie
1014 2123 1121 2183 halte
1134 2123 1188 2183 zun
1201 2121 1349 2181 laße.

822 2295 1078 2355 Bißbeil.
1096 2294 1225 2354 Hanß
1281 2284 1427 2344 Suber
1463 2265 1574 2325 hatt
1592 2232 1794 2292 Entzliter

522 2348 645 2408 Stuber
657 2344 780 2404 Hauß.

851 2373 1036 2433 bekennet
1072 2376 1245 2436 Vatter
1270 2371 1318 2431 deß
1368 2360 1479 2420 Ihme
1540 2341 1626 2401 von
1651 2325 1701 2385 der
1713 2309 1811 2369 Anmat

553 2419 785 2479 Schwetzsegen

838 2456 1134 2516 Schwetbegerin
1171 2453 1455 2513 zugefigieten
1467 2431 1615 2491 Kindts
1653 2398 1776 2458 zusen

639 2482 764 2542 Anna.

844 2524 962 2584 deth
1034 2538 1060 2598 n
1106 2545 1178 2605 les
1227 2548 1345 2608 ele
1370 2542 1465 2602 als
1514 2526 1583 2586 des
1609 2511 1655 2571 en
1776 2452 1897 2512 sen

3088 203 3233 263 387l.

2041 335 2205 395 srteg
2245 297 2389 357 Weht.
2430 279 2614 339 hesolht
2634 277 2718 337 auch
2738 277 2799 337 das
2819 282 3003 342 hehrlich
3023 291 3231 351 zuge¬

2040 426 2287 486 shefe.

2058 580 2356 640 Srderff
2401 535 2515 595 hatn
2538 516 2699 576 Bbder
2744 502 2814 562 von
2836 490 3087 550 Mthaude,
3134 481 3179 541 o

2122 666 2281 726 hatt
2303 638 2438 698 Wrb
2463 617 2620 677 kindt
2645 599 2805 659 wensen
2827 585 2940 645 abe
2987 573 3053 633 in
3078 560 3238 620 Satter

1884 702 2034 762 1o

1910 805 1982 865 de
2132 738 2395 798 se
2581 693 2768 753 en
2881 668 3031 728 le
3103 649 3140 709 e

2097 839 2322 899 heidemb
2369 806 2525 866 Stlde
2572 793 2638 853 den
2684 768 3181 828 Schachrenschaltete

2092 946 2164 1006 ses
2188 918 2335 978 slig
2410 894 2458 954 he
2506 884 2581 944 uf
2605 875 2752 935 e
2800 864 2851 924 un
2899 855 2971 915 des
2998 837 3146 897 ller

2117 1031 2234 1091 de
2314 993 2474 1053 se
2512 963 2789 1023 telich
2906 937 2948 997 e
3146 907 3226 967 en

2119 1183 2306 1243 Ghofeil
2354 1162 2425 1222 von
2471 1141 2706 1201 achhelt
2751 1112 2987 1172 andtvost
3010 1088 3271 1148 Molt¬

1921 1301 2150 1361 aele
2338 1246 2416 1306 e
2797 1201 2833 1261 h
2911 1190 2948 1250 e
2984 1182 3021 1242 e
3136 1157 3292 1217 eden

1924 1398 1959 1458 d
2177 1346 2286 1406 e
2395 1321 2434 1381 e
2578 1299 2613 1359 e
2687 1285 2761 1345 e
2870 1260 3014 1320 abe
3049 1245 3088 1305 e
3158 1225 3272 1285 en

2132 1433 2206 1493 ned
2258 1407 2433 1467 Elsen
2457 1386 2558 1446 ber
2632 1366 2684 1426 e
2733 1344 2985 1404 rspertes
3034 1321 3083 1381 de
3107 1306 3261 1366 eschn

2133 1510 2179 1570 de
2225 1489 2344 1549 eise
2391 1472 2463 1532 bes
2486 1456 2628 1516 ent
2698 1441 2721 1501 e
2770 1424 3005 1484 audthaff
3028 1400 3243 1460 gefe¬

2135 1595 2174 1655 1
2380 1566 2458 1626 e
2541 1547 2580 1607 e
2781 1515 2825 1575 e
2948 1490 3026 1550 e
3109 1469 3232 1529 en

2115 1675 2240 1735 eteh
2288 1659 2416 1719 laben
2465 1643 2517 1703 e
2541 1631 2617 1691 be
2666 1614 2766 1674 icht
2790 1574 3220 1634 bisteigdesechn

2117 1771 2199 1831 Se
2238 1753 2363 1813 Rehe
2382 1730 2526 1790 halbten
2546 1701 2751 1761 hulisten¬

2136 1952 2316 2012 sonrs
2366 1920 2521 1980 Weln
2546 1901 2623 1961 ven
2676 1877 2856 1937 Fawnes
2881 1837 3319 1897 Fushenschi¬

2199 2024 2307 2084 wer
2353 2004 2486 2064 olhe
2529 1985 2640 2045 unde
2683 1969 2772 2029 gug
2815 1953 2904 2013 aur
2926 1930 3212 1990 Renination

1921 2017 2065 2077 Frcskon
2088 2026 2172 2086 kan

2189 2109 2368 2169 lech
2458 2073 2605 2133 ehe
2666 2045 2784 2105 ebe
2813 2026 2903 2086 de
2964 2008 3025 2068 e
3114 1980 3294 2040 enden

1927 2101 2046 2161 Mrlte
2074 2108 2164 2168 anin

2151 2208 2250 2268 nen
2710 2110 2876 2170 e
3205 2046 3340 2106 hen

2185 2273 2470 2333 heretei
2505 2240 2566 2300 e
2697 2203 2824 2263 ete
2886 2181 2920 2241 n
2951 2170 2982 2230 t
3047 2142 3240 2202 hen

2181 2377 2268 2437 ae
2531 2307 2793 2367 e
3015 2247 3056 2307 e
3190 2209 3324 2269 er

2176 2464 2245 2524 ae
2600 2404 2635 2464 e
2920 2334 3132 2394 eah
3205 2293 3314 2353 e

2186 2524 2378 2584 selete
2670 2462 2862 2522 se
2958 2424 3054 2484 be
3154 2395 3185 2455 h
3216 2376 3316 2436 er

2187 2602 2215 2662 in
2244 2594 2386 2654 beglit
2400 2573 2641 2633 zuzuschiben.
