4032 3024
447 305 609 365 308l.

443 496 664 556 Ligerolle

478 2038 558 2098 H.
575 2019 703 2079 Hentz.

502 2110 688 2170 Salh.

733 345 988 405 Coffothem
1042 320 1188 380 Prof.
1206 304 1534 364 Mitzhusendung
1570 324 1752 384 allehen

754 445 768 505 s
810 430 938 490 kommen
968 408 1152 468 schuiffter
1196 395 1310 455 undt
1338 392 1524 452 Boudnn
1566 410 1795 470 betrefenden

762 526 822 586 den
837 515 957 575 steit
972 497 1169 557 zleüscher
1198 485 1274 545 dem
1321 479 1562 539 Consistoris
1592 483 1683 543 von

760 610 986 670 Lignerolle
1041 586 1146 646 undt
1175 576 1267 636 Ihren
1335 565 1682 625 Heorschaffteheren

752 694 852 754 wole
874 686 930 746 Mein
941 679 1030 739 gnädgen
1041 669 1131 729 Herrn
1142 664 1197 724 den
1242 656 1309 716 H.
1331 651 1430 711 Pro.
1454 644 1698 704 freundtlich

741 782 905 842 ersucht
919 765 1042 825 haben
1097 752 1166 812 lie
1193 744 1301 804 bernt
1344 736 1576 796 überstheiben
1604 741 1672 801 den

754 865 991 925 Consistoris
1004 842 1137 902 handt
1163 827 1335 887 zubiete
1387 818 1532 878 sinden
1571 820 1677 880 Endt
1690 828 1795 888 dann

754 959 861 1019 auch
891 941 1075 1001 Pforthey
1120 925 1212 985 Vor
1242 916 1364 976 Ihnen
1411 911 1441 971 in
1471 910 1731 970 Contrnditorio

742 1061 925 1121 Verhöre
990 1042 1083 1102 hinr
1122 1026 1306 1086 Urtheil
1372 1012 1489 1072 Sub
1517 1008 1807 1068 beneficis¬

758 1149 1120 1209 Appellationis
1143 1123 1329 1183 fellen,
1354 1112 1458 1172 undt
1470 1106 1574 1166 fahls
1599 1101 1656 1161 der
1679 1099 1738 1159 H.
1749 1097 1797 1157 Se

790 1244 1022 1304 Eiqnerolle
1087 1234 1150 1294 den
1177 1231 1254 1291 H.
1281 1226 1409 1286 Præef.
1435 1220 1563 1280 nicht
1603 1211 1681 1271 vor

783 1345 841 1405 den
872 1337 1021 1397 Richtes
1037 1327 1306 1387 erkennen,
1335 1317 1469 1377 undt
1485 1305 1604 1365 über
1634 1291 1694 1351 die

779 1431 960 1491 Kleyden
986 1422 1155 1482 antletzn
1167 1412 1323 1472 wolle
1336 1404 1402 1464 in
1415 1396 1519 1456 gnädiger
1532 1384 1622 1444 Hrre
1647 1370 1739 1430 dißem

786 1525 973 1585 berichten
999 1515 1049 1575 zu
1073 1506 1274 1566 laßen:
1299 1495 1474 1555 Indeßen
1486 1483 1587 1543 aber
1612 1471 1675 1531 die

769 1632 1019 1692 Barmand
1048 1615 1173 1675 ohne
1215 1596 1480 1656 auffschub
1508 1580 1549 1640 in
1578 1571 1646 1631 dem

777 1731 933 1791 schloß
1002 1716 1090 1776 wnd
1107 1705 1386 1765 abbaußung
1420 1685 1630 1745 zusolste

761 1948 970 2008 Llaobrg
1002 1942 1132 2002 praf.
1148 1938 1245 1998 Aber
1261 1933 1407 1993 destelbn
1422 1927 1520 1987 bricht
1552 1916 1649 1976 chutz
1665 1899 1843 1959 beffede

804 2049 852 2109 den
877 2038 999 2098 Prijuer
1035 2032 1146 2092 handel
1194 2032 1268 2092 Leit
1292 2032 1427 2092 zwüschen
1451 2029 1463 2089 H
1537 2013 1758 2073 Pfordiart

800 2131 922 2191 Hentz
955 2120 1061 2180 undt
1077 2116 1279 2176 Rathafuß
1325 2112 1479 2172 kenmenn
1556 2096 1710 2156 Salcss
1725 2067 1865 2127 Collicte

778 2224 859 2284 Me
900 2211 997 2271 eger
1010 2206 1051 2266 e
1080 2204 1134 2264 Hrn
1148 2204 1244 2264 land
1272 2204 1339 2264 og
1422 2201 1463 2261 zu
1477 2188 1751 2248 schliseme

780 2299 1055 2359 Versihtigleit
1071 2300 1264 2360 ubelaße
1296 2301 1425 2361 haben
1522 2288 1570 2348 da
1604 2257 1797 2317 Iondesen

820 2380 888 2440 der
904 2375 988 2435 H.
1004 2373 1206 2433 LandtvVogt
1223 2378 1374 2438 gesicht
1409 2375 1493 2435 wide
1525 2365 1576 2425 den
1593 2353 1660 2413 A.
1677 2313 1844 2373 Poong

823 2446 1182 2506 zuseirkünftig
1218 2461 1473 2521 midenters
1508 2445 1747 2505 aufehung

822 2512 888 2572 Eur
902 2512 1091 2572 freudtliche
1117 2522 1252 2582 hrmmeng
1280 2527 1483 2587 zuethuln.

1969 1846 2104 1906 11.

3074 214 3212 274 384l

2059 304 2182 364 Sutz.
2209 284 2399 344 Eversuchen
2427 280 2481 340 die
2508 280 2631 340 Mara
2644 285 2903 345 Hoffmann,
2930 294 3066 354 Velhen

2093 385 2267 445 Allbecht
2292 365 2430 425 Phristen
2491 359 2578 419 under
2591 361 2816 421 guussamer
2828 362 3102 422 Examination
3128 356 3177 416 Ihr

2115 481 2154 541 ved
2179 464 2258 524 welt
2285 447 2454 507 hebehanes
2481 439 2599 499 Kindt
2611 439 2833 499 zugefignet
2873 443 3016 503 frechten
3029 443 3069 503 zu
3082 440 3240 500 Entdih,

1894 472 2107 532 sen

2080 563 2110 623 de
2141 552 2186 612 e
2232 539 2308 599 e
2323 531 2416 591 eren
2492 523 2568 583 en
2612 520 2749 580 richter
2781 516 2965 576 zulaser.

2098 739 2264 799 Laßhen
2291 713 2347 773 bey
2388 697 2568 757 Gurgdoff
2595 691 2691 751 beston
2790 687 2830 747 der
2858 682 3037 742 Ehrberbeit
3066 675 3093 735 zu
3121 665 3217 725 Mett

2105 835 2219 895 vrend
2270 800 2419 860 ehe
2452 781 2699 841 verstäündiget
2715 774 2864 834 wrden
2932 769 2997 829 lis
3013 763 3097 823 daß

1909 862 2007 922 I.

2104 931 2275 991 Wein
2299 881 2617 941 hofinmund
2641 865 2714 925 ten
2741 858 2986 918 bettenen
3033 841 3180 901 unde

2113 1005 2347 1065 gudsammer
2382 961 2688 1021 Eremination
2778 938 2885 998 zums
2902 930 3047 990 Vette
3084 922 3246 982 Ihr¬

2114 1105 2307 1165 Muselt
2325 1076 2518 1136 gebehen
2553 1054 2658 1114 kind
2675 1034 2974 1094 verauhet
2991 1018 3202 1078 haben,

2089 1203 2274 1263 Retht
2314 1174 2439 1234 hesen
2459 1157 2563 1217 Ichen
2583 1132 2872 1192 angeherigen,
2893 1104 3098 1164 giöligen

2104 1297 2302 1357 eshe
2360 1270 2472 1330 en
2558 1239 2725 1299 erteig
2783 1216 2841 1276 e
2923 1193 3039 1253 bis
3066 1172 3237 1232 en

2132 1380 2415 1440 gesfese
2469 1347 2598 1407 hine
2649 1331 2702 1391 en
2753 1316 2882 1376 bse
2935 1294 3065 1354 alte
3090 1274 3194 1334 in

2113 1476 2385 1536 meretis
2472 1447 2505 1507 e
2595 1433 2624 1493 d
2686 1417 2835 1477 enen
2896 1388 3106 1448 etegn
3197 1348 3288 1408 er

2130 1576 2242 1636 aeher
2264 1560 2329 1620 die
2375 1544 2484 1604 Bin
2530 1520 2797 1580 anchertste
2819 1504 2884 1564 en
2952 1490 3151 1550 Mee
3219 1472 3309 1532 ihen

2144 1645 2346 1705 zulase

2178 1798 2376 1858 Rrchtin
2423 1780 2444 1840 S
2488 1770 2556 1830 Von
2577 1760 2667 1820 H.
2710 1744 2865 1804 Festen
2887 1724 3020 1784 kern
3044 1699 3242 1759 aufder

2160 1898 2330 1958 sehel
2385 1876 2416 1936 i
2531 1843 2815 1903 ehe
2870 1817 2957 1877 das
3043 1801 3071 1861 e
3126 1784 3300 1844 iser

2147 1983 2364 2043 etench
2409 1965 2451 2025 e
2496 1951 2605 2011 Vete
2648 1929 2822 1989 elede
2846 1901 3064 1961 Miltesie
3109 1873 3260 1933 soder

2184 2070 2348 2130 sesi
2446 2041 2610 2101 e
2708 2017 2806 2077 e
2939 1990 2970 2050 e
3166 1941 3268 2001 ses

2154 2152 2393 2212 gertlasten
2414 2132 2567 2192 worden
2609 2114 2741 2174 rent
2762 2100 2827 2160 zun
2849 2068 3262 2128 chensbichgelses

2161 2261 2269 2321 des
2295 2248 2376 2308 e
2457 2220 2645 2280 en
2727 2194 2752 2254 h
2834 2172 2967 2232 he
2993 2154 3100 2214 ben,
3129 2133 3288 2193 undet

2166 2353 2376 2413 eteht
2468 2321 2589 2381 he
2619 2307 2648 2367 e
2920 2256 3105 2316 haben
