4032 3024
463 298 605 358 390f.

754 379 875 439 Ai9.
892 372 1081 432 MeHrn
1117 357 1272 417 olend
1326 349 1394 409 hren
1428 356 1794 416 hremntaufgetagen

792 477 967 537 haben,
982 468 1045 528 die
1078 457 1188 517 Zeige
1221 448 1253 508 so
1284 443 1349 503 deß
1380 439 1617 499 sonvenantz
1635 449 1682 509 in

442 481 590 541 Moena
603 458 778 518 Euimabelt.

788 582 862 642 dem
886 556 1185 616 Conviotoral,
1222 538 1396 598 handel
1434 529 1619 589 Plüschen

454 555 652 615 Elückinges
679 540 746 600 Hen

761 683 858 743 Iben
894 653 1136 713 Elükinger
1173 633 1282 693 undt
1317 623 1548 683 Eligabeth
1584 620 1729 680 Moena

788 760 895 820 nicht
922 738 1189 798 geständigsen
1215 714 1349 774 wollen,
1375 700 1550 760 Eydtlich
1563 697 1603 757 zu
1616 697 1736 757 verin

774 847 885 907 undt
899 843 955 903 der
983 830 1207 890 außfaagen
1234 814 1318 874 mit
1347 806 1402 866 der
1445 797 1612 857 Pferthey
1640 794 1753 854 har¬

795 944 995 1004 haltung
1028 909 1426 969 Nehtzubeschicen
1443 890 1742 950 zulaßen.

787 1137 1157 1197 Montpreveyre
1199 1121 1314 1181 undt
1342 1117 1499 1177 harigen
1541 1111 1640 1171 hef.
1656 1102 1783 1162 damit

810 1236 1063 1296 dermahlen
1108 1223 1164 1283 der
1207 1212 1495 1272 Consistorial
1562 1199 1705 1259 handel

465 1297 651 1357 Picard
664 1284 768 1344 lonis

820 1330 979 1390 züschen
1003 1319 1113 1379 Lonis
1150 1307 1358 1367 Piecand.
1370 1298 1455 1358 Ston
1481 1288 1640 1348 taripen
1676 1273 1762 1333 undt

480 1369 686 1429 Duperrion
708 1353 816 1413 Elisa¬

811 1416 1034 1476 Glisabeth
1096 1397 1344 1457 Duperier
1393 1385 1455 1445 Ihr
1505 1368 1728 1428 Endtschafft

571 1434 678 1494 bett

785 1502 932 1562 emhe
971 1495 1131 1555 sollend
1159 1493 1172 1553 e
1198 1489 1412 1549 MeHren
1438 1480 1479 1540 der
1505 1465 1720 1525 Ehrerdricht

793 1609 832 1669 zu
872 1590 1229 1650 Montpreveine
1270 1574 1562 1634 auffgetragen
1575 1556 1722 1616 selben

800 1704 860 1764 der
885 1690 1070 1750 Geust
1094 1681 1205 1741 nach
1253 1675 1327 1735 der
1352 1667 1609 1727 Coreonung
1647 1640 1843 1700 Enaumiris

785 1772 840 1832 und
853 1772 875 1832 d
886 1772 909 1832 e
955 1771 1136 1831 eHen
1171 1768 1374 1828 berichten
1420 1763 1466 1823 zu
1500 1754 1716 1814 laßen,
1738 1740 1784 1800 da

811 1859 1051 1919 inmmittbst
1066 1858 1185 1918 dieser
1245 1858 1454 1918 Bredus
1529 1858 1753 1918 beydesent

781 1961 909 2021 tonis
924 1960 1294 2020 ohnnachstheligsen
1309 1949 1467 2009 solbe.

846 2179 972 2239 laut
1004 2173 1130 2233 helß
1194 2170 1273 2230 Sten
1306 2165 1480 2225 Musche
1511 2153 1590 2213 soll
1605 2142 1654 2202 der
1685 2122 1797 2182 Mara

514 2159 670 2219 Manne
689 2157 786 2217 bertz

514 2234 680 2294 Hhimmerh

703 2242 821 2302 Marie

845 2264 1035 2324 himmeh.
1075 2267 1130 2327 14
1185 2267 1267 2327 tag
1293 2264 1457 2324 länger
1483 2254 1552 2314 alß
1593 2241 1647 2301 die
1675 2219 1797 2279 Ordina

837 2359 923 2419 Zeit
939 2359 973 2419 in
1008 2362 1077 2422 der
1128 2369 1539 2429 Gefangenschafft
1573 2332 1761 2392 Verblicge

551 2453 716 2513 Hermann
727 2461 809 2521 chist

875 2471 947 2531 den
968 2473 1115 2533 Chrste
1152 2479 1374 2539 hermann
1392 2476 1485 2536 soll
1522 2459 1688 2519 eynder
1706 2427 1817 2487 hlt

555 2525 661 2585 Lathl.
687 2530 847 2590 Elstbeth.

856 2557 948 2617 Catl.
974 2562 1145 2622 Estatide
1170 2569 1354 2629 angelegt
1392 2568 1563 2628 leden:

866 2605 896 2665 I

3085 199 3172 259 391
3187 205 3245 265 l.

2089 311 2254 371 Albrhin
2281 283 2529 343 Eingelangte
2556 274 2723 334 Broredwr
2764 272 2832 332 Ston
2860 274 3012 334 Eiorino
3039 274 3217 334 besterftendt

2117 399 2279 459 Berunk
2323 370 2561 430 Jambohg,
2571 358 2669 418 undt
2690 355 2799 415 Weine
2831 353 2983 413 Berhiet
3015 353 3079 413 soll
3113 355 3200 415 er¬

1883 410 2104 470 Nsben

2062 508 2230 568 glortet
2247 483 2347 543 leden
2366 471 2431 531 bß
2466 457 2634 517 zlethen
2667 449 2719 509 ich
2735 446 2838 506 solle
2870 439 2990 499 leden.

1876 536 1910 596 d

2307 651 2559 711 Sonstags
2577 631 2627 691 den
2662 623 2746 683 26.
2762 617 2965 677 Martii
2982 616 3101 676 173

2537 738 2722 798 Praeses

2356 840 2733 900 MegeHrer
2747 819 2805 879 vo
2835 815 3039 875 Mühlinen

2498 906 2768 966 Assessores

2233 1028 2441 1088 Meng
2456 1013 2487 1073 e
2517 1001 2637 1061 erer
2666 988 2771 1048 Daec.
2786 978 2876 1038 Hrr
2905 969 3040 1029 Decan
3069 961 3265 1021 rd.

2141 1194 2303 1254 shtung
2344 1172 2404 1232 bey
2446 1150 2689 1210 Jnbesliber
2732 1131 2812 1191 Car
2855 1116 3078 1176 Bushen
3098 1101 3261 1161 Schond

1894 1242 1937 1302 seh
1967 1221 2099 1281 hinrich

1911 1330 1965 1390 de
2018 1311 2045 1371 e
2129 1286 2236 1346 eh
2400 1244 2563 1304 e
2590 1224 2727 1284 et
2861 1204 2918 1264 ih
2998 1185 3273 1245 enechtege

2161 1353 2349 1413 nee
2457 1323 2486 1383 e
2538 1311 2620 1371 e
2757 1285 2864 1345 eis
3027 1258 3138 1318 te
3190 1244 3301 1304 aen

2155 1425 2427 1485 geseinget
2503 1393 2552 1453 nd
2601 1381 2652 1441 e
2726 1368 2750 1428 e
2802 1359 2851 1419 e
2900 1342 3074 1402 egeses
3098 1321 3300 1381 selibe,

2154 1521 2361 1581 seselit
2412 1492 2569 1552 ge
2645 1464 2777 1524 ahe
2827 1443 2931 1503 e
2985 1426 3060 1486 nde
3114 1415 3164 1475 e
3218 1405 3297 1465 en

2158 1611 2269 1671 ded
2299 1600 2326 1660 e
2353 1590 2437 1650 be
2494 1574 2551 1634 e
2605 1557 2689 1617 esh
2719 1544 2773 1604 he
2803 1530 2914 1590 fe
2971 1514 3024 1574 nd
3108 1500 3249 1560 gede

2167 1696 2325 1756 dasen
2350 1681 2395 1741 zu
2442 1664 2578 1724 elche
2626 1630 2854 1690 Poltichs
2876 1601 3060 1661 genwaneg
3082 1585 3151 1645 und
3174 1578 3291 1638 dis

2165 1788 2241 1848 as
2290 1775 2367 1835 ah
2391 1758 2544 1818 ele
2618 1722 2795 1782 hele
2820 1703 2847 1763 e
2896 1690 2948 1750 be
2973 1676 3098 1736 ase
3150 1660 3328 1720 gefer

2153 1882 2248 1942 ser
2343 1861 2404 1921 eh
2499 1836 2594 1896 en
2689 1812 2723 1872 n
2753 1782 3068 1842 echeit
3163 1752 3293 1812 e¬

2148 1990 2230 2050 seh
2283 1969 2339 2029 he
2395 1940 2587 2000 vend
2643 1905 2808 1965 beie
2860 1885 2890 1945 e
2973 1873 2999 1933 e
3055 1856 3220 1916 lige
3246 1843 3303 1903 en

2176 2068 2299 2128 ede
2348 2046 2472 2106 ihre
2523 2026 2571 2086 zu
2595 1997 2894 2057 gelen,de
2943 1968 2994 2028 e
3018 1958 3091 2018 se
3142 1943 3342 2003 enlien

2180 2164 2337 2224 Väatter
2369 2143 2463 2203 nach
2493 2132 2526 2192 zu
2556 2118 2697 2178 schiben

2180 2284 2319 2344 Srn
2364 2269 2458 2329 beio
2503 2253 2594 2313 duß
2619 2237 2733 2297 shen
2758 2212 2965 2272 brichtbs
2988 2188 3127 2248 sochl
3149 2173 3288 2233 baiß

1942 2289 1990 2349 Vi
2002 2297 2142 2357 Verena

2213 2381 2287 2441 ses
2336 2367 2437 2427 en
2539 2340 2689 2400 ehe
2763 2314 2840 2374 ers
2889 2293 3015 2353 bege
3064 2274 3138 2334 er
3166 2256 3317 2316 rechlt

1926 2374 2025 2434 selbst
2050 2381 2187 2441 Sammen

2194 2482 2425 2542 se
2461 2458 2493 2518 e
2593 2437 2629 2497 h
2796 2407 2828 2467 e
2959 2376 3126 2436 en
3226 2346 3330 2406 en

2191 2595 2273 2655 des
2332 2578 2387 2638 ie
2418 2559 2559 2619 en
2613 2535 2672 2595 e
2785 2510 2813 2570 s
2840 2492 2984 2552 haes
3039 2466 3180 2526 fes
3239 2452 3294 2512 er
