4032 3024
480 296 637 356 Mf.

496 1522 615 1582 Suri
627 1512 772 1572 Christen

520 1694 610 1754 Griva
648 1679 758 1739 Ranon

525 2242 641 2302 Schori
673 2232 777 2292 Senz

516 2319 667 2379 Wallker
697 2312 804 2372 alhen

754 334 814 394 die
856 316 1060 376 alsetige
1099 299 1221 359 Stt
1243 295 1447 355 ferbten
1467 305 1549 365 und
1589 337 1815 397 olhen

765 432 891 492 füert
906 412 1108 472 worden,
1140 397 1203 457 sich
1234 391 1437 451 erklahrt,
1453 394 1516 454 daß
1546 401 1594 461 hin
1624 413 1687 473 ein
1717 431 1780 491 und

765 515 1042 575 imermehr
1083 491 1180 551 mit
1193 482 1304 542 Ihrem
1346 478 1526 538 Eheman
1553 491 1664 551 Haußs
1691 517 1790 577 be¬

786 616 868 676 und
887 608 969 668 sich
1002 589 1237 649 darüberhen
1254 575 1371 635 foreth
1388 572 1590 632 gemacht,
1606 595 1809 655 sesethals

757 717 822 777 der
863 699 1035 759 Eheman
1087 681 1141 741 die
1180 663 1470 723 schiedigung
1496 663 1629 723 wider
1655 681 1789 741 sie¬

781 794 1007 854 eegehret:
1039 773 1154 833 Eaen
1202 757 1299 817 aber
1315 750 1364 810 in
1380 745 1672 805 schiedigungs
1687 764 1803 824 sahen

778 892 904 952 nucht
934 875 1088 935 geeilet
1117 856 1286 916 berden.
1314 843 1513 903 Sohamen
1526 841 1639 901 gnädigen
1652 844 1737 904 Heren
1753 854 1824 914 auch

774 981 1034 1041 deßmahlen
1062 957 1163 1017 nicht
1192 940 1423 1000 forthfahren
1452 932 1611 992 wollen,
1625 938 1785 998 sondern

794 1076 993 1136 Klägeren
1017 1057 1129 1117 dahin
1155 1037 1354 1097 gebiesen
1391 1024 1453 1084 sie
1490 1021 1541 1081 bo
1565 1023 1752 1083 muglich

788 1176 842 1236 hie
869 1162 1073 1222 entdeben
1102 1144 1183 1204 und
1210 1132 1333 1192 Ihrnesch
1360 1125 1415 1185 den
1442 1121 1538 1181 orth
1552 1123 1646 1183 ihres
1660 1132 1810 1192 auferte

792 1270 908 1330 halts
931 1259 1035 1319 kund
1069 1247 1115 1307 zu
1161 1229 1358 1289 machen,
1392 1217 1451 1277 als
1462 1214 1542 1274 dann
1566 1216 1785 1276 abermahlen

804 1360 984 1420 geschechen
1002 1345 1116 1405 solle
1132 1337 1198 1397 baß
1232 1327 1346 1387 racht
1364 1318 1430 1378 sey
1446 1307 1644 1367 werde.

791 1497 936 1557 Murten
980 1484 1058 1544 und
1091 1463 1447 1523 Nappeeßbeill
1492 1445 1636 1505 Septin
1670 1441 1759 1501 Cns.
1770 1441 1803 1501 Er

813 1588 901 1648 habe
928 1578 1093 1638 Christen
1131 1563 1260 1623 Shueri
1285 1553 1348 1613 von
1373 1540 1528 1600 Kaoer
1566 1530 1630 1590 e
1655 1526 1758 1586 gnädigen
1770 1525 1848 1585 Heen

820 1683 1034 1743 aingelobet
1067 1671 1134 1731 ser
1167 1659 1332 1719 Nanon
1365 1644 1481 1704 stioa
1532 1632 1597 1692 von
1630 1620 1814 1680 Alten¬

800 1789 918 1849 Weill
960 1781 1052 1841 ihme
1093 1766 1385 1826 zugeeignete
1426 1749 1518 1809 vnnd
1544 1741 1612 1801 als
1625 1734 1678 1794 das
1704 1724 1838 1784 seinige

812 1879 1099 1939 anzunemmen,
1142 1866 1257 1926 oemn
1271 1857 1385 1917 gnädigen
1415 1845 1514 1905 Herrn
1528 1835 1615 1895 Ihmne
1644 1821 1773 1881 solches

807 1973 875 2033 als
886 1968 1092 2028 unEhelich
1128 1955 1334 2015 zulekent
1368 1943 1448 2003 und
1482 1934 1586 1994 beide
1619 1924 1689 1984 zus
1711 1914 1826 1974 ger¬

807 2062 969 2122 bohenten
998 2047 1255 2107 abbüesung
1296 2036 1500 2096 gehalten

820 2197 933 2257 Serch
967 2191 1080 2251 Schori
1096 2187 1161 2247 von
1193 2180 1470 2240 Dapfbeill
1502 2165 1599 2225 hatt
1617 2156 1680 2216 nug
1714 2138 1861 2198 anget¬

834 2290 930 2350 hobt
946 2290 1012 2350 die
1028 2290 1158 2350 Cahr:
1190 2284 1403 2344 Wallther
1435 2274 1515 2334 auß
1549 2263 1613 2323 der
1645 2243 1791 2303 Kerchore

815 2378 960 2438 Rohter
992 2377 1023 2437 zu
1055 2375 1249 2435 ehrlichen
1297 2368 1441 2428 Jahero
1457 2355 1602 2415 Mess
1617 2334 1730 2394 Jheno

819 2461 935 2521 helbe
973 2459 1108 2519 sambt
1127 2458 1262 2518 ihren
1302 2456 1397 2516 und
1416 2451 1475 2511 ab
1513 2440 1647 2500 erelic
1666 2410 1860 2470 hebeunden

854 2540 928 2600 und
947 2541 1080 2601 solchen
1119 2545 1233 2605 einen
1270 2543 1631 2603 Ehescheyertilt
1668 2509 1763 2569 Sreot
1819 2467 1896 2527 en

3115 191 3206 251 393

2079 313 2206 373 Sanen
2249 296 2348 356 Cons.
2376 286 2476 346 nhe
2504 280 2575 340 min
2589 276 2702 336 gnädigen
2716 273 2816 333 Herrn
2830 271 2872 331 die
2901 271 2943 331 in
2971 268 3071 328 Ihreg
3099 264 3212 324 bericht

2165 389 2290 449 wider
2321 379 2373 439 den
2403 372 2498 432 allt
2508 368 2602 428 kirch
2633 362 2748 422 Meyer
2799 353 2976 413 Romang,
2998 347 3090 407 Jacob

1879 414 2125 474 geseen

1874 538 1942 598 deh
2012 510 2034 570 a
2082 480 2265 540 shrelt
2313 454 2381 514 und
2403 445 2473 505 er
2518 434 2659 494 hesch
2682 427 2727 487 en
2749 423 2912 483 helten
2957 417 3095 477 bae
3143 412 3214 472 e¬

1894 610 2058 670 netses
2107 565 2270 625 seiet
2319 537 2388 597 und
2414 522 2531 582 habe
2577 503 2789 563 einthel
2812 495 2861 555 zu
2907 488 3240 548 tenbeching

2114 645 2326 705 gezogen,
2345 613 2498 673 habend
2520 599 2576 659 sie
2595 589 2711 649 zbachr
2732 581 2826 641 nich
2847 574 2982 634 sieder
3000 569 3135 629 könen,
3156 568 3212 628 daß

2125 736 2278 796 menche
2310 700 2573 760 Thatlichkeit
2603 678 2681 738 auf
2696 672 2744 732 der
2774 663 2929 723 Ronarg,
2944 656 3007 716 und
3022 653 3067 713 die
3084 649 3255 709 Schmuthen

2129 818 2309 878 herisen
2357 790 2537 850 behlabe
2585 764 2791 824 belachet
2835 746 2971 806 sen
2993 736 3107 796 alse
3133 729 3247 789 ge¬

2133 900 2283 960 naubes
2311 875 2463 935 hande,
2490 859 2558 919 und
2587 849 2710 909 bondel
2751 836 2902 896 Zbrschen
2931 828 3041 888 Ihnen
3054 823 3248 883 geofogen

2086 999 2210 1059 wie
2290 969 2398 1029 en
2416 950 2540 1010 gnädige
2571 934 2666 994 Herdre
2697 923 2792 983 albe
2807 914 2900 974 aler
2933 904 3137 964 verächtige
3168 901 3279 961 serten

2135 1074 2256 1134 genge
2289 1050 2513 1110 Endgang
2547 1031 2617 1091 bey
2651 1017 2838 1077 Ehebruacht
2858 1004 2976 1064 straff
3012 994 3216 1054 Verbetten

2116 1163 2250 1223 daser
2283 1148 2349 1208 sein
2382 1134 2482 1194 Ehrs
2515 1117 2649 1177 froben
2666 1102 2767 1162 umb
2800 1091 2868 1151 aucf
2884 1084 2950 1144 sie
2966 1078 3018 1138 zie
3034 1070 3267 1130 Moiglacros

2142 1244 2228 1304 und
2265 1230 2368 1290 Mehl
2405 1212 2563 1272 urthel.
2580 1200 2634 1260 er
2651 1192 2738 1252 Erb
2774 1182 2826 1242 zu
2861 1171 3001 1231 bestig
3020 1164 3055 1224 zu
3089 1156 3267 1216 ersferen¬

2154 1319 2359 1379 hierdurch
2392 1287 2708 1347 benachrichtiget
2739 1263 2819 1323 und
2850 1252 2977 1312 muthe
3010 1237 3231 1297 angesenen

2127 1415 2292 1475 stede
2333 1393 2417 1453 sich
2458 1373 2644 1433 friftihe
2664 1359 2707 1419 in
2728 1344 2954 1404 bergheicher
2974 1328 3120 1388 begeden
3142 1318 3288 1378 heiten

2159 1497 2238 1557 bey
2277 1480 2397 1540 Ihren
2417 1467 2478 1527 Her
2537 1442 2778 1502 angbeaen
2797 1423 2898 1483 umnb
2937 1401 3256 1461 handtzeichung

2170 1568 2501 1628 anzumellden.

2148 1685 2292 1745 Körch
2327 1671 2400 1731 und
2436 1650 2688 1710 Bugspreg
2723 1627 2867 1687 Septin
2884 1611 3066 1671 Weiller
3083 1603 3154 1663 l
3192 1600 3298 1660 zuen

1923 1721 2006 1781 Puran
2030 1712 2100 1772 Ulli

2172 1780 2234 1840 von
2267 1768 2425 1828 Korich,
2458 1749 2600 1809 belchem
2649 1731 2729 1791 knn
2775 1714 2902 1774 Wäber
2935 1701 2997 1761 von
3030 1688 3283 1748 Bugisperg

1922 1803 1994 1863 Veber
2015 1794 2098 1854 Ana

2140 1883 2239 1943 She
2287 1869 2362 1929 ud
2386 1844 2682 1904 zugengent,
2706 1814 2853 1874 deser
2904 1782 3197 1842 aegfrnt
3224 1763 3323 1823 sed

2175 1974 2242 2034 de
2305 1960 2341 2020 e
2439 1942 2471 2002 e
2502 1931 2569 1991 e
2636 1905 2833 1965 he
3192 1838 3326 1898 hen

2176 2058 2224 2118 a
2299 2044 2374 2104 ae
2446 2024 2545 2084 et
2596 2009 2620 2069 n
2794 1979 2842 2039 ih
2917 1941 3265 2001 endesesen

2179 2142 2252 2202 der
2298 2129 2418 2189 Rrih
2490 2109 2540 2169 er
2586 2089 2709 2149 ether
2732 2063 2901 2123 telide
2924 2039 3047 2099 ihen

2199 2237 2290 2297 ae
2442 2204 2595 2264 ehe
2686 2177 2715 2237 e
2806 2156 2868 2216 e
2959 2132 3112 2192 e
3203 2111 3327 2171 ede

1942 2221 1954 2281 I
2012 2225 2092 2285 Anna

2200 2325 2264 2385 e
2333 2307 2433 2367 e
2498 2287 2566 2347 e
2635 2261 2768 2321 e
3102 2200 3134 2260 e
3235 2182 3336 2242 en

2206 2402 2303 2462 de
2397 2374 2623 2434 e
2721 2327 2947 2387 ehe
3076 2283 3174 2343 ed
3240 2261 3338 2321 ses

2187 2493 2299 2553 bei
2469 2461 2582 2521 se
2639 2441 2694 2501 e
2779 2406 3062 2466 sente
3147 2368 3205 2428 ec
3262 2351 3348 2411 und
