4032 3024
770 303 1071 363 verhoffender
1101 283 1202 343 ihrer
1230 275 1461 335 besatung
1489 286 1604 346 sechs
1618 307 1747 367 momal

465 298 631 358 3fl.

777 404 894 464 lang
927 387 994 447 für
1027 374 1179 434 arbeich
1196 367 1247 427 im
1280 364 1347 424 die
1380 369 1600 429 Schinstuben
1616 397 1785 457 gesehet

774 494 916 554 werden
943 471 1099 531 solle.
1142 449 1325 509 Welcheß
1368 443 1396 503 zu
1453 452 1665 512 bebilligen
1693 482 1750 542 seyn

779 585 979 645 Mehgere
1025 559 1149 619 erdure
1164 550 1194 610 e
1227 537 1442 597 fundtlich
1457 539 1612 599 ersucht
1627 557 1766 617 bedind

810 782 909 842 Hanß
960 763 1110 823 Hürtzel
1147 750 1209 810 von
1235 739 1471 799 Bleichenboch
1484 737 1572 797 undt
1584 741 1697 801 Vrene
1709 752 1821 812 Sigenist

462 820 595 880 hürtel
622 802 700 862 Hauß

821 871 900 931 elche
939 857 1032 917 wegen
1045 846 1125 906 that
1140 839 1218 899 mit
1233 829 1418 889 Einander
1431 821 1604 881 erzeüget
1630 824 1751 884 Kinder

468 906 614 966 Sgenißt
647 883 760 943 Moron

806 958 883 1018 fur
920 947 972 1007 die
1012 933 1166 993 sehige
1191 917 1422 977 erhaltung
1447 909 1782 969 daßelbseittig,

792 1043 842 1103 zun
858 1039 909 1099 Ihr
941 1034 1008 1094 Hl.
1024 1013 1359 1073 Obekubtman
1391 987 1610 1047 gelisen.

802 1215 856 1275 ß
898 1207 954 1267 dem
995 1199 1064 1259 All
1119 1187 1242 1247 halb
1269 1177 1338 1237 von
1365 1167 1530 1227 Ehiglen
1613 1156 1695 1216 lider
1709 1152 1778 1212 seie

493 1251 589 1311 Galb
613 1239 710 1299 Ulli.

830 1300 995 1360 Gestaus
1026 1288 1146 1348 Anna
1191 1275 1313 1335 Görf
1357 1266 1386 1326 so
1401 1261 1462 1321 sich
1492 1251 1567 1311 mit
1582 1243 1673 1303 Ull.
1688 1232 1793 1292 Geber

509 1330 629 1390 Brörs
640 1318 747 1378 Anna

820 1389 898 1449 son
924 1379 1159 1439 Langnante
1172 1369 1212 1429 in
1265 1355 1447 1415 Ehrbudh
1486 1327 1721 1387 vertrebet,
1735 1303 1799 1363 die

1597 1414 1649 1474 ad
1662 1396 1791 1456 fonm:

505 1407 637 1467 Feber
660 1391 731 1451 Ulli

783 1465 1195 1525 schedigigerthelt
1213 1453 1231 1513 b

865 1653 970 1713 Wir
987 1643 1123 1703 Rihte
1138 1636 1213 1696 etc.
1228 1626 1425 1686 demnach
1455 1613 1577 1673 Eescher
1592 1602 1758 1662 efändes

512 1673 682 1733 Marzuor
694 1666 813 1726 Melhg

505 1757 693 1817 Pfeünder
718 1746 817 1806 Gsbes
830 1740 906 1800 von
943 1733 1069 1793 allhie
1107 1727 1181 1787 Sor
1206 1722 1282 1782 Unß
1332 1716 1394 1776 der
1446 1708 1508 1768 Ehe
1533 1695 1746 1755 halbange

832 1829 974 1889 Wahre
1018 1820 1218 1880 Mattlyß
1274 1799 1504 1859 Marsuard
1532 1780 1618 1840 Einen
1632 1762 1805 1822 fräuden

810 1917 976 1977 Eheine
999 1904 1169 1964 besele
1215 1897 1287 1957 ven
1336 1886 1503 1946 gsole
1552 1872 1601 1932 de
1647 1852 1791 1912 prich

815 2008 871 2068 der
904 2003 983 2063 Ehe,
1006 1992 1298 2052 vershechung
1333 1974 1535 2034 geständig
1569 1951 1704 2011 gelegen
1728 1930 1795 1990 und

807 2090 863 2150 Sie
891 2087 1077 2147 nachtert
1121 2082 1205 2142 Gen
1250 2075 1348 2135 Ihrer
1377 2058 1620 2118 Ehrausfroch
1634 2022 1864 2082 abgestendtn,

810 2177 1033 2237 Verlegen
1052 2175 1102 2235 Es
1119 2172 1291 2232 habendt,
1327 2162 1429 2222 Wis
1446 2148 1618 2208 solsane
1637 2116 1843 2176 Ehwesher

818 2265 1058 2325 aufgehobn
1076 2261 1170 2321 undt
1189 2258 1319 2318 beide
1337 2254 1374 2314 in
1413 2243 1562 2303 Sorige
1598 2217 1765 2277 Eeyscheit

842 2354 1047 2414 gesetzet:
1084 2351 1148 2411 zu
1188 2344 1470 2404 Urkundt:

820 2452 907 2512 N.
920 2452 982 2512 wib
1019 2452 1058 2512 sie
1070 2454 1144 2514 Ihne
1170 2456 1232 2516 daß
1269 2458 1482 2518 beyschlaffe
1519 2444 1707 2504 beklaget,
1732 2422 1769 2482 Er

847 2516 905 2576 abe
925 2518 1024 2578 salbe
1065 2528 1184 2588 benen
1223 2537 1284 2597 so
1323 2539 1364 2599 l
1383 2541 1422 2601 s
1463 2527 1701 2587 lsafe
1801 2451 1862 2511 en

1891 848 1910 908 M

1890 1079 1988 1139 hetes
2005 1059 2036 1119 e
2053 1049 2151 1109 faren

1936 1130 2040 1190 Audl

1903 1220 1950 1280 der
1967 1201 2092 1261 ehsth

1929 1684 2018 1744 Weikl
2040 1672 2129 1732 daniel

1918 1763 1987 1823 Amnan
2012 1752 2158 1812 Barbart

1939 2345 2048 2405 Vberge
2074 2357 2158 2417 Elßt

2007 2407 2067 2467 bet

1945 2462 2033 2522 Hel
2048 2475 2179 2535 lesbrg

3130 201 3211 261 395

2094 325 2246 385 gerichtet
2260 308 2322 368 fur
2335 291 2552 351 abburßung
2577 280 2703 340 gehalten
2717 278 2818 338 weden,
2831 278 2907 338 undt
2920 278 3009 338 weilen
3021 280 3059 340 Er
3073 283 3251 343 ansangbe¬

2084 429 2182 489 plich
2215 411 2259 471 die
2281 402 2324 462 Ehe
2347 382 2576 442 versphechung
2610 364 2773 424 verneinet,
2785 359 2959 419 wachterts
2982 359 3046 419 aber
3069 360 3123 420 sich
3134 363 3234 423 über¬

2093 509 2204 569 liesen
2228 485 2377 545 laßen,
2415 464 2550 524 hiemit
2562 455 2612 515 die
2624 446 2797 506 ohnwerhet
2823 438 2883 498 Mos
2909 435 2958 495 den
2984 433 3119 493 Richter

2116 590 2262 650 gesaget
2296 566 2409 626 undt
2425 553 2539 613 seyn
2555 540 2768 600 versprochen
2784 533 2848 593 als
2866 528 2945 588 olle
2963 523 3011 583 ehr
3043 518 3093 578 zu

2109 693 2199 753 sol
2214 666 2397 726 bedieder
2427 644 2564 704 straff
2594 635 2626 695 1n
2656 629 2716 689 tag
2731 620 2930 680 hinunder
2945 603 3097 663 gesehet

2119 788 2135 848 s
2184 768 2251 828 dem
2284 746 2400 806 legen
2417 730 2500 790 send
2517 722 2584 782 shr
2600 709 2766 769 beloben
2784 699 2833 759 dan
2866 692 2933 752 11.
2949 683 3066 743 Sub.
3082 671 3182 731 soll

2109 850 2432 910 serehtiet
2481 805 2655 865 disih
2704 786 2831 846 len

2165 1029 2189 1089 H
2288 997 2462 1057 edin
2511 969 2685 1029 hanil
2733 943 2932 1003 eitzie
2980 911 3178 971 Sehant

2149 1101 2234 1161 und
2254 1086 2360 1146 zum
2401 1059 2655 1119 Reichmahl
2697 1032 2802 1092 aebe
2846 1016 2907 1076 daß
2951 1002 3015 1062 er
3036 984 3206 1044 sein¬

2161 1170 2418 1230 sehe
2449 1141 2546 1201 ber
2577 1131 2608 1191 e
2639 1115 2834 1175 scheh
2896 1091 2994 1151 un
3025 1065 3220 1125 ere¬

2124 1279 2198 1339 ser
2221 1259 2319 1319 erb
2392 1233 2490 1293 aet
2563 1209 2687 1269 en
2785 1188 2832 1248 d
2932 1170 3029 1230 lit
3077 1154 3127 1214 he
3177 1139 3251 1199 er

2140 1350 2232 1410 salh
2280 1331 2348 1391 de
2374 1315 2488 1375 este
2514 1300 2559 1360 ih
2631 1280 2745 1340 ern
2816 1258 2933 1318 eis
3001 1240 3050 1300 ad
3095 1226 3261 1286 besen

2165 1407 2482 1467 sehen
2600 1361 2680 1421 ch
2798 1336 3002 1396 echen

2149 1573 2350 1633 Micken
2386 1548 2532 1608 boroacs,
2552 1529 2661 1589 undt
2679 1506 2898 1566 Mönsigs
2916 1487 3008 1547 kehr
3043 1477 3079 1537 zu
3117 1465 3301 1525 befenden

2188 1658 2317 1718 gung
2353 1642 2408 1702 daß
2464 1617 2705 1677 Conitonils
2741 1593 2852 1653 hande
2870 1584 2906 1644 hd
2945 1568 3129 1628 flische,
3165 1552 3276 1612 dank

2204 1737 2338 1797 Wihl
2371 1718 2455 1778 von
2488 1700 2638 1760 Murtz
2654 1683 2771 1743 undt
2787 1668 2939 1728 Borben
2972 1649 3122 1709 bmnan

2147 1841 2205 1901 ve
2268 1813 2418 1873 hehg
2451 1785 2634 1845 ehe
2664 1766 2722 1826 he
2814 1742 2997 1802 ften
3059 1713 3243 1773 ben

2162 1921 2398 1981 nerpeti
2488 1888 2546 1948 ie
2575 1875 2637 1935 d
2666 1862 2753 1922 hr
2843 1833 2992 1893 iten
3021 1804 3260 1864 elesten

2161 2016 2260 2076 und
2335 1993 2434 2053 seh
2458 1980 2509 2040 d
2557 1961 2680 2021 sehe
2755 1934 2854 1994 aich
2881 1920 2953 1980 de
2980 1908 3028 1968 e
3079 1887 3253 1947 egen

2180 2101 2278 2161 het
2376 2079 2412 2139 e
2443 2061 2577 2121 e
2711 2014 2876 2074 e
2938 1988 3005 2048 de
3104 1968 3139 2028 e
3170 1958 3273 2018 hen

2157 2182 2396 2242 Gheichte.

2207 2311 2388 2371 aellen
2441 2288 2491 2348 Me
2750 2222 3034 2282 ahlebate
3087 2185 3296 2245 Sege¬

2213 2392 2320 2452 vele
2401 2375 2562 2435 eteh
2643 2340 2804 2400 ebege
2885 2308 2937 2368 e
2966 2285 3127 2345 hafe
3179 2258 3289 2318 ede¬

2230 2467 2514 2527 bereften
2601 2436 2716 2496 ele
2800 2409 2916 2469 e
2999 2382 3059 2442 en
3143 2341 3346 2401 elen
