4032 3024
459 304 630 364 396f.

498 1050 659 1110 169.

500 1941 611 2001 hug,
641 1926 785 1986 Merker

554 2343 713 2403 Gutter
728 2346 800 2406 steh

764 345 975 405 Verdächtig
1003 330 1188 390 bezogendet
1214 325 1386 385 füngesetzt
1400 330 1532 390 worden,
1545 338 1611 398 alß
1637 355 1783 415 habenden

739 458 813 518 Mn
842 447 931 507 ide
946 437 1080 497 eret,
1095 428 1169 488 daß
1198 424 1258 484 die
1287 421 1450 481 fastern
1494 427 1763 487 zuempfahung

762 542 808 602 20
845 537 892 597 die
916 530 1034 590 lester
1071 522 1177 582 aber
1201 517 1237 577 4o
1260 514 1403 574 strichen
1438 512 1475 572 in
1498 514 1558 574 den
1581 518 1796 578 Schlingsichl¬

758 625 916 685 gesehet
930 615 1030 675 werden
1044 607 1174 667 sollen,
1188 599 1332 659 Vesten
1374 596 1546 656 Math.
1574 604 1834 664 Scptahlwater

781 718 806 778 zu
845 709 1009 769 behöriget
1048 691 1327 751 Executions-
1340 674 1671 734 Veranstaltung
1683 679 1799 739 hiemit

784 789 1032 849 nachrichtlich
1074 772 1335 832 verständiget
1362 747 1529 807 werden.

775 965 932 1025 hatte
965 952 1027 1012 bey
1060 940 1170 1000 Shärg
1201 929 1296 989 doff
1327 920 1422 980 undt
1453 913 1659 973 Gügischen
1692 914 1772 974 ep¬

789 1075 894 1135 Ihnen
928 1060 1079 1120 obliges
1113 1041 1335 1101 verdeüter
1392 1027 1473 1087 mit
1496 1020 1659 1080 anhang
1693 1018 1763 1078 daß

788 1164 866 1224 Ihnn
905 1153 956 1213 die
982 1143 1110 1203 statt
1137 1125 1356 1185 verbotten
1369 1115 1446 1175 seyn
1511 1108 1549 1168 su
1601 1102 1651 1162 dem
1678 1099 1781 1159 Endt

790 1240 859 1300 Sie
872 1231 941 1291 Ihne
983 1223 1092 1283 durch
1105 1217 1161 1277 die
1189 1210 1409 1270 Pfroflosen
1450 1193 1685 1253 zugeführt

799 1317 942 1377 werdindt
977 1300 1222 1360 mitgesinnen
1264 1293 1315 1353 Sie
1348 1288 1424 1348 fur
1450 1281 1560 1341 arbeit
1577 1267 1754 1327 anhalten

811 1399 885 1459 undt
897 1390 983 1450 auff
1007 1379 1180 1439 Sirachten
1192 1369 1328 1429 laßen,
1352 1354 1635 1414 sonderheitlich
1647 1334 1734 1394 auff

805 1481 859 1541 die
891 1474 999 1534 byeter
1041 1465 1181 1525 sonsten
1193 1455 1322 1515 selbige
1376 1447 1408 1507 in
1440 1440 1494 1500 der
1516 1425 1698 1485 genendt

804 1565 1045 1625 Ruchstheg
1063 1546 1267 1606 sestischen
1285 1532 1415 1592 weden
1451 1510 1673 1570 zugesichet
1709 1481 1804 1541 ndn

799 1675 948 1735 Nnn
974 1666 1024 1726 die
1062 1656 1263 1716 Ootzenberge
1325 1644 1437 1704 Einen
1463 1634 1601 1694 Ehrlich
1639 1621 1752 1681 dienst

812 1753 902 1813 beych
940 1747 1057 1807 werden,
1069 1741 1159 1801 solle
1185 1737 1210 1797 Er
1249 1730 1327 1790 Ihra
1352 1725 1404 1785 die
1442 1713 1686 1773 Stettoffen
1699 1702 1829 1762 stehen.

808 1891 892 1951 Mit
917 1888 1013 1948 obiqus
1025 1886 1087 1946 ist
1099 1883 1185 1943 auch
1221 1875 1404 1935 fingesetzt
1416 1864 1538 1924 weder
1562 1849 1708 1909 Modle

826 1982 907 2042 zug
955 1980 1025 2040 von
1048 1978 1189 2038 Konz
1237 1971 1425 2031 Römische
1436 1959 1613 2019 sabholv.
1625 1938 1778 1998 Religion

816 2076 890 2136 der
933 2072 993 2132 ist
1023 2065 1347 2125 hingeschrepfft
1376 2054 1509 2114 worden,
1523 2045 1597 2105 sich
1612 2024 1804 2084 hitfort

826 2164 1058 2224 zuzfaben,
1072 2160 1189 2220 undt
1217 2158 1276 2218 die
1304 2154 1435 2214 Statt
1463 2146 1550 2206 nit
1566 2133 1681 2193 mehr
1711 2104 1857 2164 zube¬

816 2235 1046 2295 tretten.

840 2352 927 2412 Ist
955 2347 1013 2407 der
1028 2347 1114 2407 Ers
1143 2347 1316 2407 Kuften
1359 2345 1417 2405 bey
1431 2335 1691 2395 sommination
1720 2304 1792 2364 des

839 2426 1134 2486 gefangschafft
1147 2429 1250 2489 straff
1288 2426 1481 2486 verbetten
1507 2413 1623 2473 worden
1648 2394 1726 2454 für

865 2501 981 2561 schlnn
995 2502 1113 2562 eihug
1155 2506 1330 2566 zuhalten
1360 2505 1476 2565 undt
1505 2475 1825 2535 freubteggebe

861 2576 1136 2636 zubeherbegen.

3120 201 3203 261 39.

3151 224 3252 284 .

2063 339 2191 399 Tit:

2098 432 2262 492 Shreit
2278 419 2329 479 den
2345 414 2410 474 28.
2426 405 2609 465 Augusti
2625 397 2773 457 fridag
2789 393 2889 453 Jahrs
2905 389 3004 449 hatt
3021 386 3069 446 sic
3085 383 3236 443 hauß¬

2107 515 2218 575 Lgger
2240 500 2318 560 Ston
2383 484 2539 544 Frauts
2550 475 2716 535 kraumen
2749 469 2849 529 durch
2870 464 3070 524 Einkammen
3092 457 3215 517 scheiden

1899 550 2060 610 sepbes

2119 596 2214 656 Won
2246 576 2357 636 alleda
2419 562 2484 622 bey
2531 553 2626 613 Macht
2691 548 2738 608 deß
2802 543 2833 603 io
2865 540 2911 600 bey
2960 528 3134 588 vorgecht

1953 608 2059 668 sant

2129 658 2440 718 Ihreklge
2462 634 2639 694 bsßen,
2661 626 2751 686 daß
2773 621 2841 681 de
2863 616 2950 676 abe
2974 610 3018 670 zu
3062 599 3217 659 bedes

1888 707 2019 767 sehe

2112 759 2252 819 Ambt
2290 728 2507 788 Conrtelori
2533 706 2826 766 vermittlest
2851 695 2979 755 harte
3018 682 3249 742 Vrofahr¬

1909 777 1934 837 s

2114 844 2209 904 uß
2259 808 2498 868 gehbungn
2514 785 2690 845 worden,
2706 775 2803 835 Eun
2851 766 2948 826 übel
2963 754 3203 814 brichtenste

2134 920 2292 980 Witer
2327 892 2485 952 Persohn
2519 878 2556 938 zu
2591 864 2784 924 Ehrlichen
2820 848 2961 908 velhe
2978 831 3223 891 alleßchaht

2118 1009 2239 1069 midt
2259 992 2320 1052 zu
2340 972 2545 1032 senhlung,
2564 953 2646 1013 daß
2685 944 2727 1004 er
2747 934 2909 994 geleregh
2949 915 3131 975 shaben
3173 897 3235 957 ve¬

2119 1105 2165 1165 he
2236 1072 2424 1132 ednant
2472 1048 2517 1108 hu
2566 1032 2705 1092 kreut
2731 1015 2896 1075 keunen
2919 1000 3035 1060 und
3058 990 3106 1050 Er
3129 981 3223 1041 lag

2088 1192 2179 1252 der
2329 1159 2362 1219 e
2420 1141 2511 1201 en
2603 1118 2665 1178 er
2756 1101 2785 1161 h
2847 1081 3030 1141 gehe
3121 1058 3275 1118 eieh

2119 1281 2171 1341 se
2226 1256 2307 1316 dis
2359 1230 2496 1290 e
2522 1204 2711 1264 itie
2766 1181 2900 1241 ede
2981 1164 3036 1224 es
3062 1146 3281 1206 haben

2123 1351 2269 1411 heub
2320 1306 2639 1366 gutbfeinden
2663 1287 2687 1347 d
2785 1274 2836 1334 s
2934 1253 3131 1313 beschen

2139 1449 2204 1509 te
2250 1412 2494 1472 begeselt
2559 1387 2581 1447 n
2627 1374 2759 1434 enbig
2803 1361 2824 1421 u
2870 1353 2957 1413 fir
2981 1338 3114 1398 bese
3136 1324 3204 1384 he¬

2143 1522 2293 1582 sau,
2335 1501 2420 1561 und
2441 1489 2507 1549 der
2528 1475 2700 1535 Ratei
2721 1454 2937 1514 enreben,
2958 1434 3130 1494 damit
3172 1415 3260 1475 de¬

2129 1619 2154 1679 G
2232 1603 2363 1663 ehte
2442 1584 2492 1644 e
2545 1572 2595 1632 e
2648 1560 2702 1620 e
2780 1537 2933 1597 eichte
2986 1516 3065 1576 en
3090 1493 3275 1553 besen

2139 1684 2556 1744 gersehelten
2627 1640 2797 1700 enen
3043 1587 3219 1647 en

2150 1796 2225 1856 der
2325 1770 2398 1830 ac
2425 1744 2649 1804 ieschen
2673 1719 2797 1779 habe
2924 1693 2997 1753 e.
3048 1675 3324 1735 dantort¬

2144 1870 2358 1930 Sscheiben
2401 1843 2488 1903 Son
2531 1829 2576 1889 h
2618 1807 2812 1867 beschfe
2833 1786 2941 1846 Ven
2984 1767 3114 1827 bosl.
3135 1754 3222 1814 Men

2150 1961 2222 2021 10
2294 1944 2340 2004 b
2363 1926 2556 1986 sjushen
2602 1900 2697 1960 egn
2746 1883 2795 1943 o
2841 1864 2985 1924 hrand
3057 1832 3270 1892 grinte

2153 2038 2319 2098 Man
2366 2010 2581 2070 Cnshann
2628 1966 2937 2026 Schlteibens
2960 1940 3010 2000 in
3056 1923 3199 1983 treil

2163 2112 2436 2172 Veengen
2484 2072 2757 2132 prilatan
2808 2043 2883 2103 san
2907 2031 2958 2091 bs
3006 2013 3132 2073 uber
3156 1990 3307 2050 ken

2171 2199 2369 2259 beng
2455 2169 2597 2229 ehh
2653 2140 2823 2200 uese
2909 2115 2937 2175 n
2992 2095 3162 2155 en
3221 2074 3336 2134 ae

2169 2288 2303 2348 sae
2390 2263 2458 2323 ber
2502 2249 2570 2309 Er
2614 2219 2903 2279 Sittechtir
2925 2194 2993 2254 th
3015 2178 3170 2238 feste,
3217 2159 3304 2219 und

2195 2365 2310 2425 hehs
2358 2333 2707 2393 Schenckebange
2755 2297 2963 2357 Nachiker
3011 2273 3104 2333 nun
3126 2255 3289 2315 begen

2188 2452 2400 2512 beschsch
2469 2425 2564 2485 ehe
2587 2409 2730 2469 ene
2776 2394 2799 2454 e
2870 2382 2893 2442 s
2939 2372 2988 2432 de
3034 2361 3057 2421 e
3082 2343 3269 2403 benen
