4032 3024
463 304 586 364 3988

759 386 963 446 schrifften
1024 374 1087 434 bey
1119 366 1213 426 Ihre
1228 359 1462 419 sorculiren
1493 363 1634 423 laßen
1666 376 1712 436 die
1727 388 1790 448 ven

758 472 918 532 Seithen
949 465 1013 525 deß
1077 452 1236 512 Vagers
1268 443 1476 503 geführte
1507 444 1618 504 klag
1651 454 1761 514 gegen

774 559 954 619 dieselben
999 541 1236 601 gehalten,
1247 530 1360 590 undt
1382 527 1440 587 der
1462 527 1564 587 sache
1597 534 1722 594 gestalt
1744 548 1789 608 ann

769 648 871 708 wohl
911 639 1128 699 behertiget
1180 624 1348 684 habend
1400 614 1567 674 dieselben
1592 613 1632 673 ein
1657 616 1774 676 wutig¬

766 734 1050 794 befunden,
1078 719 1163 779 daß
1206 709 1263 769 der
1291 698 1433 758 Ogger
1447 691 1519 751 sich
1533 691 1589 751 diß
1631 694 1774 754 Bolhen

769 820 1024 880 überklaget,
1035 808 1136 868 undt
1158 797 1270 857 seiner
1303 781 1459 841 Landte
1494 769 1683 829 Oberbeit
1716 768 1760 828 die

763 908 915 968 verheit
940 895 1079 955 vorhat
1105 879 1243 939 halten
1282 856 1522 916 zurmahlen
1548 841 1624 901 auß
1661 836 1725 896 den

794 989 921 1049 Actis
949 979 1048 1039 undt
1076 966 1219 1026 factio
1261 953 1332 1013 der
1360 938 1586 998 Procedecr
1614 921 1771 981 gnug¬

781 1066 1076 1126 Vamberhälet,
1102 1051 1166 1111 daß
1204 1043 1269 1103 der
1294 1032 1423 1092 Ggger
1449 1024 1486 1084 zu
1538 1014 1654 1074 dieser
1666 1005 1796 1065 heüw¬

806 1151 973 1211 rethmit
998 1141 1166 1201 forirt,
1179 1129 1333 1189 sondern
1358 1117 1410 1177 die
1435 1095 1756 1155 Schaltebranckt

797 1231 1033 1291 Freywillig
1057 1211 1388 1271 geheütrathet,
1411 1187 1531 1247 undt
1554 1173 1695 1233 selbige
1720 1163 1790 1223 auch

803 1317 1081 1377 sollicitirt,
1096 1297 1287 1357 oblahle
1316 1279 1492 1339 deselbe
1550 1261 1639 1321 zuum
1668 1247 1755 1307 thel

783 1399 900 1459 wegen
932 1395 997 1455 von
1028 1387 1156 1447 sathen
1220 1375 1285 1435 der
1327 1349 1690 1409 Schallterbrant
1713 1324 1808 1384 ge¬

827 1484 990 1544 klagter
1004 1465 1404 1525 schwangerschafft,
1418 1445 1449 1505 so
1478 1436 1567 1496 aber
1581 1426 1641 1486 sich
1670 1411 1805 1471 nah¬

790 1577 931 1637 sirtt
948 1572 1019 1632 mit
1036 1562 1283 1622 erfunden
1319 1534 1566 1594 eingführt
1602 1501 1744 1561 woerten
1761 1481 1815 1541 .

830 1661 895 1721 auf
927 1655 1075 1715 entlich
1093 1646 1206 1706 sindt
1222 1637 1337 1697 Ihme
1372 1625 1420 1685 die
1453 1607 1633 1667 halbige
1667 1578 1748 1638 theil

815 1743 950 1803 Köste
977 1727 1234 1787 nachgelaßen
1260 1706 1476 1766 worden.
1504 1681 1653 1741 Wann
1666 1662 1746 1722 nun

811 1823 983 1883 brnet
1016 1811 1093 1871 Mech
1188 1799 1221 1859 ab
1252 1793 1316 1853 dem
1363 1772 1584 1832 Einkommen
1599 1742 1789 1802 schiften

807 1907 902 1967 sch
925 1888 1354 1948 guthlichebeibet
1377 1862 1591 1922 besucen
1617 1828 1832 1888 alsale¬

818 1990 1001 2050 loßende
1045 1975 1213 2035 M.
1228 1965 1334 2025 Pros.
1349 1949 1592 2009 Disposition
1637 1919 1758 1979 weiben

844 2072 902 2132 der
920 2066 1055 2126 hoher
1074 2060 1150 2120 sich
1169 2048 1417 2108 übeklaget
1436 2028 1552 2088 sine
1589 2003 1742 2063 hohen

819 2156 957 2216 Landts
985 2148 1153 2208 Ooberbeit
1194 2139 1250 2199 die
1277 2129 1445 2189 warheit
1472 2112 1543 2172 nit
1570 2085 1765 2145 zergeben

831 2230 904 2290 wie
932 2225 1166 2285 derselbige
1194 2210 1427 2270 dißwahl
1457 2178 1703 2238 anzusehen
1732 2145 1776 2205 da

835 2301 986 2361 übrige
1026 2296 1136 2356 man
1165 2291 1233 2351 mit
1262 2284 1386 2344 finden
1399 2272 1537 2332 kane,
1564 2256 1620 2316 wie
1647 2234 1771 2294 dieser

840 2375 882 2435 so
912 2366 1144 2426 feylillige
1187 2363 1376 2423 hieteth
1405 2358 1463 2418 bey
1492 2351 1536 2411 so
1564 2337 1665 2397 blay
1695 2298 1841 2358 umb¬

854 2447 998 2507 ständen
1013 2447 1243 2507 auffsuheben
1257 2446 1387 2506 wäre.
1432 2437 1489 2497 Iß
1546 2424 1590 2484 die
1619 2409 1676 2469 Ein
1690 2381 1820 2441 koner

845 2518 976 2578 schrift
989 2518 1069 2578 sindt
1097 2519 1190 2579 Mugh
1242 2514 1574 2574 zurubgeschickt
1600 2476 1760 2536 werden.

1904 538 2106 598 geeht

1897 640 2130 700 selen

3126 212 3138 272 3
3185 212 3246 272 l.

2120 347 2237 407 fit.

2157 460 2329 520 venderm
2368 442 2433 502 23.
2461 432 2579 492 Febrl.
2605 425 2725 485 hesthin
2751 420 2871 480 uden
2884 418 2990 478 gnädigen
3003 418 3110 478 Herern
3123 418 3162 478 daß

2146 546 2302 606 beren
2330 520 2570 580 Chorgeichts
2614 505 2697 565 von
2711 500 2811 560 Herrn
2825 494 3081 554 Ambtemann
3123 489 3165 549 zu

2127 640 2277 700 Gaeberg
2304 608 2496 668 berichtet,
2523 591 2659 651 welcher
2672 581 2864 641 gestalten
2877 574 3067 634 Susanna
3094 568 3217 628 Kister

2106 734 2213 794 Von
2257 707 2364 767 allda
2408 690 2470 750 der
2500 678 2591 738 Ehr-
2621 669 2727 729 undt
2742 657 3031 717 schwärgerung
3061 649 3167 709 halb

2117 807 2309 867 Beklagt
2324 786 2414 846 habe
2473 753 2889 813 Matthyßhoffel.
2904 735 2979 795 Ein
3023 725 3203 785 Schiff¬

2099 896 2315 956 geecht
2336 867 2424 927 Sten
2446 841 2750 901 Kklenhenauth
2795 818 2968 878 danat
2990 803 3142 863 halten

2128 976 2274 1036 hent
2348 949 2375 1009 n
2520 927 2594 987 al
2645 918 2716 978 e
2766 908 2864 968 eben
2986 889 3060 949 nt
3084 875 3185 935 der

2123 1052 2319 1112 geißt,
2360 1018 2576 1078 Indißen
2595 1001 2715 1061 aber
2734 991 2873 1051 demch
2931 974 3228 1034 deubetmann

2125 1119 2477 1179 aufgewegen
2517 1077 2768 1137 zeachte
2808 1055 3077 1115 Verchiftehn,
3100 1042 3181 1102 der

2157 1228 2215 1288 her
2256 1201 2434 1261 Rrich
2473 1179 2514 1239 e
2552 1167 2632 1227 her
2692 1156 2712 1216 r
2750 1134 3209 1194 Vaierselgmnakenden

2157 1299 2376 1359 Podligen
2395 1265 2672 1325 hudigung
2732 1233 2970 1293 Rruiside
3009 1210 3167 1270 rechte

2106 1404 2247 1464 Sen
2302 1349 2785 1409 begerelege
2926 1306 2981 1366 es
3040 1295 3122 1355 us
3150 1283 3295 1343 nt

2166 1460 2395 1520 kommenden
2433 1434 2567 1494 scheich
2604 1414 2795 1474 zursehe
2813 1398 2929 1458 hatzn
2948 1382 3120 1442 berdenn
3157 1360 3255 1420 Me¬

2133 1551 2173 1611 n
2269 1540 2283 1600 M
2337 1530 2446 1590 Hre
2475 1521 2515 1581 or
2542 1512 2638 1572 eiber
2665 1501 2774 1561 dieser
2830 1477 3144 1537 Matrimonal

2148 1628 2274 1688 undt
2307 1609 2559 1669 Convistoral
2592 1590 2671 1650 sach
2687 1581 2766 1641 Ihre
2797 1562 3035 1622 Eetschreit
3051 1538 3241 1598 zugeben

2151 1706 2374 1766 zumahlen
2388 1678 2716 1738 Klingnant,
2730 1661 2762 1721 so
2791 1656 2851 1716 sich
2880 1647 2939 1707 by
2955 1642 2999 1702 der
3029 1629 3222 1689 Religion

2166 1797 2234 1857 sich
2275 1777 2511 1837 befundet,
2538 1757 2622 1817 von
2649 1748 2718 1808 der
2761 1728 3022 1788 Pecriborition
3079 1710 3161 1770 der

2164 1867 2525 1927 Shaffschafft
2543 1836 2677 1896 boden
2752 1808 2981 1868 abhaupet
3000 1792 3094 1852 und
3133 1784 3246 1844 nicht

2150 1962 2325 2022 hrisig
2368 1935 2609 1995 Eitanale
2652 1913 2718 1973 ern
2739 1903 2806 1963 hl.
2827 1890 2960 1950 Landt
2981 1875 3111 1935 teßen
3135 1861 3311 1921 alderen

2163 2051 2208 2111 in
2254 2019 2606 2079 Conpistoralibus
2621 1991 2759 2051 etwas
2774 1978 2867 2038 auff
2882 1965 3066 2025 zutragen,
3081 1953 3142 2013 als
3174 1943 3295 2003 habent

2181 2122 2338 2182 brucht
2369 2109 2385 2169 M
2433 2102 2464 2162 H
2560 2077 2813 2137 aetigerachteh
2844 2058 2954 2118 diese
2970 2045 3081 2105 Sarum
3159 2027 3254 2087 Regl

2153 2211 2338 2271 Bricten
2383 2188 2570 2248 bliedign
2593 2160 2848 2220 Verdung,
2871 2132 3058 2192 Moten
3081 2114 3314 2174 solsten
