4032 3024
455 309 543 369 100
558 298 617 358 f.

489 526 602 586 Iste
634 503 747 563 dallit

761 339 862 399 Tit.

792 464 876 524 Eine
912 454 1104 514 Ehrbark.
1128 445 1165 505 zu
1200 439 1320 499 Esch.
1357 435 1441 495 hat
1453 435 1525 495 sich
1549 444 1788 504 schonfendige

777 557 853 617 Jahr
879 553 892 613 (
917 548 982 608 wie
1007 539 1110 599 Ergl.
1135 519 1546 579 hieomittkomendt
1558 524 1711 584 ersehen

788 638 940 698 ferden)
965 628 1067 688 über
1092 619 1169 679 daß
1233 607 1385 667 davit
1423 601 1589 661 Istlers
1614 604 1679 664 deß

768 724 939 784 Eesthos
976 711 1048 771 Ihre
1074 696 1355 756 angehörigen
1429 682 1552 742 Eineß
1588 680 1747 740 herumb

774 811 948 871 Vagitet
979 798 1061 858 ohne
1103 779 1380 839 Copulation
1431 763 1524 823 mit
1544 755 1678 815 Einer

785 889 1053 949 shrifen
1107 861 1346 921 Gehurte
1400 844 1506 904 Sih
1560 830 1723 890 bader

798 977 1057 1037 Erschwäret,
1081 958 1143 1018 daa
1216 947 1241 1007 ie
1278 937 1462 997 egeHrren
1475 929 1525 989 deß
1561 925 1623 985 Ws
1635 925 1759 985 chatte,
1771 926 1820 986 den

813 1073 873 1133 H.
899 1063 1058 1123 Costhlan
1082 1049 1120 1109 zu
1169 1028 1428 1088 Eeutingen
1452 1012 1661 1072 ansimen
1673 1015 1784 1075 laßen

802 1160 897 1220 wann
908 1150 1061 1210 dieselbe
1098 1134 1216 1194 wede
1274 1110 1500 1170 betretten
1535 1096 1641 1156 lerden
1653 1094 1783 1154 bönnen

804 1241 925 1301 allhor
940 1225 1182 1285 zuhalten,
1212 1208 1318 1268 heut
1350 1196 1454 1256 dato
1486 1186 1546 1246 ist
1577 1177 1788 1237 vidermachte

809 1315 1265 1375 Einaußgeschoffener
1289 1292 1389 1352 von
1463 1276 1598 1336 Esh.
1611 1265 1820 1325 erschinnen

808 1414 917 1474 undt
944 1407 1007 1467 hat
1026 1400 1098 1460 nit
1124 1392 1215 1452 nur
1242 1384 1297 1444 sich
1324 1371 1550 1431 erkläget,
1577 1358 1650 1418 daß
1686 1346 1830 1406 bemelter

798 1501 912 1561 Ptler
949 1490 1090 1550 annoch
1115 1470 1420 1530 ohnsopalirt
1445 1449 1534 1509 mit
1559 1437 1661 1497 seinen
1673 1423 1827 1483 Sehr¬

806 1583 986 1643 tosteiget
1020 1576 1036 1636 b
1085 1563 1267 1623 worden
1331 1535 1530 1595 befinde,
1546 1511 1728 1571 sondern

806 1675 893 1735 aleß
938 1662 1004 1722 der
1026 1651 1158 1711 hente
1200 1635 1399 1695 Vorblch
1444 1618 1508 1678 fir
1553 1590 1818 1650 henichsen

817 1756 1003 1816 gehalten
1038 1744 1138 1804 undt
1173 1734 1257 1794 habe
1292 1724 1359 1784 sich
1375 1714 1478 1774 Ihmen
1494 1686 1817 1746 obelistendten

818 1841 1016 1901 spalin
1034 1833 1194 1893 laßenh
1232 1822 1302 1882 der
1320 1809 1483 1869 Pleyste
1518 1785 1643 1845 Sohns
1663 1756 1859 1816 verlacht

831 1922 905 1982 Ein
937 1914 1223 1974 heimachschein
1252 1889 1553 1949 außgleichen
1629 1847 1809 1907 absehren

841 2005 1103 2065 besorgende,
1140 1992 1225 2052 daß
1279 1980 1384 2040 heut
1402 1967 1490 2027 oder
1524 1945 1681 2005 marns
1717 1921 1769 1981 die

828 2089 1018 2149 gemeindt
1048 2082 1127 2142 midt
1142 2074 1284 2134 solcher
1317 2054 1583 2114 überheuft
1616 2013 1803 2073 ofehlich

828 2171 973 2231 Einden
988 2168 1277 2228 überläsiget
1293 2158 1406 2218 werden
1422 2143 1582 2203 möchte
1614 2115 1743 2175 Mess
1774 2089 1806 2149 n

811 2254 983 2314 demuth
994 2252 1091 2312 umb
1113 2246 1348 2306 gebührende
1403 2221 1715 2281 handtbistung

821 2333 1092 2393 ersuchendes
1136 2331 1265 2391 Won
1279 2326 1365 2386 nun
1409 2312 1582 2372 Wes.
1610 2291 1667 2351 sich
1683 2266 1825 2326 auserte

824 2409 924 2469 Ihre
937 2407 1179 2467 befurgsamme
1209 2406 1394 2466 befinden
1421 2398 1521 2458 über
1550 2387 1606 2447 der
1622 2369 1749 2429 Pstler
1763 2341 1834 2401 und

846 2491 978 2551 deßen
1004 2488 1214 2548 ohnehrlich
1227 2485 1451 2545 erzeügete
1477 2472 1582 2532 Sehe
1623 2443 1767 2503 Kinder

849 2562 1056 2622 zusprechen:
1081 2566 1158 2626 Alß

1909 1107 1996 1167 sates
2009 1087 2071 1147 fie

1985 1143 2090 1203 Mard

1944 1802 2024 1862 Dien
2052 1794 2161 1854 Peter

1947 1890 2063 1950 bischoff
2088 1870 2179 1930 Mad¬

2010 1935 2148 1995 ngreth.

3103 199 3161 259 40
3189 202 3234 262 s.

2259 300 2523 360 Montags
2552 292 2596 352 den
2610 290 2669 350 30.
2683 292 2814 352 Marti
2845 298 2948 358 1733

2449 404 2618 464 Praeses

2204 520 2426 580 Merk.
2443 497 2617 557 Sibuinus
2650 490 2665 550 a
2696 479 3000 539 Mechenen.

2441 595 2689 655 Assessores

2192 750 2406 810 Mesk.
2426 732 2516 792 os.
2533 723 2713 783 Caust.
2748 715 2820 775 Dno
2838 710 3055 770 Schmalz.

2124 980 2364 1040 Pferthen
2397 952 2552 1012 Prlef.
2568 935 2687 995 Aber
2706 922 2894 982 deselben
2927 908 3201 968 eingelangten

2151 1066 2335 1126 Scheiben
2392 1033 2633 1093 betrfent
2671 1016 2726 1076 die
2744 1001 3005 1061 ablusung
3042 986 3135 1046 der

2158 1143 2268 1203 Itre
2287 1123 2475 1183 Mlane
2494 1109 2625 1169 Galis
2643 1098 2717 1158 Str
2754 1085 2997 1145 Gredulenes
3016 1061 3202 1121 lollendte

2144 1229 2317 1289 Welst
2356 1208 2434 1268 den
2453 1197 2532 1257 H.
2551 1189 2627 1249 Raf
2668 1180 2706 1240 in
2725 1169 2920 1229 antbort
2939 1146 3151 1206 verdeitet

2162 1317 2305 1377 aben,
2352 1294 2422 1354 daß
2471 1278 2541 1338 bie
2565 1266 2661 1326 lit
2684 1245 2923 1305 beywerene
2970 1209 3206 1269 beisane

2121 1404 2358 1464 Vonden
2413 1366 2597 1426 etelbe
2649 1348 2704 1408 he
2730 1328 2995 1388 statelch
3047 1301 3128 1361 as
3154 1283 3261 1343 ge¬

2148 1482 2400 1542 gstande.

2175 1687 2332 1747 Thum
2371 1660 2528 1720 Beaulh.
2566 1642 2646 1702 Auß
2704 1625 2803 1685 kiren
2842 1605 3020 1665 bercht
3040 1589 3117 1649 hich
3158 1575 3235 1635 ken

2196 1783 2240 1843 ge
2284 1765 2398 1825 endt
2420 1747 2534 1807 best
2579 1732 2623 1792 ue
2648 1714 2873 1774 zuberliche
2895 1697 2939 1757 se
2987 1689 3009 1749 e
3075 1675 3123 1735 e
3189 1659 3259 1719 en

2199 1849 2397 1909 bericht
2448 1829 2499 1889 e
2523 1819 2598 1879 den
2649 1805 2795 1865 elche
2822 1781 3071 1841 gesalten
3122 1742 3272 1802 ater

2178 1937 2311 1997 Sein
2336 1921 2425 1981 sen
2447 1899 2783 1959 Allmendung,
2805 1877 2873 1937 de
2895 1859 3074 1919 bescher
3120 1829 3231 1889 thun

2163 2025 2364 2085 Soeder
2389 1997 2612 2057 Erbebel
2636 1978 2680 2038 fo
2726 1952 3038 2012 Aitterenung
3063 1924 3131 1984 die
3174 1909 3242 1969 her

2189 2107 2405 2167 bese
2625 2052 2780 2112 ege
2810 2021 3094 2081 heis
3155 1982 3345 2042 esen

2187 2180 2574 2240 Altekeng
2627 2135 2859 2195 oachder
2887 2112 3040 2172 hinche
3068 2085 3328 2145 oenreton

2184 2285 2333 2345 hat
2360 2254 2586 2314 hrbenten
2638 2223 2814 2283 heshen
2863 2199 2966 2259 vten
2991 2175 3192 2235 behe
3243 2147 3320 2207 en

2213 2373 2289 2433 Ver
2317 2350 2498 2410 dinsen
2548 2324 2653 2384 nah
2678 2309 2732 2369 e
2757 2288 2966 2348 bedun,
2992 2258 3172 2318 dernich
3226 2231 3331 2291 er¬

2195 2447 2400 2507 gebendet
2426 2422 2586 2482 lede,
2609 2405 2656 2465 de
2701 2389 2817 2449 aeht
2862 2364 3047 2424 besche
3070 2348 3118 2408 so
3140 2331 3323 2391 belebe
