4032 3024
470 288 593 348 4029

756 389 846 449 Nach
864 371 973 431 fuer
991 361 1154 421 lanigen
1189 364 1535 424 Schuethafften
1553 391 1770 451 Canbfehe

786 463 1000 523 vorhehende
1025 444 1291 504 Copillation
1353 444 1544 504 gesoren
1581 456 1669 516 nige
1695 467 1745 527 de
1783 480 1835 540 sien

767 560 952 620 hede,
979 547 1052 607 daß
1103 539 1176 599 bey
1201 536 1239 596 so
1264 533 1451 593 gestalten
1463 535 1500 595 de
1512 536 1587 596 min
1599 542 1699 602 gnädigen
1711 551 1799 611 Herr

766 652 834 712 Sie
847 648 916 708 alß
956 641 1039 701 Ihre
1066 631 1297 691 tragende
1353 617 1625 677 leiberfaupst
1639 613 1761 673 Ehrlich

784 731 939 791 machen
972 726 1160 786 wollten,
1193 720 1238 780 da
1260 717 1304 777 her
1315 714 1371 774 Mine
1382 711 1470 771 gnädigen
1481 707 1581 767 Herren
1592 706 1647 766 kan
1681 704 1792 764 beden¬

762 820 1092 880 beisgetragen
1175 801 1268 861 Ihre
1319 788 1505 848 hiemit
1536 781 1577 841 zu
1598 777 1783 837 willfahren

802 911 934 971 Eige
953 911 1066 971 dann
1085 902 1200 962 sech,
1219 890 1293 950 daß
1351 875 1446 935 von
1483 863 1636 923 stithen
1654 860 1710 920 deß

782 1008 938 1068 Niems
971 994 1238 1054 Verwandten
1327 972 1461 1032 beine
1494 952 1783 1012 gsatzmeßige

788 1086 1027 1146 Heigerungs
1052 1074 1218 1134 grundt
1243 1061 1314 1121 sich
1362 1046 1530 1106 hervor
1554 1032 1661 1092 thun
1673 1022 1806 1082 wurden

790 1185 928 1245 welchen
943 1175 1066 1235 fahlt
1096 1166 1172 1226 des
1219 1156 1295 1216 H.
1325 1138 1541 1198 Schulthiß
1586 1108 1787 1168 Metter.

794 1280 871 1340 den
903 1262 1089 1322 brichten
1152 1245 1261 1305 undt
1291 1234 1479 1294 Pfarthey
1524 1221 1603 1281 übed
1618 1216 1649 1276 14
1679 1202 1806 1262 tag¬

782 1369 885 1429 Vor
899 1353 1075 1413 dieselben
1089 1340 1220 1400 halten
1235 1330 1440 1390 zulaßen
1470 1312 1863 1372 freundtlichersucht

796 1435 964 1495 lede:

829 1605 1061 1665 udrefin:
1090 1592 1158 1652 Ihr
1200 1579 1448 1639 Eingesendter
1475 1559 1777 1619 berichtscheiben

856 1698 896 1758 abe
917 1694 949 1754 en
959 1690 1052 1750 Mnädigen
1062 1684 1146 1744 Here
1156 1676 1301 1736 refrt
1332 1665 1404 1725 wir
1446 1656 1519 1716 daß
1559 1640 1746 1700 Jusanne

501 1691 637 1751 Angel
666 1688 812 1748 Susane

838 1779 989 1839 Cengel
1018 1771 1093 1831 Sog
1139 1764 1258 1824 undt
1289 1756 1379 1816 Ann
1409 1748 1469 1808 der
1500 1734 1665 1794 Feißt
1680 1715 1755 1775 ihr
1770 1701 1830 1761 zur

505 1774 637 1834 Grard
657 1766 831 1826 Samuel.

810 1866 908 1926 elt
927 1856 1113 1916 gebohrnes
1142 1849 1280 1909 Kindt
1308 1835 1602 1895 zugefignet
1632 1812 1779 1872 Samuel

491 1854 545 1914 4v
577 1841 782 1901 Constelar.

817 1947 949 2007 hirend
976 1938 1084 1998 ihrem
1149 1928 1429 1988 angesorigen,
1444 1915 1564 1975 undt
1577 1906 1616 1966 Er
1631 1888 1790 1948 selbiges

818 2022 915 2082 auch
927 2020 989 2080 alß
1037 2018 1098 2078 das
1122 2016 1268 2076 seinige
1293 2007 1586 2067 angenommen,
1598 1990 1658 2050 sich
1683 1974 1769 2034 auch

802 2107 1107 2167 würblicheet
1148 2104 1427 2164 Erhaltung
1455 2085 1667 2145 deßselben
1680 2054 1855 2114 Vorgslehn,

812 2188 845 2248 or
890 2193 934 2253 ine
945 2195 1036 2255 gnädige
1059 2198 1126 2258 Herr
1183 2198 1216 2258 Er
1261 2194 1351 2254 auch
1384 2183 1542 2243 darbey
1576 2152 1779 2212 bewenden

823 2284 991 2344 laßen,
1006 2288 1127 2348 Ihnen
1144 2287 1432 2347 aufftragende
1509 2261 1646 2321 beyde
1661 2225 1859 2285 nunneho

835 2378 924 2438 nach
958 2378 1029 2438 der
1066 2380 1295 2440 Bedanung
1332 2374 1420 2434 sus
1455 2361 1597 2421 abbue
1614 2337 1720 2397 sein,
1738 2304 1846 2364 salen

853 2454 1093 2514 zulaßen:

3110 188 3261 248 403l.

2089 345 2338 405 Gehingen
2399 320 2548 380 Mofff
2572 314 2747 374 wollindt
2771 313 2859 373 Ihnen
2920 308 3181 368 auffgetragen

2131 438 2276 498 haben,
2302 424 2362 484 der
2388 411 2595 471 Johanneß
2643 399 2838 459 Ruppauß
2876 393 2924 453 der
2974 386 3181 446 Linderthal

2128 527 2212 587 Ihen
2236 507 2456 567 angehörge,
2468 496 2504 556 so
2516 493 2564 553 sich
2588 488 2662 548 mit
2686 483 2808 543 Anna
2844 473 3026 533 Marirch
3062 461 3136 521 Fosch
3172 451 3220 511 von

1900 523 1926 583 1

1898 570 2105 630 seen

2133 619 2248 679 hasel
2278 598 2408 658 ehrlich
2438 584 2598 644 verlobet
2626 576 2713 636 undt
2729 573 2816 633 selbe
2844 558 3135 618 geschwangert

1888 667 1906 727 N

2121 712 2307 772 verehyn
2347 677 2533 737 dermahb
2553 664 2658 724 nach
2678 653 2864 713 erande
2884 639 3072 699 berband,
3093 619 3195 679 umnd

2137 805 2274 865 nachle
2297 771 2482 831 thlich
2527 739 2897 799 husgeselast,

2124 942 2207 1002 st
2233 928 2286 988 e
2343 909 2425 969 de
2478 892 2561 952 e
2618 873 2780 933 egensk
2806 858 2889 918 nt
2919 852 2972 912 de
2999 841 3221 901 bechen

2140 1022 2246 1082 albe
2270 1003 2376 1063 umb
2400 988 2485 1048 euch
2507 966 2725 1026 berbotte
2746 947 2855 1007 wnde
2876 934 2985 994 sell
3006 916 3201 976 mahlert

2142 1107 2272 1167 haut
2296 1086 2384 1146 enr
2427 1065 2560 1125 Eiger
2582 1041 2824 1101 gstndens
2848 1017 3046 1077 eidencht
3067 996 3246 1056 geschet

1949 1081 2071 1141 A.

2175 1181 2263 1241 unß
2305 1165 2393 1225 mit
2421 1151 2509 1211 Ihra
2568 1121 2916 1181 heumbgehogen,
2930 1099 2989 1159 alß
3018 1091 3091 1151 sele
3120 1085 3162 1145 Er
3193 1080 3264 1140 noch

2142 1274 2209 1334 der
2257 1244 2464 1304 bodnuch
2486 1209 2833 1269 findersche
2878 1180 2996 1240 wen

2168 1407 2553 1467 Wldensein
2597 1370 2713 1430 Rrof.
2734 1347 3007 1407 Kunacker
3028 1320 3210 1380 Eebl

2204 1502 2372 1562 Wibes
2396 1474 2587 1534 Sankin
2629 1449 2820 1509 Kechshr
2862 1426 3032 1486 Behtef
3074 1397 3265 1457 Versites

1932 1525 2044 1585 Waher
2055 1513 2135 1573 Elstb

2191 1592 2350 1652 bereng
2428 1565 2457 1625 a
2534 1545 2667 1605 ile
2774 1522 2851 1582 e
2958 1502 3039 1562 hre
3065 1484 3279 1544 sechtn

2188 1677 2301 1737 hebe
2349 1650 2488 1710 elben
2533 1633 2556 1693 e
2601 1624 2624 1684 e
2649 1615 2717 1675 ich
2762 1597 2901 1657 runch
2949 1570 3200 1630 ensfenden

2197 1754 2309 1814 nit
2336 1734 2449 1794 nch
2476 1718 2534 1778 e
2588 1697 2728 1757 etuc
2786 1676 2868 1736 fir
2925 1642 3263 1702 versendten

2187 1835 2372 1895 lenchen
2424 1807 2504 1867 den
2530 1774 2902 1834 Pfengestell
2954 1746 2983 1806 z
3009 1731 3249 1791 laßse.

2207 2002 2405 2062 Gareno
2460 1973 2574 2033 vobe
2602 1957 2689 2017 de
2717 1941 2859 2001 Sene
2914 1916 3084 1976 benteh
3139 1886 3313 1946 eihen

2243 2084 2318 2144 Vs
2342 2072 2390 2132 e
2441 2044 2762 2104 oltgehens
2789 2013 2936 2073 kondt
2960 1993 3059 2053 der
3086 1971 3233 2031 Mote

1951 2083 2077 2143 Gabosu.
2088 2078 2203 2138 Benini

2194 2183 2305 2243 vert
2448 2152 2475 2212 e
2529 2132 2644 2192 led
2698 2095 2925 2155 sehe
2979 2058 3121 2118 obe
3206 2028 3291 2088 en

1945 2162 2051 2222 Barties
2074 2157 2180 2217 Piere

2205 2244 2449 2304 venach
2638 2194 2772 2254 ete
2853 2168 2909 2228 e
2990 2136 3232 2196 esesiht
3261 2118 3343 2178 s

2207 2331 2288 2391 be
2343 2304 2637 2364 begeng
2692 2258 2935 2318 ehelend
3016 2221 3097 2281 e
3123 2201 3288 2261 ehen

2221 2395 2511 2455 usthetig
2534 2365 2704 2425 haben
2730 2337 2874 2397 selbe
2900 2314 2997 2374 vir
3020 2297 3093 2357 das
3140 2277 3310 2337 Kincht

2217 2492 2250 2552 1
2487 2458 2589 2518 e
2793 2412 2895 2472 es
3030 2380 3063 2440 h
3132 2353 3304 2413 hen

2240 2558 2494 2618 zulaßen.
