4032 3024
488 293 598 353 1046

463 482 633 542 Conilliat
659 462 777 522 Aallen.

659 512 772 572 gne.

460 586 624 646 Warnery
654 571 721 631 Jean

576 638 698 698 Pierre

507 1483 544 1543 de
570 1468 766 1528 Martignis

534 1550 655 1610 Jeane
678 1542 815 1602 Susare

504 1625 672 1685 Samblan
707 1616 803 1676 Alber

782 379 998 439 Morsel:
1023 362 1224 422 Catherine
1263 356 1479 416 Cornilliat
1504 361 1566 421 Sten
1593 370 1707 430 Rreüls
1719 385 1806 445 haben

803 467 978 527 Mengdge
999 450 1218 510 Hrortragen
1251 439 1383 499 Laßen
1470 437 1536 497 wie
1557 441 1623 501 daß
1667 449 1710 509 Sie
1721 455 1754 515 in

803 558 859 618 dem
916 549 1007 609 mit
1029 540 1120 600 Hean
1165 529 1302 589 Dierre
1347 520 1551 580 Warnery
1585 527 1755 587 habenden

779 631 1079 691 Pllatrimonal
1140 609 1366 669 Arschafft
1391 603 1428 663 in
1465 602 1553 662 eine
1590 607 1789 667 keitleistige

773 717 953 777 Procedict
975 702 1234 762 verfüehrt
1258 690 1381 750 werden
1403 686 1516 746 wolle
1540 686 1595 746 etc.
1606 689 1787 749 derolegen

774 799 932 859 Mehgen
946 794 1039 854 Heren
1052 787 1263 847 aufftragen
1276 778 1437 838 wollen,
1450 775 1555 835 selbe
1582 773 1609 833 so
1635 773 1835 833 geschwandt¬

793 889 900 949 undt
936 876 1257 936 buetzenglich
1294 867 1329 927 zu
1383 862 1669 922 Wollführen,
1678 859 1776 919 undt

774 978 874 1038 Acht
901 972 963 1032 tag
988 966 1089 1026 nach
1114 958 1405 1018 Iristrnirtes
1442 949 1645 1009 Procedud
1657 946 1745 1006 mit

796 1061 1153 1121 allharschibung
1191 1045 1400 1105 derselben
1438 1035 1647 1095 Pfarthey,
1673 1025 1810 1085 hachalten

809 1159 1063 1219 zulaße.

772 1357 1035 1417 Lausanne.
1063 1347 1120 1407 Es
1148 1344 1214 1404 seye
1252 1337 1496 1397 litermahlen
1515 1330 1544 1390 vo
1563 1326 1610 1386 Mine
1619 1322 1695 1382 gnädigen
1704 1316 1788 1376 Herrn

830 1444 991 1504 rschinne
1037 1436 1118 1496 H.
1129 1428 1315 1488 Advocat
1349 1416 1465 1476 Boive
1500 1410 1535 1470 in
1569 1401 1731 1461 nahmen
1754 1393 1811 1453 der

832 1531 946 1591 Jeane
976 1520 1130 1580 Susanne
1169 1513 1188 1573 d
1246 1502 1468 1562 Martigni
1515 1486 1612 1546 undt
1641 1475 1738 1535 habe

833 1609 1035 1669 vermeint
1069 1600 1182 1660 durch
1215 1592 1328 1652 Einen
1362 1581 1531 1641 Extract
1566 1568 1633 1628 auß
1677 1554 1768 1614 Ihren

819 1692 1018 1752 Manual
1055 1676 1380 1736 warscheinlich
1417 1653 1654 1713 zumachen,
1667 1633 1728 1693 daß
1766 1620 1815 1680 den

820 1786 968 1846 Albert
994 1780 1209 1840 kamblan
1303 1763 1451 1823 wolchen
1464 1750 1532 1810 sie
1560 1739 1625 1799 der
1640 1718 1814 1778 heundt

821 1868 1121 1928 schwängerung
1154 1859 1253 1919 halb
1309 1843 1553 1903 beklaget,
1564 1826 1609 1886 in
1642 1809 1774 1869 Londel

819 1957 887 2017 tin
929 1953 1025 2013 bett
1067 1946 1342 2006 persöhnlich
1369 1927 1563 1987 bezogen
1603 1902 1700 1962 nädiher
1714 1878 1840 1938 Hern

817 2044 970 2104 habent
1000 2037 1093 2097 aber
1108 2033 1233 2093 solches
1248 2027 1308 2087 mit
1324 2020 1431 2080 finde
1479 2003 1632 2063 können
1679 1967 1847 2027 kunafe

828 2135 898 2195 der
916 2127 1021 2187 drift
1055 2122 1091 2182 o
1109 2119 1162 2179 der
1197 2113 1409 2173 Pamblan
1443 2094 1602 2154 geschutz
1636 2057 1795 2117 wahlet

819 2216 912 2276 von
945 2211 1023 2271 dem
1072 2205 1291 2265 Secretanio
1325 2195 1529 2255 deselben
1544 2171 1686 2231 Muter
1702 2129 1862 2189 anbei¬

824 2296 1026 2356 frauet
1043 2290 1160 2350 undt
1176 2288 1261 2348 von
1277 2282 1479 2342 deselben
1495 2262 1664 2322 Verlohen
1681 2227 1815 2287 worden

845 2367 1021 2427 diemahl
1046 2366 1085 2426 in
1098 2366 1249 2426 vorschin
1274 2364 1401 2424 kommen
1426 2351 1616 2411 wenigers
1641 2323 1718 2383 von
1743 2301 1780 2361 der

844 2447 1009 2507 Mutte
1025 2450 1286 2510 bekenfftiget
1304 2455 1451 2515 worde.
1483 2439 1715 2499 Derobegese
1731 2394 1845 2454 haben

836 2539 1006 2599 Neher
1020 2539 1062 2599 er
1076 2540 1260 2600 lediglich
1290 2542 1346 2602 bey
1388 2538 1460 2598 dero
1488 2520 1744 2580 Erkantnuß

1939 1156 2107 1216 etriger

1963 1220 2128 1280 Rbsh.

1957 2098 2046 2158 hle
2061 2093 2180 2153 Johaus

1958 2178 2036 2238 Jinge
2061 2179 2164 2239 Catri.

2002 2443 2110 2503 ob13.

3109 205 3191 265 404

2100 326 2179 386 Vom
2215 309 2282 369 9te
2306 294 2443 354 Marti
2477 282 2603 342 besthin
2626 278 2786 338 belenden
2820 278 2946 338 laßen,
2957 280 3060 340 dahin
3094 280 3141 340 daß
3186 280 3233 340 Sie

2112 392 2362 452 Gehmandtin
2399 369 2537 429 Londel
2574 365 2725 425 brorderen
2738 367 2851 427 solle,
2863 368 2912 428 der
2937 369 3013 429 Ihme
3050 367 3200 427 Paublan

2146 488 2206 548 die
2230 464 2469 524 Persöhnliche
2504 451 2672 511 Citation
2719 448 2851 508 anlegen
2863 448 2947 508 thue
2982 445 3078 505 undt
3089 442 3173 502 Ihme

2139 565 2356 625 bedeüte,
2368 545 2441 605 daß
2488 534 2585 594 wann
2597 530 2634 590 so
2658 527 2766 587 nicht
2790 526 2971 586 erschein
2996 523 3152 583 darauff

2147 664 2192 724 die
2228 630 2620 690 Conturmagerfolgen
2632 612 2747 672 würde
2805 606 2886 666 und
2909 603 2968 663 des
2979 601 3036 661 Men
3047 599 3140 659 gnädigen
3152 596 3234 656 Herr

2097 679 2125 739 d

2130 746 2240 806 Eien
2264 721 2569 781 Auttentischen
2593 699 2716 759 Actum
2778 688 2813 748 zu
2863 680 2948 740 dero
2972 670 3119 730 fruerr

2133 825 2410 885 fredung
2433 785 2735 845 Worelesel

2130 1020 2317 1080 Hagfete
2358 996 2421 1056 Hey
2461 972 2712 1032 Rugderst.
2732 945 2940 1005 Eelstbsh
2980 922 3167 982 hebegre

2166 1117 2255 1177 Ihe
2289 1089 2558 1149 angehönge
2592 1066 2699 1126 habe
2735 1056 2824 1116 Vor
2859 1045 3019 1105 Machs,
3036 1033 3108 1093 des
3127 1022 3288 1082 hweigen

2148 1204 2271 1264 sureg
2291 1187 2393 1247 halb
2413 1167 2640 1227 beklaget,
2660 1149 2743 1209 Ein
2783 1125 3090 1185 Mechtunste,
3110 1100 3192 1160 der

2153 1300 2216 1360 be
2236 1288 2298 1348 sch
2361 1262 2608 1322 Thrmanin
2648 1231 2875 1291 Hollandt,
2898 1207 3063 1267 dieste
3083 1188 3188 1248 sch¬

2189 1371 2403 1431 gendt,
2429 1345 2592 1405 desen
2618 1326 2754 1386 ahe
2806 1310 2887 1370 abe
2943 1297 3024 1357 Ihe
3050 1278 3294 1338 belbech¬

2185 1460 2282 1520 undt
2301 1444 2455 1504 hracht
2474 1429 2553 1489 tag
2591 1416 2669 1476 Ver
2688 1399 2902 1459 lichtrnß
2961 1379 2999 1439 zu
3037 1361 3270 1421 Verlenbug

2170 1544 2393 1604 bhafe
2451 1516 2563 1576 abe
2647 1484 2871 1544 elen
2956 1442 3268 1502 egeschen

2160 1624 2461 1684 nistetig
2509 1597 2585 1657 hab
2637 1575 2838 1635 welend,
2862 1558 2938 1618 se
2962 1547 3014 1607 hr
3063 1523 3263 1583 etsore

2192 1721 2347 1781 wegen
2398 1693 2582 1753 alen
2607 1675 2683 1735 he
2712 1656 2893 1716 nebe
2997 1629 3099 1689 nach
3127 1617 3229 1677 der

2177 1800 2435 1860 vordenuticg
2453 1769 2693 1829 Caminn,
2712 1748 2804 1808 und
2841 1735 2916 1795 Me
2934 1725 3008 1785 he
3101 1712 3120 1772 r
3138 1701 3324 1761 grist¬

2201 1897 2291 1957 lach
2338 1876 2523 1936 ustag
2545 1847 2729 1907 bechte
2751 1815 3005 1875 zelbsen

2210 2048 2331 2108 sich
2355 2035 2405 2095 en
2452 2024 2476 2084 S
2526 2012 2600 2072 en
2623 1990 2842 2050 beygebest
2889 1966 2963 2026 ud
3037 1948 3111 2008 eh
3158 1932 3306 1992 eht¬

2209 2135 2269 2195 bin
2310 2124 2393 2184 daß
2414 2113 2477 2173 de
2517 2092 2702 2152 Jobenß
2742 2068 2846 2128 ele
2887 2041 3114 2101 olchensatez
3134 2017 3322 2077 besager

2191 2217 2380 2277 Vikend
2428 2185 2665 2245 eseget
2714 2155 2834 2215 ihet
2856 2138 2951 2198 nhe
2976 2112 3191 2172 alebeten

2220 2295 2413 2355 befinden
2453 2272 2589 2332 Wordt
2628 2250 2824 2310 Erbent.

2211 2434 2421 2494 Gteb.
2441 2418 2505 2478 Sie
2526 2408 2610 2468 auf
2631 2398 2692 2458 de
2715 2387 2776 2447 13.
2799 2368 3009 2428 Jehenech
3030 2332 3280 2392 lbieffeise

2215 2515 2415 2575 horhalte
2446 2498 2477 2558 zu
2493 2484 2663 2544 lasten.
