4032 3024
456 299 543 359 400
572 298 632 358 f.

759 363 979 423 Leanns
997 346 1088 406 und
1106 333 1290 393 Moser
1308 326 1437 386 Sep.
1455 330 1564 390 Weil
1584 351 1766 411 ohngacht

768 448 1000 508 zugelegtes
1020 434 1210 494 Citation
1264 423 1369 483 weder
1390 421 1454 481 der
1475 422 1549 482 Joan
1592 431 1749 491 grancig

456 510 584 570 Handin
613 493 762 553 franios.

806 541 929 601 andin
1000 529 1079 589 noch
1106 522 1159 582 die
1194 509 1406 569 Risabeth
1441 500 1556 560 viret
1592 500 1661 560 von

468 590 570 650 Viret
591 572 756 632 Aisabelh

781 640 929 700 Sillord
953 623 1114 683 Tibielin
1164 606 1238 666 Nos
1263 597 1337 657 Mn
1361 591 1399 651 HH
1485 584 1534 644 nit
1546 583 1720 643 erscheinen

469 677 621 737 Dabons
640 656 782 716 franiors

781 739 857 799 als
883 724 986 784 olen
1036 709 1074 769 e
1126 695 1293 755 errn
1318 686 1394 746 shee
1433 685 1740 745 auffgetragen

1312 730 1373 790 auff
1389 728 1420 788 den
1435 727 1466 787 2)
1482 727 1520 787 diß

1257 737 1268 797 1

481 750 593 810 Caend
634 731 748 791 lam.

794 823 899 883 haben
946 805 1051 865 selbe
1087 783 1345 843 fürderlich,
1370 771 1452 831 oder
1487 769 1569 829 aber
1581 775 1792 835 wigenden

779 918 895 978 fahlt
928 889 1208 949 gorsamblich
1241 859 1440 919 harhaltz
1473 848 1507 908 zu
1540 844 1688 904 lasen

802 1009 840 1069 an
892 990 1136 1050 Lausanne
1175 969 1292 1029 allei
1342 958 1407 1018 da
1446 948 1638 1008 Inbeßten
1653 944 1795 1004 Mehs¬

696 1021 783 1081 1.

795 1095 859 1155 don
875 1083 973 1143 Seam
1005 1065 1169 1125 Canena,
1185 1047 1315 1107 dahin
1347 1029 1543 1089 veselt,
1559 1018 1639 1078 daß
1673 1013 1721 1073 Er

795 1179 874 1239 dem
925 1160 1108 1220 francvis
1148 1138 1332 1198 Duborf
1370 1125 1397 1185 5
1423 1120 1462 1180 lb
1502 1110 1645 1170 Köster
1672 1098 1830 1158 entriphten

803 1262 880 1322 sih
929 1237 1183 1297 bistelhen
1235 1215 1336 1275 undt
1364 1204 1465 1264 ioh
1514 1192 1566 1252 si
1619 1171 1849 1231 epelalos

798 1343 952 1403 stroff
968 1327 1071 1387 wr
1157 1309 1279 1369 eine
1313 1295 1432 1355 gute
1466 1276 1638 1336 fretnt
1655 1259 1741 1319 für

798 1438 897 1498 dar
916 1417 1153 1477 künftige
1191 1392 1389 1452 hinnder
1428 1372 1527 1432 für
1546 1358 1626 1418 zit
1645 1339 1782 1399 seinde

815 1517 957 1577 gethe
980 1502 1102 1562 ede
1149 1488 1195 1548 ie
1221 1479 1268 1539 de
1291 1465 1413 1525 fichs
1436 1437 1651 1497 befunden
1698 1402 1820 1462 sen

802 1609 1049 1669 seese
1114 1563 1487 1623 eintend
1551 1507 1803 1567 biton

810 1815 923 1875 Thum
964 1809 1063 1869 bons.
1077 1807 1119 1867 et
1162 1800 1470 1860 hinterlachen
1527 1778 1681 1838 praf.
1695 1757 1780 1817 Eher

825 1898 880 1958 und
935 1898 962 1958 so
1046 1898 1060 1958 n
1101 1898 1185 1958 ndige
1199 1896 1310 1956 Herrn
1324 1891 1406 1951 über
1434 1886 1490 1946 das
1518 1868 1809 1928 Matrimonier
1836 1838 1891 1898 von

504 1943 570 2003 Ar
635 1936 778 1996 Pfeter

504 2038 652 2098 beshft
692 2006 1046 2066 Magnhschafft
1067 1986 1215 2046 füischer
1252 1977 1310 2037 den
1347 1965 1590 2025 Vrestorben
1609 1943 1759 2003 Peter

835 2086 917 2146 Sien
987 2080 1054 2140 von
1083 2070 1399 2130 Allmendingen
1428 2052 1525 2112 undt
1565 2027 1771 2087 Margreth

827 2167 978 2227 bischof
1017 2161 1094 2221 don
1131 2153 1417 2213 Lautekenn,
1435 2135 1589 2195 solaut
1607 2102 1835 2162 perbisen

820 2262 907 2322 sih
970 2253 1015 2313 b
1057 2248 1123 2308 ib
1144 2245 1255 2305 ahe
1277 2241 1343 2301 ich
1385 2229 1580 2289 hanger
1604 2188 1799 2248 bfundet

839 2351 1070 2411 absthahen
1114 2347 1218 2407 lle
1262 2340 1409 2400 habend
1536 2319 1557 2379 s
1619 2273 1897 2333 disefefen

847 2447 1056 2507 Vershbe
1078 2443 1265 2503 bstach
1290 2439 1358 2499 der
1383 2426 1570 2486 beshaft
1615 2396 1708 2456 nde
1730 2351 1920 2411 beshen

933 2535 993 2595 den
1012 2541 1247 2601 Vrstant,
1266 2540 1346 2600 daß
1384 2535 1444 2595 Sie
1463 2525 1562 2585 alß
1600 2499 1699 2559 feie
1718 2457 1855 2517 büne

864 2608 1125 2668 vrkindeten
1144 2619 1266 2679 undt
1285 2618 1568 2678 Eelberlobten
1587 2594 1668 2654 mit
1707 2565 1787 2625 oll

859 2676 1120 2736 Examinirt
1136 2688 1253 2748 werde
1368 2688 1448 2748 übr
1466 2681 1531 2741 der
1547 2648 1861 2708 aufeshehenn

1332 2743 1539 2803 Opposition
1570 2734 1658 2794 hiel

1961 586 2148 646 p.

1882 656 1895 716 1

1939 1843 2174 1903 Wibldanen

1941 1924 2013 1984 Amman
2031 1924 2167 1984 Barbara

3160 225 3315 285 409l.

2125 340 2358 400 Phurnen.
2385 324 2440 384 Es
2481 317 2563 377 habe
2590 316 2796 376 Endtlichen
2838 319 3001 379 Anthori
3043 324 3179 384 däppen
3206 328 3275 388 Von

2138 425 2334 485 Pigispeg
2361 414 2404 474 vs
2431 403 2670 463 angehöriges
2697 398 2781 458 Wor
2808 397 2963 457 Much.
2990 397 3185 457 angelebt,
3215 401 3283 461 das

2163 513 2244 573 sin
2299 499 2380 559 von
2448 487 2638 547 Elstbeth
2667 481 2776 541 Meyer
2816 477 2925 537 Einer
2939 471 3128 531 frömbden

2158 582 2392 642 zugelignete
2445 569 2602 629 Kindt
2615 567 2694 627 alß
2747 566 2798 626 das
2824 564 2942 624 selige
2968 551 3257 611 anzunemen.

2104 703 2185 763 da
2238 685 2254 745 o
2281 675 2361 735 nien
2375 667 2471 727 Herre
2511 660 2580 720 en
2607 657 2730 717 solcher
2743 655 2824 715 auch
2851 653 2920 713 alß
2960 644 3206 704 ohnhetlich¬

2141 780 2413 840 zubekennet,
2443 758 2515 818 der
2543 746 2787 806 meinung,
2801 741 2873 801 daß
2917 736 2973 796 Er
3003 734 3059 794 Ihm
3117 730 3189 790 die

2154 874 2198 934 in
2232 860 2308 920 der
2342 843 2552 903 Ordnung
2585 832 2784 892 bestimbt
2840 828 2861 888 3
2894 825 2939 885 R.
2961 819 3127 879 Ammlohn

2145 947 2342 1007 bezohlen,
2374 933 2435 993 Sie
2467 926 2560 986 aber
2601 919 2684 979 das
2706 912 2850 972 Kindt
2882 905 2943 965 Ein
2975 899 3068 959 Jahr
3089 890 3182 950 lang

2157 1031 2350 1091 erhalten
2366 1012 2500 1072 solte,
2529 997 2709 1057 daßen
2724 989 2797 1049 Sie
2843 981 3021 1041 hiemit
3036 973 3277 1033 nachricht¬

2151 1125 2254 1185 glich
2298 1099 2621 1159 verständiget
2650 1072 2872 1132 verdenk.

2161 1244 2212 1304 Vß
2239 1234 2330 1294 nach
2356 1223 2459 1283 Einem
2499 1207 2616 1267 Jahes
2643 1196 2734 1256 frest
2759 1185 2876 1245 sollen
2890 1179 2941 1239 sich
2981 1166 3267 1226 vorstehenden

2159 1329 2416 1389 Pfartheyn
2464 1302 2736 1362 windebstelben
2768 1285 2849 1345 und
2881 1276 2944 1336 alß
2978 1268 3088 1328 denn
3104 1259 3201 1319 soll

2161 1432 2252 1492 weyn
2280 1421 2332 1481 der
2358 1410 2491 1470 Meyer
2532 1393 2742 1453 Capulsion
2809 1376 2890 1436 die
2916 1363 3154 1423 gebührende

2159 1513 2353 1573 Aandung
2389 1495 2608 1555 beschehen:
2620 1484 2692 1544 1.
2717 1477 2753 1537 Er
2765 1472 2838 1532 soll
2862 1464 2935 1524 nach
2958 1458 3008 1518 der
3020 1448 3225 1508 Kindtbett,
3249 1436 3275 1496 Er
3286 1432 3360 1492 aber

2697 1538 2770 1598 nach
2796 1530 2846 1590 der
2858 1517 3043 1577 Müsrung
3055 1497 3266 1557 abbürste.

2161 1686 2387 1746 Pissen
2421 1665 2542 1725 Con.
2558 1656 2611 1716 et
2628 1648 2801 1708 Min
2958 1630 3028 1690 e
3061 1622 3148 1682 ne
3165 1616 3288 1676 Herr

2183 1777 2388 1837 Wollendt
2415 1762 2504 1822 Ihne
2530 1747 2827 1807 auffgetragen
2853 1734 2982 1794 haben
3045 1724 3111 1784 der
3136 1718 3278 1778 daniel

2207 1855 2336 1915 Weibel
2361 1850 2439 1910 Son
2466 1842 2633 1902 Mupten,
2661 1831 2777 1891 undt
2802 1817 2971 1877 barbore
2996 1804 3127 1864 Ammen
3140 1795 3230 1855 von

2194 1938 2526 1998 herzogenbuchste
2553 1917 2637 1977 nach
2665 1909 2733 1969 dero
2776 1899 2928 1959 befelchen
2942 1891 3010 1951 vom
3053 1884 3094 1944 26
3135 1873 3288 1933 Marti

2183 2048 2355 2108 besche
2374 2034 2432 2094 lin
2470 2014 2719 2074 prisations,
2738 1996 2853 2056 fydt
2872 1979 3062 2039 verrein,
3081 1966 3177 2026 und
3214 1954 3311 2014 Sen

2219 2140 2290 2200 heit
2324 2129 2411 2189 über
2428 2117 2534 2177 acht
2551 2106 2621 2166 tag
2638 2091 2865 2151 mitallen
2882 2073 3022 2133 ntige
3039 2061 3160 2121 berist
3196 2048 3317 2108 olice

2198 2244 2302 2304 Ihre
2319 2221 2576 2281 Inefagen
2612 2195 2749 2255 Eyden
2783 2175 2973 2235 eotentir
2990 2161 3077 2221 alßs
3093 2147 3267 2207 habeden

2195 2331 2440 2391 funddert
2467 2302 2698 2362 verhabten
2725 2283 2767 2343 zu
2794 2272 2983 2332 laßen.
