4032 3024
480 288 548 348 110
576 280 633 340 f.

768 371 943 431 Grorina
992 355 1185 415 MeHen
1217 346 1378 406 albendt
1410 347 1506 407 veren
1539 367 1795 427 uindermahren

781 454 1057 514 aufgetragen
1089 439 1212 499 haben
1290 430 1351 490 die
1381 431 1567 491 Benine
1599 454 1782 514 Cambsen

465 478 652 538 Lstenbohrn
664 461 746 521 Rein

804 562 876 622 uf
896 556 950 616 den
988 551 1042 611 27.
1059 545 1133 605 diß
1189 540 1263 600 vor
1281 536 1444 596 Mehhen
1482 541 1628 601 Cetio,
1648 558 1811 618 liegene

480 563 639 623 Barher
652 548 731 608 Piem

785 662 912 722 fahls
951 650 1039 710 aber
1064 634 1396 694 qvarsamblich
1433 629 1586 689 allher
1598 637 1726 697 halten

786 749 1023 809 Gelaßen.

771 869 855 929 NB.
878 864 950 924 den
974 858 1046 918 H.
1057 852 1201 912 Cellies
1213 847 1297 907 alß
1345 844 1392 904 daß
1417 844 1476 904 H.
1501 844 1657 904 Barbies
1692 850 1813 910 Kau¬

767 955 913 1015 virten
935 948 986 1008 ist
1029 944 1081 1004 der
1113 937 1332 997 Lamboseu
1363 934 1542 994 antwort
1574 940 1794 1000 Communiirt

809 1043 898 1103 undt
920 1034 1010 1094 Ihme
1033 1027 1246 1087 Intinirt
1268 1025 1425 1085 worden,
1448 1023 1514 1083 den
1549 1021 1616 1081 H.
1638 1018 1761 1078 Barbier

789 1128 1037 1188 zubedeüten,
1061 1119 1132 1179 daß
1179 1116 1215 1176 Er
1238 1115 1298 1175 sich
1333 1112 1427 1172 auff
1464 1105 1747 1165 obbestimbte

787 1214 1030 1274 heithollhir
1067 1201 1310 1261 einfinden.

787 1378 1032 1438 Numplit
1077 1372 1162 1432 und
1221 1365 1380 1425 könt
1437 1356 1509 1416 sep
1568 1348 1611 1408 Er
1639 1342 1755 1402 haben

817 1468 1031 1528 Endtlichen
1065 1464 1087 1524 so
1111 1461 1213 1521 wohl
1246 1456 1337 1516 Hanß
1382 1449 1552 1509 Schryer
1585 1440 1631 1500 ab
1654 1434 1722 1494 dem

513 1490 681 1550 Schweyer
693 1485 810 1545 Hauß¬

733 1584 799 1644 Lna
832 1575 931 1635 Mors
953 1563 1141 1623 kiochhöre
1174 1552 1328 1612 Könitz
1350 1545 1417 1605 alß
1471 1538 1593 1598 Anna
1659 1523 1870 1583 Baulman̄

506 1586 712 1646 Bauloman

776 1668 881 1728 Wan
939 1657 1035 1717 buch
1084 1649 1256 1709 Kirchär
1314 1637 1564 1697 Bümplitz
1613 1621 1699 1681 vor
1718 1608 1844 1668 mass.

784 1752 1031 1812 angelobt,
1055 1743 1277 1803 Einander
1326 1736 1364 1796 zu
1400 1731 1549 1791 Ehrlichen
1573 1724 1683 1784 dahro
1709 1718 1795 1778 Meh

788 1853 853 1913 Sie
879 1850 999 1910 beyde
1040 1843 1132 1903 auch
1158 1839 1251 1899 also
1278 1832 1423 1892 Ehrlich
1464 1807 1822 1867 zusamebekennt

803 1944 840 2004 in
864 1941 939 2001 den
964 1939 1185 1999 Verstandt
1210 1934 1285 1994 daß
1334 1930 1397 1990 Sie
1421 1925 1494 1985 sich
1519 1914 1655 1974 3mahl
1706 1889 1830 1949 Ver¬

809 2035 981 2095 bunden
1029 2033 1164 2093 laßen
1190 2030 1387 2090 sollind.

808 2194 993 2254 Begnin
1032 2194 1071 2254 an
1099 2195 1163 2255 H.
1178 2197 1335 2257 Pforhl.
1361 2194 1533 2254 Tellier,
1560 2182 1745 2242 Nachdem

497 2263 659 2323 Begrin

808 2278 967 2338 MH.e
991 2276 1040 2336 den
1076 2276 1100 2336 in
1138 2276 1357 2336 deßelben
1394 2273 1444 2333 an
1468 2272 1480 2332 1
1529 2265 1615 2325 H.
1639 2246 1822 2306 Straridect

830 2360 1038 2420 dinigirten
1063 2360 1206 2420 schriben
1234 2356 1467 2416 enthalten
1494 2339 1623 2399 Casam
1701 2301 1870 2361 Erdenden

834 2437 892 2497 die
905 2442 1106 2502 schorgichte
1129 2446 1354 2506 Oordnung
1401 2434 1615 2494 dargegen
1638 2400 1804 2460 gehalten

830 2522 999 2582 habenden
1025 2528 1038 2588 M
1078 2533 1170 2593 Hre
1196 2535 1221 2595 n
1234 2536 1352 2596 hlig
1377 2527 1587 2587 befunden,
1612 2508 1678 2568 daß
1730 2474 1847 2534 dieser

3178 224 3263 284 414

2133 357 2187 417 El
2215 340 2295 400 wider
2310 329 2364 389 die
2377 318 2676 378 Ordnungsteitet
2691 317 2771 377 und
2799 321 2934 381 hiemit
2961 322 3029 382 nit
3056 322 3233 382 zuläßig

2130 441 2202 501 sere
2226 431 2274 491 de
2300 424 2360 484 ein
2372 417 2470 477 gnädige
2482 411 2566 471 Hrre
2590 406 2834 466 ferzusenen
2918 406 3088 466 verhalt
3126 407 3260 467 Ver¬

2095 527 2342 587 geständige
2378 506 2521 566 wollen.

2126 721 2231 781 Albe
2261 702 2322 762 das
2337 683 2548 743 beidtsitige
2563 663 2744 723 Erscheinen
2791 652 2851 712 deß
2896 647 3002 707 Jofff
3032 641 3153 701 Taurek,
3183 635 3258 695 undt

2128 798 2217 858 Ina
2242 784 2408 844 bollinge
2433 769 2548 829 welche
2573 759 2638 819 Ihr
2651 751 2752 811 kindt
2779 743 2854 803 Ihme
2880 727 3135 787 zugefignet,
3161 712 3236 772 und

1895 812 1994 872 srnt
2009 792 2058 852 hos

2147 877 2239 937 sele
2288 870 2333 930 an
2379 862 2473 922 alßs
2496 850 2685 910 gehles
2708 832 2894 892 hiebet
2920 815 3037 875 wede
3060 797 3246 857 labete

1913 886 2036 946 llig
2071 852 2126 912 ien

2106 991 2169 1051 Mr
2214 971 2277 1031 .
2322 956 2386 1016 ach
2410 934 2669 994 vrstandes
2690 912 2864 972 gestalt
2885 899 2973 959 ann
2994 878 3277 938 derselbebehn

2159 1061 2223 1121 daß
2269 1047 2317 1107 die
2348 1030 2537 1090 bollinges
2569 1013 2631 1073 das
2664 1003 2789 1063 kandt
2820 992 2883 1052 Ein
2899 984 2993 1044 Jahr
3010 969 3263 1029 Kongechalten

2135 1143 2289 1203 solte.

2192 1292 2246 1352 Ist
2273 1286 2315 1346 die
2342 1274 2506 1334 Aumpe
2535 1256 2671 1316 Gube
2698 1243 2795 1303 legen,
2808 1236 2864 1296 deß
2891 1230 2959 1290 mit
2987 1223 3097 1283 Alber
3138 1218 3275 1278 Laudum

1931 1322 2030 1382 Ruhr
2042 1304 2166 1364 Ryne

2175 1375 2403 1435 begangenen
2462 1347 2648 1407 Ehebucht
2676 1331 2748 1391 zur
2763 1316 3035 1376 abbüestung
3064 1299 3235 1359 gehalten

1924 1407 2017 1467 bande
2046 1385 2155 1445 Mbel.

2167 1460 2342 1520 ont.

2170 1621 2276 1681 vond
2313 1612 2350 1672 de
2367 1602 2475 1662 Catiy
2493 1582 2672 1642 befinges
2690 1559 2904 1619 dirittit

1939 1651 2049 1711 beages
2061 1641 2148 1701 Calt.

2182 1788 2286 1848 Durch
2301 1782 2345 1842 Ein
2361 1778 2405 1838 S.
2434 1770 2495 1830 von
2524 1756 2703 1816 kompten
2732 1736 2868 1796 wurde
2897 1718 3031 1778 MH.
3062 1704 3210 1764 rechtet,
3224 1694 3299 1754 daß

1935 1820 2161 1880 sleher.

2197 1877 2262 1937 Ihr
2278 1865 2426 1925 heinrich
2460 1852 2541 1912 Kehl
2576 1842 2708 1902 ichret
2724 1830 2805 1890 mehr
2839 1821 2888 1881 bey
2904 1811 3003 1871 thue
3036 1786 3216 1846 befinden

1947 1905 1973 1965 sa
2026 1892 2173 1952 Mdra.

2171 1963 2299 2023 senden
2317 1951 2392 2011 sich
2428 1933 2649 1993 veiseliger
2687 1908 2890 1968 Mirnacht
2908 1889 3001 1949 lider
3019 1878 3093 1938 auf
3147 1853 3353 1913 deandte¬

2188 2052 2330 2112 tefft
2354 2028 2496 2088 bete
2519 2011 2615 2071 nd
2665 1999 2735 2059 er
2758 1987 2901 2047 nts
2927 1970 3069 2030 habe,
3093 1955 3165 2015 sas
3189 1940 3285 2000 der

2173 2137 2332 2197 Mana
2352 2116 2451 2176 hohe
2470 2104 2569 2164 soll
2591 2092 2690 2152 auff
2710 2080 2850 2140 deßsen
2869 2068 2968 2128 Celit
3007 2053 3128 2113 ede,
3147 2039 3227 2099 umb
3247 2021 3368 2081 sche¬

2161 2235 2248 2295 der
2265 2222 2423 2282 Schrabs
2440 2206 2477 2266 hu
2511 2183 2739 2243 Conemilos

2724 2258 2769 2318 Vor
2787 2246 2871 2306 Nicg.

2223 2360 2339 2420 Alle
2358 2349 2399 2409 hr
2418 2335 2574 2395 kennen
2593 2310 2808 2370 Praeduens
2846 2280 3040 2340 Streftends
3061 2256 3255 2316 Rialech

1959 2348 2057 2408 Moena
2081 2350 2203 2410 Eisaber

2207 2427 2478 2487 Getand
2530 2400 2603 2460 aer
2652 2378 2878 2438 tiliger
2927 2355 3028 2415 nd
3076 2342 3101 2402 s
3150 2327 3327 2387 hlanen

1958 2419 2107 2479 Rübinger
2133 2411 2192 2471 bea¬

2186 2509 2371 2569 abege
2413 2488 2496 2548 oen
2516 2477 2599 2537 und
2641 2464 2724 2524 len
2744 2448 2929 2508 Cculien,
2952 2430 3012 2490 biß
3055 2410 3240 2470 zuehige

2193 2588 2308 2648 auff
2374 2574 2398 2634 v
2444 2567 2465 2627 e
2511 2559 2556 2619 er
2580 2551 2647 2611 fer
2692 2538 2786 2598 en
