4032 3024
464 288 537 348 412
566 280 625 340 f.

459 463 591 523 beradt
603 447 710 507 Peter

457 545 565 605 Liecht
594 528 741 588 Johanna

451 618 575 678 Simmen
596 597 744 657 Anna.

528 1880 666 1940 Ficke
680 1875 820 1935 Sesann

748 378 851 438 Abe,
868 370 937 430 das
954 365 1024 425 Ein
1040 358 1179 418 leuner
1196 353 1370 413 schreiben
1387 354 1473 414 auß
1507 360 1593 420 gel
1629 371 1681 431 von
1698 389 1837 449 hoen

779 455 937 515 beredt,
949 447 1118 507 dorinn
1156 440 1191 500 Er
1217 439 1252 499 so
1276 436 1361 496 wohl
1386 436 1447 496 die
1471 437 1544 497 von
1568 445 1739 505 Jobanna

767 541 881 601 liecht
902 533 1006 593 undt
1037 522 1172 582 Anna
1213 513 1360 573 Simmer
1391 512 1589 572 geklagte
1620 527 1775 587 sranger

779 616 870 676 bung
893 606 1089 666 vereint
1123 595 1192 655 soll
1215 589 1399 649 foldartet
1433 589 1572 649 werden,
1594 595 1652 655 biß
1687 609 1802 669 mann

775 697 844 757 Sich
856 691 1043 751 ammelden
1068 681 1160 741 vindt
1196 672 1372 732 undeßen
1406 665 1500 725 aber
1535 666 1663 726 solcher
1687 671 1722 731 in

761 783 821 843 Ihm
846 777 928 837 schor
953 765 1168 825 Kichfstag
1216 751 1253 811 zu
1278 743 1422 803 legen:

955 989 1291 1049 Sonstags
1323 977 1390 1037 den
1406 976 1490 1036 16.
1524 973 1691 1033 Aailis
1707 970 1774 1030 i73

1167 1107 1371 1167 Praeses.

831 1272 1062 1332 M.
1094 1257 1210 1317 Salt
1260 1240 1489 1300 Director
1522 1226 1670 1286 seiner

1142 1353 1380 1413 Asessores

821 1484 1012 1544 RH.
1046 1471 1117 1531 Des
1151 1465 1221 1525 .
1238 1457 1413 1517 Caupt.
1447 1449 1500 1509 Dr
1568 1441 1605 1501 on
1639 1430 1777 1490 atater

789 1738 937 1798 Daul
991 1735 1004 1795 e
1019 1734 1033 1794 M
1046 1732 1086 1792 en
1113 1729 1208 1789 nädigen
1221 1725 1316 1785 Herr
1343 1720 1385 1780 yr
1425 1713 1600 1773 Erschunn
1642 1697 1790 1757 Sisamna

832 1820 945 1880 Eeiber
969 1822 1056 1882 Ihre
1082 1817 1281 1877 angehönge
1320 1807 1418 1867 undt
1445 1798 1531 1858 habe
1543 1792 1607 1852 sich
1619 1782 1769 1842 erklagt

819 1912 910 1972 man
938 1912 1030 1972 solle
1056 1910 1111 1970 sie
1137 1907 1322 1967 drunden
1350 1901 1389 1961 by
1416 1896 1522 1956 Ichwr
1535 1884 1681 1944 sambt
1695 1871 1788 1931 Ihre

820 1999 996 2059 bastord
1020 1994 1090 2054 mit
1115 1994 1233 2054 ferner
1256 1994 1433 2054 gedulden
1492 1989 1551 2049 etc.
1563 1982 1704 2042 hierüber
1716 1965 1822 2025 wollict

804 2096 871 2156 Me
884 2092 991 2152 ge
1045 2089 1084 2149 e
1112 2087 1353 2147 aufgetragen
1379 2081 1500 2141 haben
1541 2068 1648 2128 selbe
1674 2051 1755 2111 noch

830 2184 993 2244 ferner,
1007 2180 1097 2240 steh
1143 2180 1201 2240 Ssie
1245 2180 1380 2240 Eunter
1424 2169 1752 2229 Verburgetnh

823 2271 955 2331 finder
991 2269 1098 2329 Ihnen
1135 2270 1171 2330 zu
1207 2272 1410 2332 foleriren.

3175 214 3266 274 413

2096 391 2327 451 Rasberg.
2340 374 2418 434 Auß
2457 367 2560 427 Ihren
2573 362 2716 422 schreiben
2754 358 2857 418 haben
2869 356 2882 416 d
2922 353 3050 413 eHn
3077 345 3231 405 benammen

1898 549 2006 609 Aler
2024 515 2132 575 Schen
2150 490 2276 550 zelchtr
2293 468 2490 528 gestelten
2510 455 2689 515 Schenna
2724 448 2868 508 Kister
2905 437 3210 497 Verangehangen

2162 572 2252 632 einer
2282 559 2384 619 Sohns
2405 543 2689 603 nidergekommen,
2699 534 2801 594 undt
2832 529 2912 589 auff
2922 527 2984 587 dem
3024 520 3259 580 Mathyß¬

1904 647 1921 707 G
2005 605 2138 665 tolshe

2149 665 2288 725 höffel.
2313 643 2377 703 Von
2401 625 2629 685 Klingnauw
2678 617 2768 677 Einen
2793 614 3020 674 Pfagistische
3045 610 3248 670 Schitzmann

2141 749 2368 809 verharret
2382 726 2482 786 seyn,
2494 714 2635 774 welcher
2660 704 2749 764 auch
2787 696 2914 756 Stattes
2939 693 2989 753 deß
3040 691 3244 751 Kinder¬

2151 844 2275 904 Iasin
2290 825 2471 885 gebenet,
2485 810 2595 870 undt
2608 797 2761 857 selbige
2791 783 2985 843 zuhrliche
3012 775 3207 835 verlanget

2150 928 2242 988 undt
2253 913 2425 973 begehret,
2447 899 2515 959 daß
2550 887 2733 947 selbiges
2756 878 2836 938 sund
2859 874 2915 934 H.
2939 869 3042 929 Tauff
3076 862 3259 922 befürdert

2136 1019 2255 1079 tende
2282 998 2403 1058 möge
2429 984 2497 1044 Wi
2603 971 2645 1031 e
2671 962 2858 1022 ndeHerre
2885 958 2938 1018 ein
2951 956 3112 1016 bedeben
3140 955 3273 1015 hierinn

2139 1104 2262 1164 finde
2312 1084 2386 1144 alßo
2398 1074 2484 1134 ol
2497 1066 2559 1126 min
2571 1058 2669 1118 gnädigen
2683 1050 2782 1110 Herrn
2794 1045 2880 1105 Ihre
2918 1038 3189 1098 aufgetragen

2155 1195 2258 1255 haben
2306 1176 2374 1236 diß
2422 1149 2756 1209 Kindtfürderlich
2779 1131 2929 1191 kauffen
3000 1124 3045 1184 zu
3068 1121 3289 1181 laßen,

2155 1283 2318 1343 Achsen
2336 1262 2428 1322 aber
2446 1241 2703 1301 auhworden,
2720 1227 2792 1287 daß
2830 1221 2883 1281 der
2901 1216 3046 1276 hoffeh
3067 1211 3120 1271 in
3138 1208 3265 1268 Unser

2149 1364 2357 1424 Religion
2384 1333 2605 1393 underlisen
2634 1317 2716 1377 ede
2745 1311 2786 1371 nd
2813 1305 2883 1365 ein
2910 1299 3007 1359 ndien
3021 1292 3133 1352 eren
3147 1285 3202 1345 it

2175 1449 2358 1509 Shleifflen
2396 1429 2457 1489 daß
2495 1415 2642 1475 ngHrn
2654 1406 2702 1466 die
2728 1400 2825 1460 Räth
2851 1395 2887 1455 de
2924 1388 3072 1448 höffel.
3084 1383 3157 1443 alß
3195 1380 3256 1440 fin

2158 1542 2363 1602 Proelish
2422 1523 2437 1583 a
2466 1516 2569 1576 nemn
2598 1504 2746 1564 verder,
2761 1496 2804 1556 so
2819 1492 2879 1552 Ihm
2937 1478 3290 1538 Lidrautkortlich

2167 1629 2382 1689 verdeütet
2407 1605 2547 1665 werde.

2170 1788 2593 1848 Pomainmosties
2628 1762 2763 1822 Praf.
2799 1752 2865 1812 Von
2900 1744 2967 1804 des
2986 1731 3206 1791 Ehrsberkeit

2212 1891 2264 1951 D.
2300 1876 2441 1936 Bere
2460 1861 2601 1921 seynd
2655 1848 2709 1908 Re
2726 1839 2815 1899 H.
2849 1823 3081 1883 eständiges
3118 1799 3258 1859 worden

1938 1916 2058 1976 Noulan
2082 1909 2204 1969 teaie;

2212 1984 2258 2044 in
2281 1972 2376 2032 des
2399 1956 2517 2016 liber
2563 1939 2705 1999 antar
2731 1926 2800 1986 de
2846 1906 3128 1966 angeschet
3154 1885 3273 1945 hale¬

2189 2065 2385 2125 beklage
2419 2045 2509 2105 Jeem
2546 2026 2687 2086 Perl
2724 2006 2865 2066 Dactat
2902 1989 2992 2049 Won
3026 1977 3098 2037 ban
3116 1970 3187 2030 des
3205 1961 3314 2021 Sone¬

1939 2042 2061 2102 Dohat.
2075 2038 2184 2098 Piene

2194 2157 2333 2217 helhe
2356 2140 2401 2200 uc
2446 2126 2517 2186 de
2562 2103 2746 2163 bebete
2792 2081 2885 2141 ud
2930 2065 3047 2125 lbe
3092 2055 3115 2115 i
3140 2050 3163 2110 h
3185 2043 3302 2103 lien

2187 2242 2411 2302 Veklanset
2431 2222 2513 2282 won
2533 2211 2595 2271 de
2614 2201 2677 2261 sie
2696 2189 2778 2249 abe
2798 2178 2860 2238 des
2880 2169 2940 2229 ie
2962 2155 3104 2215 gemid
3143 2137 3350 2197 lidesehe¬

2176 2339 2370 2399 Soribe
2412 2320 2498 2380 eh
2626 2298 2668 2358 e
2778 2276 2862 2336 tat
2906 2252 3121 2312 feindlich
3142 2226 3294 2286 sichen

2191 2436 2285 2496 El
2349 2417 2443 2477 de
2473 2400 2631 2460 end
2692 2381 2726 2441 e
2786 2370 2820 2430 n
2850 2360 2914 2420 de
2944 2348 3008 2408 te
3102 2314 3291 2374 erten
