4032 3024
444 293 528 353 116
544 295 612 355 .

747 364 1041 424 zulaßen,
1062 351 1246 411 sahlts
1264 345 1339 405 Sie
1357 347 1636 407 gshatzmwesig
1654 387 1841 447 legung

755 462 921 522 gemnt
955 450 1121 510 zuhabe
1154 438 1421 498 vronenten,
1437 440 1619 500 Jehrandh
1654 461 1788 521 zuer¬

753 557 930 617 peciren
951 542 1051 602 und
1084 536 1149 596 sich
1182 533 1260 593 von
1293 532 1381 592 heit
1414 532 1503 592 über
1525 533 1558 593 14
1590 535 1645 595 tag
1679 536 1745 596 Stor

763 657 853 717 Meien
867 648 956 708 äde
983 639 1074 699 ele
1112 633 1178 693 hur
1229 625 1398 685 Widrigen
1423 622 1553 682 fahls
1578 621 1656 681 aber
1682 622 1773 682 undt

783 746 840 806 da
898 738 954 798 Sie
988 731 1057 791 den
1102 723 1217 783 keine
1241 712 1492 772 legalische
1549 709 1652 769 haben
1663 709 1802 769 uuden,

784 839 847 899 die
872 824 1125 884 bezeuchung
1164 811 1226 871 der
1251 805 1315 865 Ehe
1377 798 1605 858 gestatten
1630 796 1796 856 zulaßen.

776 1026 1001 1086 ere:
1040 1015 1115 1075 Sie
1140 1009 1265 1069 deßen
1316 1002 1428 1062 über
1454 997 1528 1057 Ihr
1555 994 1667 1054 schriz
1692 988 1767 1048 auch

493 1100 647 1160 obdl.

776 1112 1128 1172 verständigen:

818 1303 1010 1363 allus.
1031 1288 1275 1348 zumahlen
1328 1278 1382 1338 der
1402 1273 1625 1333 Anthoine
1646 1269 1774 1329 Morin

849 1383 903 1443 die
930 1379 1003 1439 Von
1057 1372 1102 1432 der
1148 1360 1410 1420 Madelaine
1456 1347 1628 1407 Deville
1664 1342 1817 1402 geklagte

464 1428 504 1488 De
524 1422 614 1482 Oille
645 1412 836 1472 Madelaine

828 1467 910 1527 that
937 1457 1112 1517 gäntzlich
1167 1441 1388 1501 verneuet
1424 1429 1498 1489 alß
1544 1422 1627 1482 woll
1636 1419 1690 1479 mint
1709 1416 1774 1476 nädien
1783 1415 1810 1475 Her

461 1505 592 1565 oMorin
631 1486 801 1546 Apthlarie

810 1558 911 1618 Ihnh
922 1543 1168 1603 auffgetragen
1190 1529 1326 1589 haben,
1359 1521 1427 1581 die
1449 1512 1617 1572 anstalt
1640 1499 1808 1559 verfürgen

810 1646 843 1706 zu
867 1639 1001 1699 laßen,
1025 1630 1104 1690 daß
1148 1623 1251 1683 beyde
1284 1616 1330 1676 im
1374 1602 1668 1662 Purgations
1692 1578 1828 1638 Eydt¬

822 1727 902 1787 und
950 1719 1018 1779 der
1054 1709 1297 1769 wichtigkeit
1331 1696 1504 1756 deßelben
1529 1684 1597 1744 Fohl
1633 1672 1713 1732 undt
1736 1653 1865 1713 grundl.

823 1803 1064 1863 underrichtet
1090 1795 1162 1855 und
1189 1790 1359 1850 nachlete
1385 1783 1475 1843 mit
1493 1772 1680 1832 nötigen
1726 1750 1823 1810 beacht

836 1898 873 1958 so
887 1893 977 1953 wohl
1014 1886 1091 1946 ihro
1118 1882 1348 1942 empfangen
1411 1861 1847 1921 Eyde-Inctruction

834 1985 891 2045 alß
950 1975 1125 2035 habenden
1149 1966 1406 2026 Lümbdeckr
1417 1958 1511 2018 auff
1534 1951 1605 2011 ein
1651 1941 1710 2001 ihm
1744 1924 1873 1984 ansehden

827 2067 893 2127 tag
917 2058 1197 2118 allhorgehalten
1209 2049 1310 2109 werde
1343 2040 1557 2100 sollindt.

831 2235 1162 2295 Frachselbaldt
1193 2227 1329 2287 Prel.
1344 2223 1433 2283 Von
1465 2216 1524 2276 den
1554 2207 1630 2267 H.
1660 2184 1842 2244 Pfrfl.

856 2332 892 2392 zu
930 2321 1054 2381 Langn
1078 2316 1140 2376 aus
1165 2313 1227 2373 sein
1252 2311 1314 2371 ein
1326 2306 1425 2366 gnädigen
1437 2299 1536 2359 Herren
1548 2280 1772 2340 Verständigt

550 2312 676 2372 hander
688 2306 790 2366 Rud¬

838 2413 966 2473 worden,
982 2410 1197 2470 beimesten
1226 2407 1285 2467 der
1313 2404 1413 2464 Ruch
1472 2388 1602 2448 harder
1616 2363 1746 2423 sambt
1760 2335 1803 2395 sei

856 2486 1143 2546 ohnconsulirten
1173 2488 1313 2548 Tirnen
1362 2478 1570 2538 dißmahl
1609 2461 1640 2521 in
1669 2448 1728 2508 den

855 2557 1007 2617 Partoh
1025 2557 1063 2617 in
1084 2559 1198 2619 Eren
1235 2561 1350 2621 hath
1368 2557 1483 2617 inso
1501 2542 1693 2602 genanten
1711 2493 1903 2553 ausern¬

3107 226 3174 286 4.
3201 224 3256 284 f.

2111 343 2239 403 Huhes
2252 326 2309 386 lil
2333 315 2450 375 Vietel
2485 311 2625 371 befinden
2648 313 2706 373 ol
2729 314 2777 374 ein
2788 317 2881 377 gnädigen
2904 321 2987 381 Herren
2998 322 3033 382 den
3056 325 3104 385 H.
3127 322 3268 382 Landt¬

2118 405 2564 465 Vogtfreundtlichersucht
2580 394 2695 454 haben,
2710 397 2768 457 den
2796 403 3027 463 hondersambt
3057 406 3099 466 der
3113 402 3245 462 stimen

2146 504 2340 564 finderlich
2358 487 2632 547 glasamklich
2648 490 2860 550 herführen
2891 491 3121 551 zulbeste.

2174 678 2277 738 durch
2302 659 2367 719 Ein
2406 643 2587 703 Schreiben
2637 634 2715 694 von
2742 631 2910 691 Gürglen
2935 628 3025 688 vene
3038 624 3141 684 gnädihen
3155 619 3233 679 Herer

2159 758 2365 818 brichtet,
2387 733 2445 793 daß
2490 720 2593 780 Anna
2638 712 2754 772 Simmer
2822 702 3142 762 Kindtsgeiesen,
3166 692 3256 752 undt

1921 780 1964 840 se
2026 740 2131 800 ehte

2126 861 2231 921 Wun
2267 837 2355 897 duf
2372 824 2442 884 den
2459 805 2793 865 fostbeklagtenn
2810 792 2934 852 hete
2951 780 3234 840 sonodalß¬

1917 847 2001 907 ser
2014 822 2127 882 bua¬

2148 937 2299 997 Satte
2326 910 2506 970 deßselben
2533 895 2713 955 verharret
2726 889 2836 949 seye.

2143 1026 2196 1086 Ih

2182 1083 2268 1143 Aber
2293 1073 2346 1133 Ein
2372 1059 2606 1119 finkommener
2623 1047 2753 1107 schreiben
2762 1041 2822 1101 von
2848 1034 2978 1094 lobln
3005 1023 3186 1083 Consistorio

2185 1168 2239 1228 von
2272 1156 2392 1216 Sasel,
2414 1138 2643 1198 betreffendt
2677 1118 2830 1178 Heinrich
2862 1104 3049 1164 Abhande
3071 1094 3245 1154 Effecten

1921 1151 2029 1211 Wend
2060 1125 2151 1185 hirch

2168 1257 2242 1317 soll
2272 1243 2318 1303 die
2332 1228 2497 1288 Cosula
2541 1206 2720 1266 Ganting
2749 1192 2855 1252 auff
2869 1179 3048 1239 künfftig
3092 1160 3227 1220 Montag

1914 1236 2058 1296 see
2112 1196 2166 1256 len

1983 1278 2145 1338 sla.

2156 1338 2302 1398 Eessort
2335 1311 2467 1371 wrden
2499 1297 2548 1357 den
2566 1290 2614 1350 0.
2630 1285 2664 1345 d.
2680 1280 2745 1340 uand
2795 1270 2843 1330 on
2861 1265 2926 1325 det
2958 1253 3139 1313 Erkenner
3155 1237 3272 1297 träiten

2170 1403 2227 1463 de
2288 1380 2349 1440 e
2438 1353 2646 1413 ehen
2707 1328 3065 1388 engehe
3154 1294 3244 1354 her

2163 1456 2273 1516 Se
2296 1436 2362 1496 gei
2383 1416 2604 1476 etlbaerin
2646 1390 2803 1450 lagsten

2184 1522 2274 1582 Sanut
2303 1513 2335 1573 s.
2350 1503 2454 1563 Praf.
2486 1491 2575 1551 Was
2605 1484 2651 1544 der
2681 1477 2740 1537 H.
2755 1468 2906 1528 Ddocat
2921 1460 3042 1520 Pollin
3071 1456 3101 1516 in
3118 1451 3252 1511 nahmen

2209 1587 2432 1647 MTrandois
2466 1570 2534 1630 Joly
2578 1559 2635 1619 Von
2657 1548 2768 1608 Rrunt
2792 1537 2881 1597 leger
2893 1528 3004 1588 seinen
3039 1519 3240 1579 habenden

1942 1600 1987 1660 Vl
2020 1583 2165 1643 Francus

2213 1653 2518 1713 Matrimonial
2549 1628 2718 1688 Praessos
2738 1619 2823 1679 mit
2855 1611 2918 1671 der
2950 1605 3035 1665 Jhsr
3066 1596 3265 1656 Benique

1927 1687 2031 1747 Polie
2057 1671 2174 1731 Benge

2168 1751 2341 1811 Pectie
2372 1728 2459 1788 Mn
2473 1716 2575 1776 Hen
2604 1700 2779 1760 brtragen
2793 1688 2926 1748 laßen,
2954 1680 3027 1740 dar
3042 1670 3158 1730 werde
3201 1660 3274 1720 der

2190 1850 2250 1910 Her
2312 1828 2391 1888 and
2433 1809 2514 1869 bogt
2534 1792 2675 1852 ausemn
2715 1770 2898 1830 ebrndes
2918 1755 3019 1815 dese
3059 1746 3180 1806 ept.
3202 1738 3281 1798 des

2193 1919 2368 1979 mehen
2409 1894 2565 1954 zuesehe
2606 1867 2743 1927 haben,
2762 1844 2921 1904 Werbe
2959 1823 3137 1883 diselbe
3156 1817 3315 1877 derchl.

2191 1988 2598 2048 Vertftendiche
2621 1951 2694 2011 sch
2740 1931 2859 1991 aben
2882 1914 3005 1974 wole
3028 1902 3098 1962 de
3147 1892 3289 1952 eser

2190 2097 2272 2157 des
2300 2077 2441 2137 ehe
2468 2050 2668 2110 beng
2750 2018 2863 2078 bes
2891 2001 3032 2061 ede
3059 1979 3314 2039 gseichet

2198 2174 2264 2234 nen
2286 2159 2422 2219 eget
2469 2138 2560 2198 eon
2627 2120 2696 2180 wir
2740 2107 2806 2167 de
2854 2098 2876 2158 e
2920 2087 3011 2147 pros
3056 2072 3191 2132 Metts
3238 2058 3330 2118 hr

2193 2245 2428 2305 zegeungst
2447 2221 2565 2281 geindt
2603 2205 2644 2265 iu
2663 2196 2743 2256 der
2762 2180 2918 2240 feiner
2956 2153 3213 2213 Krordung

2197 2331 2422 2391 brichten
2448 2304 2606 2364 baßen
2629 2286 2673 2346 t
2721 2265 2902 2325 eragen
2946 2236 3108 2296 Mipora
3152 2209 3359 2269 Eepant¬

2223 2414 2274 2474 des
2290 2400 2425 2460 Potay
2458 2384 2492 2444 zn
2509 2366 2694 2426 Piecmant
