4032 3024
414 284 511 344 418
544 273 611 333 f.

812 402 884 462 Ist
911 395 1040 455 david
1068 385 1268 445 Saloman
1325 383 1523 443 Günthes
1539 394 1610 454 Stor
1638 418 1824 478 Machenbe¬

433 484 572 544 Günchter
584 464 685 524 dad
709 451 774 511 al¬

840 487 878 547 zu
917 465 1208 525 Pätterlingen
1246 457 1411 517 gebohren
1449 464 1614 524 worden,
1639 484 1816 544 bewilliget

790 496 818 556 so

510 521 581 581 mor

785 572 827 632 sich
848 566 934 626 mit
955 558 1064 618 seiner
1074 548 1320 608 schwangern
1395 544 1588 604 Elisabeth
1598 552 1759 612 Anliber

420 596 576 656 Juliber
603 578 785 638 Lison)

764 664 862 724 Von
875 652 1014 712 allhie
1055 642 1304 702 verehelichen
1317 638 1360 698 zu
1387 637 1580 697 kömmen.

810 890 945 950 Wiken
966 874 1080 934 laut
1111 861 1341 921 Einkammen
1372 848 1601 908 zugsammen
1621 840 1683 900 vor

447 914 617 974 Wollet
652 902 753 962 Hanß

803 977 848 1037 H.
871 960 1043 1020 Pedicant
1088 947 1168 1007 d.
1191 936 1442 996 Bolltitigen
1500 925 1569 985 die
1592 916 1729 976 dürff

449 993 587 1053 Alleer
621 983 742 1043 Arna

787 1054 901 1114 sider
927 1040 1016 1100 hauß
1068 1025 1235 1085 wollet
1273 1013 1350 1073 San
1414 1003 1543 1063 allda
1581 985 1785 1045 fombtlich

789 1122 991 1182 ergangen
1062 1103 1153 1163 aber
1184 1094 1285 1154 weder
1315 1083 1487 1143 frnoh
1538 1070 1751 1130 Jehmandt

804 1205 897 1265 ander
932 1194 955 1254 in
966 1187 1060 1247 seinem
1096 1173 1258 1233 nahmen
1306 1161 1422 1221 derk
1445 1152 1596 1212 Rechter
1632 1140 1795 1200 begegnete

804 1289 883 1349 Alß
917 1279 980 1339 ist
996 1270 1061 1330 der
1077 1261 1222 1321 Alana
1269 1246 1431 1306 Alliner
1447 1238 1560 1298 seiner
1576 1229 1768 1289 Ehefrauw

798 1373 894 1433 auff
908 1361 964 1421 Ihr
1006 1347 1117 1407 Recht
1130 1335 1326 1395 anruffen,
1353 1323 1451 1383 linder
1465 1317 1562 1377 Ihne
1604 1308 1658 1368 die
1672 1299 1827 1359 schwdäng

1431 1402 1495 1462 ad
1518 1380 1768 1440 formam.

807 1445 973 1505 erthelt
985 1424 1164 1484 worden.

829 1629 978 1689 Nosee
1006 1619 1046 1679 an
1088 1613 1170 1673 das
1196 1607 1347 1667 Teitsche
1373 1600 1550 1660 Consist.
1577 1591 1714 1651 Wile
1741 1579 1823 1639 laut

502 1681 730 1741 Frundtmann
741 1670 806 1730 sato

788 1732 865 1792 Ihre
898 1723 1021 1783 bericht
1045 1711 1212 1771 scheibend
1256 1701 1313 1761 der
1335 1691 1458 1751 Patri
1480 1676 1703 1736 Guundtwan
1737 1660 1837 1720 Stattes

807 1813 879 1873 der
903 1808 975 1868 auff
998 1800 1131 1860 Enthalt
1167 1792 1215 1852 die
1238 1785 1287 1845 ser
1298 1779 1395 1839 seiner
1419 1765 1587 1825 stochster
1610 1749 1707 1809 nicht
1731 1733 1852 1793 weiße¬

811 1894 1062 1954 alsolein
1091 1888 1197 1948 näige
1226 1882 1330 1942 Heren
1344 1870 1522 1930 ediglich
1551 1851 1655 1911 Ihren
1670 1826 1863 1886 inanttorte

828 1981 1066 2041 verdeutet
1087 1978 1195 2038 haben
1261 1970 1358 2030 auff
1380 1962 1445 2022 die
1477 1936 1834 1996 Grundtmannachten

825 2061 905 2121 auff
928 2062 1125 2122 betretten
1171 2054 1275 2114 gegen
1298 2046 1379 2106 Ihra
1425 2034 1518 2094 nach
1552 2007 1818 2067 vorhanderen

818 2146 928 2206 gesatz
943 2147 997 2207 und
1040 2144 1248 2204 Grdnungen
1275 2130 1484 2190 procedin
1526 2110 1582 2170 zu
1609 2091 1748 2151 laßen

859 2314 1173 2374 Guggisferg.
1187 2311 1293 2371 Aber
1307 2308 1383 2368 Ihr
1398 2302 1533 2362 bericht
1547 2291 1697 2351 schreiben
1727 2259 1891 2319 betefedt

539 2380 624 2440 Loste
652 2386 810 2446 Elßtbet
853 2397 1097 2457 Elstbehlost,
1126 2401 1154 2461 so
1168 2401 1227 2461 sich
1241 2397 1470 2457 vindermahlen
1498 2384 1571 2444 mit
1585 2369 1729 2429 Christen
1757 2341 1856 2401 stell

558 2456 670 2516 Soll
701 2463 844 2523 Chrsten
862 2472 973 2532 Einen
1020 2481 1163 2541 Ehrmar
1197 2485 1228 2545 in
1244 2485 1402 2545 Ehebruch
1436 2472 1659 2532 Vortrobet,
1675 2449 1737 2509 der
1755 2430 1833 2490 aut

1918 767 2098 827 seee

1931 843 2023 903 179

1910 933 2023 993 srg
2039 907 2088 967 ban

1942 1553 2038 1613 Köng
2050 1547 2109 1607 kenn

1936 1620 2126 1680 Schudengister

1994 1663 2153 1723 Pfoß.

1962 2243 2102 2303 Honfstb

3097 234 3264 294 48.

2111 346 2326 406 bsfähtes
2340 329 2514 389 bekantlich
2544 322 2644 382 lolen
2715 320 2745 380 e
2759 320 2846 380 Hr
2904 320 3033 380 rerauf
3047 322 3220 382 getragen

2152 427 2240 487 haben
2269 416 2348 476 diese
2378 405 2554 465 föhlbaren
2593 398 2661 458 nach
2690 396 2740 456 der
2769 395 2945 455 Ordnung
2985 394 3014 454 de
3044 394 3092 454 Ao
3111 393 3180 453 172

2127 513 2226 573 Goben
2256 501 2311 561 fur
2325 487 2553 547 abbuesung
2582 473 2695 533 halte
2739 467 2767 527 zu
2794 463 2953 523 lasen:

2122 666 2395 726 Montreux.
2417 645 2537 705 Weilen
2602 635 2700 695 wegen
2745 631 2799 691 den
2810 628 3083 688 allzuseihehütigen
3105 626 3270 686 beyschlösen

2129 761 2194 821 Vor
2205 751 2260 811 den
2281 732 2500 792 heutorathen
2553 718 2609 778 Ein
2641 712 2827 772 Oberktl.
2849 707 3056 767 Verordnung
3078 707 3264 767 vorhanden,

2153 835 2243 895 dahn,
2267 820 2335 880 daß
2357 808 2449 868 selbe
2483 794 2667 854 Entlnders
2689 787 2758 847 vor
2792 784 2861 844 das
2873 781 3077 841 Echtereidt
3101 781 3192 841 siel

2152 916 2248 976 undt
2272 892 2453 952 senairiert
2465 878 2525 938 auf
2549 870 2621 930 noch
2645 862 2849 922 beschaffenn
2898 857 3006 917 dingen
3030 857 3114 917 mit
3126 857 3260 917 gefang¬

2133 992 2292 1052 schafft
2307 970 2436 1030 belget
2450 957 2537 1017 lerde
2553 945 2669 1005 solle,
2683 937 2756 997 alß
2784 931 2915 991 wedicb
2929 929 3162 989 slchenmachen

2154 1071 2180 1131 ie
2193 1063 2259 1123 sich
2272 1047 2406 1107 richten
2447 1023 2659 1083 beteffendt
2688 1010 2753 1070 dan
2780 1005 2834 1065 den
2860 999 2981 1059 stande
3007 993 3235 1053 Geveney¬

2176 1147 2312 1207 fahte
2331 1130 2368 1190 zu
2389 1110 2619 1170 beneiten
2640 1093 2774 1153 Elker
2795 1083 2910 1143 Richt
2929 1078 3025 1138 vndte
3046 1074 3124 1134 Ier
3142 1071 3279 1131 uihaben

2172 1226 2319 1286 gedindt
2344 1210 2393 1270 Sie
2417 1202 2467 1262 diß
2516 1183 2738 1243 Gotheumb
2762 1165 2983 1225 gebührender
3009 1154 3254 1214 handtkietung

2151 1304 2402 1364 befenst
2486 1275 2513 1335 e
2543 1253 2851 1313 beteiben
2878 1234 2992 1294 den

2158 1517 2281 1577 Ahnna
2312 1497 2437 1557 Könis
2452 1484 2513 1544 son
2545 1466 2762 1526 Steffisbug
2793 1450 2870 1510 fieß
2918 1435 3119 1495 grestohen
3135 1423 3291 1483 fremben

2169 1586 2417 1646 benmnckl
2436 1568 2492 1628 iß
2532 1560 2588 1620 die
2626 1551 2666 1611 de
2703 1540 2837 1600 Poeroß
2893 1518 3141 1578 cheidniste
3160 1501 3237 1561 von

2170 1665 2465 1725 borsegnann
2483 1642 2557 1702 und
2575 1630 2741 1690 eigsch
2779 1613 2889 1673 oede,
2907 1604 2981 1664 hat
2999 1597 3055 1657 ich
3091 1581 3278 1641 atfiut¬

2167 1749 2248 1809 anch
2281 1723 2481 1783 dinittiot
2497 1703 2630 1763 woaben,
2646 1689 2812 1749 zumahte
2844 1677 2893 1737 der
2912 1660 3175 1720 Skeurmister

2186 1813 2258 1873 den
2332 1790 2430 1850 end
2478 1775 2528 1835 e
2576 1759 2748 1819 biehig
2772 1742 2918 1802 ken
2944 1726 3043 1786 sahn
3090 1705 3263 1765 elen

2171 1898 2238 1958 der
2286 1880 2331 1940 en
2379 1858 2539 1918 ebse
2587 1840 2654 1900 de
2679 1819 2977 1879 Kangesagen
3002 1794 3095 1854 hat
3140 1768 3303 1828 ecsten

2195 1968 2401 2028 en
2607 1908 2850 1968 e
2951 1875 3023 1935 he
3056 1862 3123 1922 e
3228 1838 3334 1898 ien

2200 2044 2268 2104 de
2340 2011 2654 2071 ese
2760 1967 2832 2027 e
2934 1941 3074 2001 ete
3112 1921 3219 1981 den

2193 2119 2335 2179 Gete
2509 2079 2537 2139 e
2564 2068 2651 2128 ten
2797 2041 2824 2101 e
2852 2030 2939 2090 de
3053 2003 3112 2063 e
3140 1992 3168 2052 d
3255 1971 3314 2031 en

2181 2173 2333 2233 abige
2375 2153 2420 2213 he
2441 2137 2569 2197 dese
2593 2123 2659 2183 de
2701 2100 2895 2160 obschew
2919 2075 3158 2135 eselben

2194 2244 2351 2304 leles
2377 2228 2457 2288 he
2537 2212 2563 2272 e
2614 2193 2771 2253 alte
2851 2169 2906 2229 ed
2983 2151 3063 2211 et
3114 2132 3275 2192 ben

2207 2333 2284 2393 se
2310 2308 2599 2368 enese
2654 2258 2915 2318 eselted
2969 2229 3021 2289 u
3072 2207 3259 2267 heden

2188 2406 2423 2466 Retit
2504 2374 2529 2434 h
2581 2352 2713 2412 eiet
2764 2328 2845 2388 nd
2870 2314 2922 2374 he
2973 2298 3054 2358 e
3105 2276 3318 2336 beshen

2198 2486 2289 2546 ses
2376 2462 2438 2522 e
2467 2450 2496 2510 d
2558 2430 2649 2490 el
2707 2411 2740 2471 e
2769 2391 2918 2451 ehe
2980 2351 3283 2411 ebeisen

2209 2548 2465 2608 sele
2573 2495 2682 2555 e
2976 2436 3050 2496 e
3124 2404 3380 2464 hesen
