4032 3024
436 262 535 322 420
571 262 635 322 f.

778 327 1087 387 Vattekinden.
1122 309 1303 369 Welen
1339 308 1448 368 dursß
1502 320 1594 380 halb
1611 336 1685 396 her
1703 365 1813 425 v¬

452 452 521 512 hub
533 443 603 503 scho
626 432 719 492 derß
790 409 1011 469 Kreylingen
1070 391 1222 451 allhier
1245 388 1268 448 so
1291 388 1420 448 wenig
1454 392 1514 452 alß
1560 409 1746 469 drunden

1556 445 1691 505 nanhr

799 499 858 559 bey
904 493 993 553 Ihren
1039 486 1113 546 den
1144 478 1235 538 Von
1264 473 1384 533 seintis
1399 473 1580 533 fraulen
1595 495 1791 555 wotgeh¬

450 536 601 596 Gögeli
624 515 754 575 Maiu.

793 588 1017 648 gecklagte
1072 567 1281 627 Ehrbrich
1299 560 1393 620 mit
1411 563 1542 623 Jacob
1578 584 1766 644 Kmucle

470 618 629 678 Lumhel
643 601 748 661 Jacob

761 692 867 752 Ihrm
906 669 1210 729 angehörigen
1277 646 1542 706 bescheinigen
1555 651 1702 711 können,
1715 664 1755 724 Aal

744 788 885 848 haben
900 775 962 835 den
993 761 1165 821 ehHen
1182 748 1306 808 dieser
1339 742 1526 802 stäutige
1542 750 1778 810 Eheleig¬

781 876 901 936 samb
935 861 989 921 dem
1034 850 1188 910 Kindt
1231 844 1495 904 zumahlen
1528 845 1595 905 der
1627 849 1781 909 hübscher

771 950 1084 1010 geständigsein
1137 931 1342 991 mürsten
1424 929 1519 989 nach
1559 930 1627 990 den
1653 932 1803 992 argtechen

785 1050 867 1110 mit
894 1037 978 1097 Ihre
1006 1027 1144 1087 Ehrlich
1171 1020 1394 1080 Cohobitiot
1435 1015 1628 1075 zuhaben
1685 1010 1753 1070 alß

775 1143 929 1203 Ehrlich
970 1125 1153 1185 zusamen
1181 1114 1418 1174 gesprochen,
1433 1109 1573 1169 welches
1587 1105 1810 1165 auznommen

794 1247 852 1307 zo
881 1232 982 1292 auch
1012 1218 1272 1278 angelobt,
1317 1211 1375 1271 da
1418 1209 1462 1269 in
1476 1207 1577 1267 desne
1607 1196 1826 1256 nehlo¬

795 1335 879 1395 wohl
928 1322 987 1382 dem
1035 1310 1227 1370 Kuhel
1276 1303 1347 1363 alß
1396 1299 1467 1359 der
1503 1293 1647 1353 Mögeli
1671 1282 1768 1342 allen

785 1418 1067 1478 enächtigen
1090 1401 1295 1461 umbgang
1350 1390 1426 1450 bey
1448 1376 1796 1436 Ehebrucht-straff

804 1511 1062 1571 Verbotten,
1092 1499 1169 1559 alß
1215 1488 1397 1548 vorauff
1428 1478 1473 1538 vie
1488 1468 1716 1528 Incigilien
1731 1457 1838 1517 laßen

794 1596 1019 1656 Verdindt.

996 1796 1254 1856 Montags
1282 1787 1336 1847 den
1363 1784 1431 1844 20.
1445 1781 1609 1841 Aprilis
1636 1769 1745 1829 1733

785 2047 872 2107 An
915 2041 988 2101 H.
1016 2036 1221 2096 Brigadices
1250 2032 1337 2092 Von
1367 2022 1615 2082 Bettens.
1644 2002 1759 2062 Ihne

828 2129 1016 2189 ersuchen
1083 2129 1152 2189 den
1186 2127 1323 2187 Strow
1373 2115 1579 2175 Pimmerl.
1596 2095 1680 2155 Wor
1697 2069 1834 2129 berbach

510 2180 670 2240 Jimmel.
695 2190 818 2250 Bör.

825 2213 924 2273 senem
960 2216 1023 2276 Vo
1060 2218 1148 2278 nigen
1160 2219 1260 2279 Herge
1272 2218 1334 2278 er
1371 2212 1470 2272 enen
1520 2186 1769 2246 Versprrchen

533 2265 653 2325 Galey
674 2274 772 2334 Anna

840 2305 891 2365 Ein
910 2308 1118 2368 gemeyer
1138 2311 1346 2371 zulesten
1400 2303 1487 2363 und
1523 2292 1591 2352 die
1627 2274 1732 2334 Anna
1768 2237 1909 2297 Vaver¬

622 2331 773 2391 Maria.

862 2405 999 2465 Baley
1041 2405 1124 2465 von
1151 2406 1303 2466 Martes
1343 2402 1646 2462 zufhtlichen.

3134 223 3262 283 421.

2345 290 2565 350 Montags
2592 290 2634 350 de.
2647 293 2717 353 20.
2744 299 2923 359 Aprilis.
2937 300 3076 360 1733.

2534 416 2731 476 Praenis.

2130 569 2362 629 Mige
2380 544 2452 604 e
2470 536 2505 596 e
2595 520 2720 580 etor
2757 513 2900 573 Jane

2515 640 2794 700 Assessores.

2133 824 2305 884 M.
2328 803 2424 863 od.
2450 791 2570 851 Aag.
2619 783 2669 843 o
2741 765 2937 825 bral.

2111 1086 2317 1146 Wothen
2364 1062 2475 1122 Gres.
2506 1046 2681 1106 Elsobeth
2712 1033 2854 1093 Bahler
2870 1026 2949 1086 Mon
2981 1021 3202 1081 Aeseltigen

2145 1175 2276 1235 Klagt
2291 1164 2348 1224 der
2377 1155 2451 1215 Ehr
2480 1141 2582 1201 undt
2597 1123 2874 1183 schwengrung
2919 1108 3022 1168 halb
3050 1104 3094 1164 an

2162 1263 2340 1323 Frnhant
2384 1240 2518 1300 Grnn
2562 1223 2652 1283 von
2682 1203 2948 1263 Mherseil
2994 1192 3274 1252 alelhalaten

1912 1244 1956 1304 Vr
2017 1221 2138 1281 eltot.

2150 1348 2195 1408 zin
2224 1340 2391 1400 Riesten
2423 1327 2497 1387 bey
2528 1317 2573 1377 Hr.
2604 1304 2725 1364 Giller
2769 1286 2845 1346 Man
2875 1266 3117 1326 Kampdent,
3132 1251 3208 1311 mit

1914 1322 1986 1382 Din
2008 1303 2152 1363 Kirchad.

2123 1428 2403 1488 vrdteiten,
2426 1409 2474 1469 Er
2520 1396 2637 1456 habe
2659 1385 2731 1445 Sie
2754 1366 2987 1426 stihtige
3010 1334 3199 1394 nachen

2164 1505 2334 1565 mitten
2351 1495 2451 1555 86.
2470 1483 2621 1543 bsthin
2640 1458 2927 1518 beschlaffen,
2960 1430 3149 1490 derbegen
3166 1414 3283 1474 Mass

2133 1594 2250 1654 Phene
2269 1585 2329 1645 hl
2368 1576 2469 1636 Rach.
2488 1561 2725 1621 aufstagn
2744 1545 2862 1605 habe
2881 1525 3080 1585 vollen,
3099 1503 3198 1563 Ihre

2145 1677 2279 1737 Gein
2330 1657 2414 1717 Won
2431 1648 2515 1708 heit
2531 1641 2615 1701 übe
2632 1637 2683 1697 14
2700 1632 2765 1692 tag
2800 1621 3001 1681 herhalten
3018 1607 3069 1667 zu
3102 1588 3238 1648 laßen

2187 1837 2231 1897 Vo
2259 1830 2333 1890 Meh
2348 1821 2406 1881 e
2449 1811 2494 1871 er
2523 1796 2726 1856 idermahle
2741 1777 2932 1837 erscheinen
2975 1763 3019 1823 der
3047 1754 3179 1814 Aman

1931 1841 2151 1901 Mlantnankes

2193 1914 2481 1974 Gesebche
2531 1888 2602 1948 der
2628 1867 2846 1927 Shefeise
2893 1844 2966 1904 nd
3013 1818 3281 1878 dtalten

1968 1899 2157 1959 Oselwaldt

2177 1998 2564 2058 Vleitnannn,
2585 1970 2651 2030 da
2672 1959 2758 2019 der
2779 1945 2909 2005 hoster
2951 1920 3145 1980 Verlach
3189 1899 3252 1959 daß

1950 1983 2139 2043 Großenbahr

1997 2037 2185 2097 Elstberth.

2162 2107 2276 2167 Ihe
2294 2080 2521 2140 bewrechene
2539 2057 2634 2117 mit
2671 2045 2747 2105 dem
2784 2026 3031 2086 Klatzenen
3050 2003 3237 2063 gehabten

2159 2191 2339 2251 Priesor
2374 2170 2537 2230 Koöster
2555 2139 2860 2199 hurgesprochen
2898 2108 3023 2168 werde
3041 2095 3221 2155 machtend

2146 2302 2167 2362 M
2333 2276 2416 2336 ater
2436 2260 2541 2320 habe
2582 2243 2647 2303 din
2688 2212 2978 2272 feleuwng
3001 2188 3062 2248 dar
3083 2176 3291 2236 febeteuß

2178 2374 2270 2434 Son
2317 2363 2339 2423 4
2361 2358 2409 2418 0
2456 2342 2570 2402 Pfe
2617 2325 2662 2385 Ei
2709 2302 2892 2362 belsech
2917 2282 2962 2342 be
2987 2272 3054 2332 den
3079 2256 3218 2316 dachen

2187 2463 2336 2523 behe
2427 2435 2519 2495 des
2548 2422 2577 2482 h
2668 2402 2759 2462 nd
2821 2381 2912 2441 e
2971 2364 3033 2424 h
3091 2349 3182 2409 f
3212 2338 3336 2398 hen

2221 2528 2429 2588 dershel
2477 2493 2707 2553 abegesen,
2755 2466 2823 2526 as
2846 2452 2917 2512 des
2985 2430 3124 2490 riche
3173 2410 3267 2470 uen

2195 2602 2403 2662 Erendigte
2443 2585 2535 2645 sach
2547 2576 2587 2636 sei
2599 2567 2691 2627 solle
