4032 3024
432 271 536 331 422
565 265 626 325 f.

800 320 965 380 WBardt
998 312 1053 372 Hr
1087 308 1284 368 Dbrasamb
1317 310 1471 370 Gogth.
1493 317 1571 377 von
1614 327 1725 387 Bougk

812 401 906 461 rütd
918 397 1118 457 erwehlten
1182 393 1244 453 H.
1265 392 1487 452 Predicante
1518 396 1613 456 nach
1645 407 1782 467 Reiten

436 428 558 488 Bögtl.
578 421 619 481 E.
640 416 782 476 Aberhamb

800 493 1015 553 Eewilliget
1048 486 1128 546 mit
1150 482 1252 542 Jaso
1285 475 1478 535 Elisabeth
1513 475 1615 535 dachs
1648 480 1728 540 von

455 519 534 579 dach
580 509 595 569 H
627 505 657 565 .
674 502 720 562 E.
735 500 799 560 bGg.

770 588 879 648 Thun
920 582 1084 642 Kirchen
1097 573 1234 633 Recht
1274 561 1439 621 halten
1466 555 1506 615 zu
1534 550 1740 610 können.

814 779 1240 839 Brautobäume:
1265 775 1435 835 Weilen
1484 779 1606 839 Jacob
1630 781 1753 841 Ochl.
1765 778 1813 838 Ihr

448 843 596 903 Lochßl
622 829 757 889 Jacob.

820 865 1068 925 angehöriget,
1078 859 1233 919 welchem
1275 855 1410 915 Mana
1493 854 1680 914 Glaufer
1721 856 1783 916 auch

464 939 646 999 Flatzo
681 916 816 976 Maia¬

811 954 861 1014 Ihr
893 947 1130 1007 angehörige
1181 934 1263 994 vor
1305 928 1417 988 Inn,
1438 925 1542 985 undt
1562 925 1644 985 noch
1664 927 1716 987 der
1737 933 1829 993 ge¬

786 1044 932 1104 mußt
958 1040 1012 1100 Ihr
1039 1036 1119 1096 zur
1146 1023 1479 1083 Weltgebohrner
1518 1015 1640 1075 Kindt
1653 1018 1839 1078 zugefunt

810 1140 933 1200 dieses
957 1130 1116 1190 alblaydt
1141 1119 1201 1179 sich
1239 1107 1435 1167 Eydtlich
1459 1095 1705 1155 entschuttet,
1717 1094 1790 1154 alß

798 1229 895 1289 hand
939 1226 961 1286 e
993 1223 1079 1283 e
1091 1218 1178 1278 erren
1199 1211 1319 1271 seinet
1351 1201 1448 1261 halb
1492 1190 1589 1250 alleß
1644 1175 1764 1235 Gott

822 1307 899 1367 und
952 1307 1031 1367 der
1044 1306 1134 1366 Zeit
1174 1296 1500 1356 heimbgestellt
1539 1276 1618 1336 Ihra
1656 1261 1721 1321 dar
1735 1248 1825 1308 kindt

800 1395 957 1455 sambt
981 1393 1127 1453 deßen
1175 1386 1407 1446 erhaltung
1443 1369 1697 1429 überlaßen,
1711 1347 1807 1407 undt

804 1487 865 1547 Sie
889 1481 939 1541 Ihr
1012 1474 1231 1534 verleidet
1257 1470 1465 1530 worden,
1489 1462 1551 1522 die
1587 1453 1710 1513 Kosten
1722 1439 1819 1499 dieser

820 1568 1021 1628 Sondwr
1038 1552 1394 1612 ottschlagender

830 1706 910 1766 der
925 1703 1182 1763 stehlmaheo
1213 1694 1357 1754 Auspont
1406 1680 1581 1740 Elstbeth
1597 1658 1839 1718 Glöserundte

835 1786 927 1846 Enna
962 1783 1195 1843 Weißenen,
1218 1776 1254 1836 so
1276 1771 1369 1831 auff
1392 1765 1450 1825 deß
1497 1752 1637 1812 obigen
1660 1732 1811 1792 Ochshünt

506 1786 659 1846 Dupont
688 1781 801 1841 Sandl
815 1787 844 1847 d.

870 1870 990 1930 halten
1020 1867 1081 1927 Ein
1110 1858 1321 1918 zrugsamme
1350 1843 1487 1903 erheilt
1517 1827 1622 1887 sollen
1637 1812 1727 1872 auff
1742 1792 1877 1852 buttige

499 1864 636 1924 Gauser
661 1861 806 1921 Elstbeth

846 1951 1004 2011 dansag
1051 1947 1178 2007 fetot
1193 1937 1352 1997 weden.
1367 1923 1462 1983 lider
1495 1912 1541 1972 die
1556 1885 1842 1945 Marlshases

495 1942 685 2002 Misteay
712 1940 808 2000 dna¬

823 2074 910 2134 N.
926 2068 984 2128 dr
999 2063 1087 2123 bchl.
1102 2056 1174 2116 soll
1205 2051 1277 2111 aucfh
1293 2043 1500 2103 erschein.

860 2252 924 2312 H.
955 2243 1082 2303 Datlid
1113 2239 1271 2299 Albrcht
1302 2235 1414 2295 olte
1445 2220 1698 2280 Groffemaidt
1715 2186 1810 2246 undt

554 2288 688 2348 Weibel
713 2287 821 2347 daiiel

871 2311 1050 2371 Johannß
1084 2318 1274 2378 Kunchel,
1296 2317 1353 2377 den
1386 2314 1432 2374 der
1465 2303 1612 2363 Wübel
1656 2270 1814 2330 declarit

562 2347 671 2407 Amman
713 2347 830 2407 Barbar

852 2382 953 2442 hahrn
980 2380 1018 2440 Er
1030 2380 1133 2440 wollen
1158 2383 1261 2443 fheder
1286 2384 1350 2444 100
1376 2383 1439 2443 Eyd
1478 2376 1566 2436 thun
1606 2359 1669 2419 alß
1708 2339 1734 2399 d

1745 2378 1824 2438 steh

849 2451 980 2511 Aman
1009 2454 1287 2514 Kindtauem.
1318 2459 1420 2519 Cogl.
1434 2452 1551 2512 solle
1565 2437 1670 2497 auff
1684 2415 1741 2475 der

867 2520 967 2580 Ehot
989 2526 1114 2586 linden.

3128 214 3267 274 423f.

2119 306 2293 366 bringen
2336 285 2395 345 die
2409 276 2628 336 Mehemütten
2657 275 2685 335 ae
2715 275 2758 335 die
2772 277 2876 337 Maria
2904 280 3034 340 chlichtes
3050 281 3121 341 sye
3137 281 3225 341 Ser¬

1900 454 1915 514 S
2004 416 2077 476 Man
2108 394 2195 454 acht
2211 378 2299 438 tegn
2330 366 2448 426 kindts
2463 357 2581 417 gwesen
2610 355 2685 415 und
2714 355 2774 415 eye
2788 356 2878 416 auf
2892 356 2952 416 dem
2981 358 3114 418 Peter
3129 355 3247 415 Noman

2121 480 2178 540 alß
2225 456 2363 516 Vatter
2388 439 2573 499 deßelben
2584 435 2758 495 verhaart:
2792 434 2919 494 denne
2978 430 3129 490 Ehstbh

1900 542 1931 602 d

2156 543 2330 603 Wenger
2365 530 2447 590 Von
2494 519 2705 579 Röthenbach
2728 513 2797 573 seye
2843 508 2972 568 gesteon
3008 499 3240 559 Kindergeesen

1906 635 1939 695 s

2126 630 2195 690 und
2218 621 2298 681 auff
2321 615 2366 675 dem
2401 606 2584 666 Johannß
2630 599 2745 659 Wyß
2779 595 2837 655 auß
2871 587 3077 647 Stralsundt
3099 575 3168 635 alß

1958 668 1971 728 g

2137 714 2255 774 hetter
2280 696 2476 756 deßelben
2502 685 2724 745 verhanndt.
2762 677 2880 737 Cogl.
2907 671 2984 731 solle
3012 662 3102 722 nach
3129 650 3193 710 der

1903 753 1927 813 s

2129 805 2351 865 Kantbett,
2368 778 2588 838 erschein.

2128 1012 2368 1072 Agierl
2424 984 2534 1044 Mit
2552 961 2848 1021 gegenwetige
2884 938 3014 998 Sapti
3032 926 3106 986 ser
3123 918 3197 978 Vor

2172 1093 2316 1153 Wochls
2339 1071 2588 1131 egsheinen
2608 1051 2735 1111 Jnno
2776 1034 2902 1094 Arbe
2923 1011 3214 1071 Jeungchaige

2175 1189 2253 1249 und
2284 1174 2362 1234 habt
2395 1152 2597 1212 verlangt,
2613 1135 2691 1195 daß
2739 1118 2911 1178 dieselben
2926 1103 3037 1163 Ihre,
3052 1092 3146 1152 umb
3161 1083 3239 1143 sich

1914 1166 2024 1226 Srobes
2039 1145 2164 1205 Animna.

2160 1270 2319 1330 hendor
2336 1251 2407 1311 der
2424 1231 2654 1291 herschoft
2671 1215 2742 1275 deß
2776 1207 2864 1267 boch
2881 1196 3077 1256 indersete
3111 1185 3148 1245 zu
3165 1176 3307 1236 können

2155 1351 2245 1411 dnt
2265 1335 2375 1395 fine
2393 1327 2411 1387 e
2429 1309 2723 1369 heitnadthschen
2741 1282 2979 1342 behälflich
2997 1264 3071 1324 seit
3089 1246 3273 1306 wolten,

2158 1440 2276 1500 Wir
2298 1425 2370 1485 mn
2393 1415 2464 1475 de
2487 1389 2839 1449 Reterschmit
2885 1361 3002 1421 beie
3025 1339 3237 1399 keribten

2171 1521 2392 1581 versteibet
2410 1502 2485 1562 wiß
2522 1490 2577 1550 hie
2595 1479 2706 1539 umb
2725 1469 2761 1529 so
2800 1460 2836 1520 da
2873 1449 2966 1509 nicht
3003 1428 3224 1488 annohalß

2163 1612 2267 1672 hete
2322 1593 2507 1653 nseg
2559 1575 2614 1635 ac
2640 1562 2773 1622 seher
2854 1543 2906 1603 e
2932 1527 3090 1587 bese
3116 1504 3279 1564 den

2185 1697 2413 1757 herecht
2491 1669 2644 1729 aler
2694 1650 2773 1710 de
2848 1626 3054 1686 hitech
3104 1598 3282 1658 lbert

2165 1802 2328 1862 serden
2380 1775 2542 1835 folge
2623 1754 2678 1814 en
2730 1734 2974 1794 steteg
3026 1704 3136 1764 ede
3162 1682 3269 1742 der

2172 1892 2343 1952 dhebe
2384 1875 2425 1935 Sr
2449 1860 2617 1920 obigin
2637 1839 2829 1899 Rfehte
2849 1821 2935 1881 fin
2979 1796 3191 1856 heinachs
3211 1769 3297 1829 fer¬

2163 1979 2364 2039 gestheiben
2399 1959 2436 2019 zu
2455 1947 2600 2007 laßten

2184 2143 2276 2203 Ie
2298 2132 2365 2192 ul
2391 2121 2458 2181 an
2480 2101 2687 2161 Melhe
2757 2068 2894 2128 etaht
2916 2043 3123 2103 bebalte
3170 2016 3355 2076 Vagr¬

2215 2223 2311 2283 Ihe
2334 2207 2526 2267 esiche
2553 2185 2623 2245 die
2649 2169 2768 2229 hatz
2818 2146 2914 2206 an
2937 2134 2960 2194 e
2987 2126 3033 2186 er
3057 2105 3325 2165 mitlise

2244 2309 2355 2369 set
2413 2289 2469 2349 he
2555 2264 2693 2324 edt
2724 2240 2866 2300 lege
2921 2219 2976 2279 un
3035 2199 3173 2259 ehech
3259 2174 3346 2234 er

1961 2278 2086 2338 Brunder
2099 2277 2200 2337 saty.

2219 2395 2374 2455 seteg
2554 2349 2630 2409 ist
2735 2321 2861 2381 ethr
2915 2296 3070 2356 abede
3121 2263 3352 2323 etrane

1960 2341 2030 2401 Veyge
2058 2350 2214 2410 Welcher

2217 2481 2370 2541 eshe
2588 2428 2712 2488 e
2772 2398 2989 2458 esen
3049 2354 3361 2414 rachsten

2204 2561 2305 2621 Sor
2348 2544 2472 2604 Mnss
2512 2530 2553 2590 de
2593 2503 2861 2563 Ratheladts
2882 2462 3130 2522 hrteisen
