4032 3024
441 295 570 355 4448

433 492 643 552 Klübinges
670 471 740 531 Hanß

447 575 578 635 Moena
601 550 792 610 Elisabech¬

449 653 579 713 Barat
601 640 665 700 Jean
698 626 785 686 fan¬

651 682 734 742 port

453 773 587 833 Talent
609 761 666 821 n.

767 345 897 405 Dig.
911 333 1099 393 Nachen
1115 324 1231 384 gnädigen
1245 320 1361 380 Heren
1376 320 1390 380 o
1404 320 1492 380 wohl
1520 326 1579 386 Ihr
1594 337 1781 397 eingseden

775 434 927 494 Aouedus
971 414 1183 474 betoffendt
1213 404 1274 464 der
1305 403 1576 463 Consistoriale
1591 415 1698 475 hande
1727 435 1835 495 zese¬

801 514 869 574 Hanß
916 499 1183 559 Flükinger
1218 487 1311 547 undt
1334 484 1403 544 der
1426 486 1634 546 Elisabeth
1670 504 1810 564 Marna¬

799 610 843 670 deß
887 599 975 659 Jean
1008 581 1206 641 Francois
1251 566 1449 626 Barrats
1482 565 1636 625 Fraut,
1647 573 1747 633 welche

814 689 867 749 Ihr
893 680 947 740 zut
974 670 1068 730 wolt
1094 654 1267 714 gebohene
1296 642 1429 702 Kindt
1455 638 1550 698 Erst
1563 638 1642 698 nach
1683 643 1749 703 der

778 776 917 836 Ghrist
941 759 1003 819 den
1042 740 1292 800 Flüifenger
1343 724 1607 784 zugefignet
1632 720 1808 780 erlute

775 853 847 913 alß
885 845 934 905 den
971 834 1142 894 darauff
1156 818 1377 878 erfolgten
1437 803 1672 863 Convenant
1684 800 1843 860 erdatert

784 936 981 996 Partheyn
992 924 1091 984 auch
1125 916 1157 976 in
1189 903 1387 963 ferneren
1431 885 1661 945 mündtlich
1673 877 1826 937 angehort

791 1024 932 1084 habend
967 1008 1131 1068 dieselben
1154 994 1307 1054 hiemit
1330 982 1471 1042 erkent
1508 974 1624 1034 wielen
1647 971 1684 1031 so
1695 970 1765 1030 wohl

788 1121 863 1181 der
900 1104 1062 1164 Barat
1087 1091 1162 1151 alß
1211 1080 1286 1140 seine
1335 1066 1535 1126 Ehefrauw
1598 1051 1848 1111 bekantlichseyn

804 1196 979 1256 müße,
1004 1187 1067 1247 den
1091 1173 1354 1233 Müringer
1392 1157 1480 1217 Erst
1492 1146 1628 1206 nachder
1655 1132 1779 1192 geißt

823 1290 898 1350 zum
947 1276 1109 1336 Vatter
1133 1262 1358 1322 deßelben
1395 1243 1630 1303 angegeben
1656 1227 1681 1287 zu
1705 1217 1793 1277 haben

821 1374 974 1434 Erdann
1012 1361 1139 1421 dieser
1177 1351 1280 1411 that
1318 1337 1548 1397 gäntzlich
1586 1317 1764 1377 verneuet

809 1469 867 1529 alß
903 1462 998 1522 solle
1032 1457 1080 1517 Er
1127 1450 1221 1510 von
1269 1438 1398 1498 dieser
1458 1420 1658 1480 anfleget
1671 1406 1741 1466 nach
1753 1399 1801 1459 der

817 1552 1014 1612 Odnung
1051 1546 1106 1606 de
1141 1539 1213 1599 Ao
1230 1530 1357 1590 172.
1375 1513 1554 1573 liberort
1591 1493 1663 1553 und
1681 1473 1842 1533 steishal

816 1637 908 1697 alleß
955 1631 1078 1691 Gott
1093 1626 1218 1686 undt
1265 1616 1328 1676 der
1343 1607 1465 1667 heith
1513 1569 1840 1629 heimbgestltn

820 1727 992 1787 folglich
1023 1722 1148 1782 Ihmen
1164 1712 1353 1772 Barrat
1384 1696 1509 1756 seiner
1540 1679 1619 1739 Foch
1650 1656 1791 1716 kindte

817 1820 1069 1880 solngacht
1091 1809 1254 1869 erlch
1299 1788 1554 1848 esprche
1599 1761 1646 1821 in
1669 1731 1854 1791 bschen

826 1917 935 1977 einen
953 1911 1210 1971 geständign
1245 1894 1412 1954 Vatter
1447 1871 1593 1931 deßen
1611 1843 1795 1903 Vorder

818 2009 1011 2069 Richter
1065 1995 1206 2055 sellen
1241 1982 1400 2042 sorde.
1436 1964 1578 2024 Vndt
1595 1932 1842 1992 zunolder

843 2089 1149 2149 MiehlSallet
1180 2070 1427 2130 geständig
1457 2053 1531 2113 sein
1559 2033 1735 2093 müßen,
1763 2006 1822 2066 den

820 2168 1067 2228 Converant
1082 2167 1283 2227 gescheiben,
1300 2158 1517 2218 znhaben,
1547 2140 1610 2200 alß
1670 2109 1780 2169 haben
1796 2080 1841 2140 der

832 2255 991 2315 WeHHr.
1020 2256 1093 2316 Fhr
1122 2255 1151 2315 u
1194 2252 1281 2312 wohl
1310 2243 1484 2303 verdieter
1514 2214 1760 2274 straffemmb
1776 2182 1819 2242 wos

855 2339 943 2399 buß
986 2341 1030 2401 zu
1059 2341 1206 2401 handen
1220 2338 1381 2398 UgH.
1395 2326 1571 2386 Verfelt,
1585 2303 1716 2363 wielche
1732 2275 1820 2335 M¬

847 2422 1048 2482 Santhun
1067 2426 1252 2486 besziechen
1268 2426 1388 2486 undt
1423 2418 1523 2478 Son
1556 2379 1844 2439 denstageben

860 2494 950 2554 Aicht
986 2496 1042 2556 ag
1060 2500 1187 2560 selbe
1223 2504 1460 2564 übesenden,
1478 2481 1695 2541 weigeride
1733 2422 1840 2482 eren

871 2563 951 2623 der
973 2572 1135 2632 Fellat
1155 2578 1237 2638 auf
1256 2575 1542 2635 obbstinbte
1582 2552 1644 2612 eit
1664 2508 1907 2568 onfehlet

876 2641 1078 2701 horhalten
1087 2644 1192 2704 laßen
1211 2647 1413 2707 werdende.

1898 500 1928 560 1

1916 549 2039 609 hot

1893 662 1910 722 R

1991 2361 2022 2421 ob
2044 2362 2118 2422 1.

3126 211 3226 271 425

2111 311 2281 371 Bescheit
2317 292 2413 352 hate,
2437 283 2595 343 Wälchl.
2607 280 2668 340 Ston
2692 280 2861 340 Krauphhol
2897 280 2970 340 undt
2982 280 3079 340 Sapt
3102 278 3152 338 der

2117 416 2215 476 setz
2239 395 2386 455 Müller
2400 383 2473 443 habe
2498 377 2559 437 von
2583 369 2768 429 Bümplitz
2794 364 2879 424 habe
2892 362 2941 422 Ihr
2991 357 3162 417 frendiger

2108 503 2203 563 Jahrs
2229 483 2312 543 umb
2349 465 2493 525 Mernia
2529 453 2590 513 tag
2613 446 2746 506 heumb
2783 440 2830 500 die
2854 436 2939 496 Ehes
2962 429 3179 489 Versprohe

2137 579 2247 639 fiehe
2276 558 2345 618 aber
2359 543 2496 603 allezeit
2525 531 2581 591 Ein
2594 525 2691 585 ander
2704 520 2774 580 noich
2788 513 2967 573 nemblich
2996 506 3052 566 der
3079 497 3205 557 sati¬

2105 670 2238 730 Sihke
2254 644 2354 704 Son
2403 617 2720 677 Eoberhürunges
2752 602 2852 662 wolhe
2869 597 2950 657 duch
2969 581 3167 641 fescheint

2120 762 2185 822 des
2206 739 2359 799 sill
2401 719 2487 779 abe
2532 710 2574 770 de
2619 697 2900 757 eteschetig,
2921 683 2986 743 de
3007 668 3202 728 Secsepste

2135 851 2170 911 Eo
2206 833 2297 893 habe
2314 819 2388 879 Ichr
2423 799 2658 859 verschrefe,
2676 784 2802 844 soleche
2820 776 2873 836 hr
2891 771 2964 831 vor
2982 764 3035 824 die
3070 753 3197 813 Ersten

2146 942 2222 1002 har
2262 926 2300 986 in
2338 914 2398 974 p.
2417 902 2514 962 Cos.
2533 889 2631 949 wibe
2650 877 2766 937 dieser
2785 867 2883 927 Krlch
2902 858 2980 918 alßs
2999 849 3057 909 hie
3078 840 3154 900 ehr

2162 1019 2407 1079 denen
2434 990 2483 1050 e
2531 964 2879 1024 teltergel
2928 937 3076 997 beset
3100 921 3252 981 en

2149 1117 2241 1177 auch
2260 1100 2355 1160 toht
2373 1087 2412 1147 zu
2431 1073 2563 1133 sehe,
2581 1059 2655 1119 daß
2694 1047 2750 1107 die
2768 1034 2958 1094 genendt
2976 1019 3182 1079 bümplich

2162 1208 2246 1268 sich
2279 1185 2431 1245 vidterst
2497 1159 2616 1219 wurde
2649 1144 2733 1204 also
2766 1130 2918 1190 habende
2951 1117 3070 1177 Meshe
3086 1105 3255 1165 elleß¬

2156 1282 2465 1342 Sitolirtun
2485 1253 2548 1313 die
2588 1236 2734 1296 Menge
2774 1216 2920 1276 hröihet
2940 1197 3086 1257 gesche
3127 1178 3230 1238 unde

2157 1391 2203 1451 de
2253 1367 2422 1427 Mille
2468 1345 2518 1405 o
2565 1330 2637 1390 oh
2661 1303 3022 1363 edetrstorf
3045 1279 3237 1339 Schteg

2163 1462 2343 1522 berund
2365 1444 2387 1504 s
2435 1432 2479 1492 en
2523 1412 2729 1472 laße,und
2773 1392 2865 1452 oll
2887 1382 2975 1442 nach
3023 1369 3181 1429 rflic
3203 1359 3270 1419 uch

2165 1548 2277 1608 dise
2299 1528 2413 1588 bich
2435 1510 2636 1570 derslbe,
2658 1497 2750 1557 dach
2772 1489 2840 1549 die
2862 1478 3063 1538 Phoafote
3085 1458 3243 1518 insein

2185 1629 2364 1689 heimath
2380 1607 2559 1667 gesuchet
2577 1592 2707 1652 wede,
2723 1584 2772 1644 da
2804 1572 3017 1632 Indeßen
3033 1559 3131 1619 Ihre
3146 1548 3212 1608 mit
3228 1538 3328 1598 gen¬

2164 1724 2302 1784 samb
2336 1703 2440 1763 alls
2474 1689 2597 1749 ferer
2614 1674 2787 1734 mihalg
2823 1661 2874 1721 by
2891 1649 3082 1709 Ehebruch
3099 1629 3237 1689 streff

2172 1794 2595 1854 Gottenstwerende
2633 1761 2834 1821 Sebette
2873 1738 3038 1798 Vorde.
3056 1724 3131 1784 der
3149 1708 3314 1768 Walte

2207 1886 2303 1946 mit
2334 1876 2396 1936 der
2412 1868 2492 1928 Erk
2538 1848 2823 1908 überlaßender
2854 1828 2918 1888 Ihr
2949 1813 3092 1873 Miller
3107 1793 3234 1853 umb

2173 1984 2252 2044 Se
2367 1962 2404 2022 e
2519 1936 2713 1996 e
2828 1902 2985 1962 e
3064 1871 3258 1931 ehen

2191 2058 2505 2118 zubelangen.

2195 2243 2371 2303 Patul
2410 2226 2467 2286 an
2488 2206 2741 2266 MHen
2760 2189 2820 2249 der
2858 2175 2994 2235 Burge
3016 2164 3152 2224 saner
3171 2151 3329 2211 Ruß¬

2203 2344 2394 2404 gelaben
2420 2323 2540 2383 alß
2587 2305 2660 2365 sir
2707 2291 2757 2351 vo
2804 2273 2948 2333 Mist
2998 2254 3068 2314 der
3094 2236 3262 2296 brchte

2210 2444 2346 2504 al
2512 2413 2568 2473 et
2678 2394 2704 2454 h
2844 2361 3010 2421 ese
3063 2337 3146 2397 et
3229 2313 3342 2373 le
