4032 3024
446 299 543 359 426
586 293 643 353 f.

775 339 854 399 Von
870 324 1080 384 Bumplitz
1112 313 1159 373 ich
1175 312 1240 372 dan
1272 311 1401 371 umdt
1417 315 1496 375 won
1530 329 1690 389 beylich
1706 355 1835 415 sesen

778 418 857 478 umb
892 407 1040 467 Riatica
1097 399 1268 459 betrobe,
1292 399 1473 459 anstatt
1496 409 1622 469 selbiges
1633 419 1702 479 aber
1713 431 1804 491 solhe

793 500 828 560 zu
862 494 956 554 seinen
990 489 1118 549 nutzen
1166 485 1200 545 zu
1223 484 1456 544 verbenden,
1468 492 1561 552 undt
1596 504 1701 564 Tinn
1712 516 1759 576 in

790 593 851 653 der
876 586 1024 646 Kellen
1050 576 1211 636 heuumb
1248 569 1508 629 verproßen
1533 578 1657 638 thue,
1681 594 1805 654 wieder

797 682 936 742 selbiger
957 672 1192 732 verdächtig
1223 665 1383 725 bezogen
1415 664 1543 724 undt
1564 666 1756 726 Eingesetzt

502 739 537 799 zu
559 730 640 790 wohl
651 718 777 778 verdiete

825 767 965 827 orden:
997 763 1105 823 Wie
1137 759 1224 819 nun
1267 754 1332 814 diß
1375 752 1440 812 Ein
1472 753 1655 813 schlimme
1676 761 1773 821 gesell

489 800 565 860 straf
602 791 666 851 für
692 784 704 844 8
728 781 780 841 tag

792 860 857 920 alß
871 856 950 916 abe
1001 852 1027 912 e
1080 846 1237 906 erre
1276 842 1341 902 rich
1382 842 1577 902 mar
1603 848 1722 908 daro

776 958 1070 1018 zukufftigen
1110 944 1257 1004 bericht
1284 937 1417 997 fahle
1444 930 1672 990 derselben
1685 925 1764 985 sich

795 1062 929 1122 feiner
955 1049 1144 1109 anmelde
1157 1039 1279 1099 thäte
1346 1031 1508 1091 parte
1547 1026 1668 1086 geben
1696 1022 1872 1082 wollen.

799 1211 956 1271 Aberde
989 1203 1122 1263 anzug
1146 1201 1212 1261 deß
1257 1201 1379 1261 alten
1401 1201 1469 1261 H.
1480 1201 1558 1261 Bon
1592 1198 1726 1258 Traves
1737 1194 1815 1254 mit

837 1296 901 1356 der
919 1293 1034 1353 Jafr.
1051 1291 1216 1351 Sine
1250 1291 1349 1351 soll
1382 1291 1464 1351 H.
1499 1281 1811 1341 Kostenhaffer

494 1292 683 1352 bonstetten
694 1283 746 1343 H.
768 1279 809 1339 Von

579 1351 744 1411 Travers

828 1391 918 1451 auff
947 1382 1186 1442 kunfftigen
1216 1375 1424 1435 donstag
1470 1362 1618 1422 Cotlert
1649 1338 1814 1398 worden,

497 1423 614 1483 keine
644 1422 764 1482 Jes.

1021 1632 1121 1692 Von
1160 1622 1283 1682 stage
1302 1621 1363 1681 de.
1383 1618 1464 1678 23.
1483 1610 1726 1670 Aprlisid
1745 1592 1765 1652 2

889 1869 1016 1929 Wart
1066 1864 1117 1924 der
1155 1861 1306 1921 Fraute
1345 1848 1547 1908 Johanna
1573 1825 1762 1885 Fatarina
1789 1795 1903 1855 Mur¬

542 1861 833 1921 Wurstemberger

877 1952 1082 2012 stembager
1107 1948 1209 2008 Ehme
1249 1939 1453 1999 gebohrnen
1479 1920 1646 1980 Santz
1658 1898 1748 1958 mnt
1761 1876 1865 1936 fer¬

531 1946 613 2006 Frl.
635 1940 693 2000 Joh.
704 1933 832 1993 satrine

603 2007 829 2067 Emanuel

863 2032 1004 2092 standt
1018 2030 1090 2090 Ihr
1117 2026 1316 2086 obettenen
1344 2017 1499 2077 Vogstes
1528 2003 1584 2063 H.
1612 1985 1711 2045 datvod
1739 1956 1838 2016 Wis

852 2119 951 2179 winder
967 2113 1050 2173 ihrn
1066 2112 1133 2172 vo
1166 2109 1380 2169 Etwolchen
1415 2097 1563 2157 Jahre
1597 2065 1795 2125 anstrte
1812 2020 1879 2080 nen¬

871 2201 1089 2261 Ehemame
1140 2195 1358 2255 Frauul
1409 2166 1795 2226 Guseinkerge

886 2279 981 2339 Ein
1018 2276 1246 2336 Sichkaurff
1264 2272 1494 2332 erthalt.
1513 2255 1569 2315 .
1608 2241 1645 2301 ad
1682 2195 1894 2255 fr.

879 2375 939 2435 Es
981 2375 1063 2435 sol
1103 2374 1267 2434 siterit
1309 2367 1451 2427 enden,
1473 2353 1556 2413 daß
1595 2301 1904 2361 bischesen

871 2458 1081 2518 Vortandn
1125 2458 1525 2518 isteteneheselbe,
1546 2429 1629 2489 dau
1714 2387 1779 2447 es
1820 2339 1906 2399 en

882 2533 962 2593 dach
982 2535 1044 2595 den
1085 2538 1167 2598 adl
1187 2540 1370 2600 Kilbicht
1390 2528 1596 2588 ertiet
1616 2496 1716 2556 bede
1759 2440 1882 2500 kenen

3150 204 3211 264 42
3240 211 3303 271 hl.

2312 342 2525 402 Constags
2555 334 2602 394 den
2617 332 2709 392 23.
2739 329 2893 389 Aprilis
2923 321 3047 381 1733.

2506 458 2693 518 Paeces.

2163 621 2426 681 MMndeHr
2457 602 2581 662 Sat.
2611 583 2781 643 Director
2813 563 2984 623 Genner.

2516 707 2776 767 Aessors.

2208 919 2376 979 Rth.
2413 907 2489 967 ols
2526 897 2563 957 in
2602 881 2770 941 Caupt.
2788 865 2864 925 Hr.
2883 846 3127 906 Atrall.

2214 1128 2482 1188 peplatea
2525 1095 2703 1155 Wtien
2725 1071 2928 1131 buthehe
2971 1042 3260 1102 bichshebes

2141 1154 2155 1214 4

2199 1230 2257 1290 Ier
2278 1215 2377 1275 aen
2396 1203 2457 1263 bst
2495 1189 2555 1249 Eho
2575 1171 2794 1231 genandts.
2813 1148 2934 1208 Znaß
2972 1122 3332 1182 geschufglicber

1941 1252 2016 1312 It
2030 1231 2134 1291 Adam

2218 1302 2287 1362 dier
2305 1284 2518 1344 shranger
2555 1257 2731 1317 verbobte
2768 1235 2909 1295 tateia
2962 1210 3246 1270 Kipfeschend
3281 1196 3316 1256 e

1932 1319 2198 1379 Shoferschendt

2196 1387 2261 1447 nit
2293 1370 2409 1430 helise
2425 1355 2508 1415 ille
2524 1340 2688 1400 tellendt
2705 1323 2853 1383 Mehe
2887 1309 2952 1369 vor
2968 1291 3248 1351 aufgetrogen

1979 1394 2092 1454 lasein

2226 1463 2363 1523 haben
2382 1440 2634 1500 beforhen
2656 1418 2752 1478 auf
2771 1410 2811 1470 d
2830 1402 2889 1462 2,
2908 1392 2986 1452 daß
3024 1370 3238 1430 ehalten

2203 1546 2389 1606 Sulst
2428 1526 2464 1586 4
2503 1517 2539 1577 vr
2557 1505 2689 1565 hfft
2707 1491 2764 1551 bey
2782 1475 2989 1535 eydesehl
3008 1457 3101 1517 goch
3119 1442 3290 1502 gehren

2378 1586 2575 1646 Werffehel

2172 1714 2451 1774 Gange
2508 1682 2621 1742 Hah
2675 1660 2842 1720 Veben
2900 1642 2954 1702 le
3039 1619 3291 1679 eilitige

2256 1794 2423 1854 keiuer
2444 1756 2825 1816 krundtschften
2845 1727 2887 1787 u
2910 1707 3162 1767 besthaub
3203 1683 3309 1743 seins

2245 1863 2514 1923 Mterneil
2554 1828 2762 1888 shft
2803 1809 2846 1869 it
2886 1795 3031 1855 hteh
3051 1772 3323 1832 hiftihen

1958 1837 2179 1897 Wullschlegel

2254 1948 2390 2008 Mech
2472 1924 2609 1984 ehe
2690 1901 2772 1961 eg
2827 1885 2879 1945 e
2934 1869 3045 1929 ent
3097 1849 3264 1909 unden

1993 1904 2163 1964 Ulleich.

2238 2014 2578 2074 geshehenden
2637 1977 2807 2037 slen
2862 1951 3032 2011 esehe
3063 1926 3233 1986 beten
3261 1902 3348 1962 de¬

1957 1977 2101 2037 hutigke
2115 1970 2219 2030 Eesbeg

2197 2134 2260 2194 Se
2383 2089 2569 2149 ete
2598 2061 2755 2121 se
2847 2037 2881 2097 e
3003 2015 3067 2075 de
3219 1974 3316 2034 er

2248 2196 2364 2256 het
2401 2180 2479 2240 e
2711 2140 2748 2200 e
2827 2116 2943 2176 ehe
3022 2092 3059 2152 e
3175 2055 3333 2115 en

2176 2283 2296 2343 bet
2387 2248 2627 2308 le
2689 2213 2809 2273 sele
2900 2189 2929 2249 e
3020 2169 3082 2229 n
3141 2150 3203 2210 eh
3232 2131 3356 2191 hen

2226 2368 2302 2428 de
2463 2333 2539 2393 e
2619 2305 2813 2365 e
3012 2262 3087 2322 es
3206 2229 3367 2289 sher

2237 2449 2362 2509 ger
2407 2411 2617 2471 e
2742 2364 2996 2424 en
3206 2305 3376 2365 sen
