4032 3024
463 288 573 348 1288

754 354 913 414 MeHer
939 339 1019 399 ehne
1032 327 1165 387 solches
1178 317 1258 377 auch
1285 308 1511 368 bewilliget
1537 311 1563 371 in
1591 315 1644 375 den
1670 329 1816 389 Wrßende

771 444 827 504 daß
871 431 928 491 der
972 407 1259 467 Wullschegel
1287 391 1374 451 alle
1402 389 1488 449 seine
1502 394 1790 454 Kundtschafften

788 525 857 585 für
882 508 998 568 find-
1010 493 1102 553 und
1127 484 1219 544 alle
1243 475 1394 535 mahl,
1406 472 1440 532 so
1464 472 1500 532 er
1523 472 1580 532 zum
1628 475 1825 535 beiefthaub

795 600 850 660 daß
896 587 940 647 der
973 574 1107 634 Vatter
1131 563 1242 623 undt
1276 557 1331 617 die
1365 554 1522 614 Mutter
1545 554 1578 614 in
1612 554 1723 614 dieser
1747 558 1791 618 Ehe

802 670 1011 730 gewilliget
1035 648 1208 708 dreunden
1232 637 1369 697 stellen
1381 633 1529 693 thue,
1566 634 1688 694 deßen
1714 639 1801 699 derche¬

457 724 587 784 Rinnet
598 722 631 782 14
652 713 773 773 tagen,

781 762 898 822 Gres.
924 750 1056 810 hiemit
1081 736 1264 796 berichtet,
1292 722 1500 782 benebens
1513 714 1749 774 freundtlich

785 846 958 906 ersucht
971 831 1104 891 wabe,
1130 821 1183 881 die
1211 806 1542 866 Kundtschafft
1555 796 1781 856 anzuhörn

789 938 896 998 undt
919 925 1061 985 selbige
1075 913 1170 973 nach
1217 896 1537 956 Verflüßung
1574 886 1704 946 obigen
1728 886 1846 946 temins

797 1031 956 1091 sambt
987 1006 1278 1066 herhaltung
1321 986 1409 1046 der
1437 973 1657 1033 Pfartheyn
1686 961 1729 1021 sin
1759 954 1847 1014 der¬

817 1115 984 1175 malige
1019 1093 1305 1153 befendigung
1338 1062 1642 1122 berschloßer
1658 1033 1845 1093 huube¬

795 1199 990 1259 ssenden,
1029 1186 1089 1246 die
1128 1175 1207 1235 den
1246 1158 1422 1218 Vetter
1443 1135 1639 1195 hunzig
1658 1106 1837 1166 lerchen

833 1274 996 1334 benann
1031 1264 1105 1324 st,
1122 1255 1229 1315 seine
1249 1234 1520 1294 gebuhrnde
1556 1200 1771 1260 Aechtlichen

821 1362 1064 1422 scuptines
1103 1347 1198 1407 ider
1234 1336 1292 1396 die
1329 1318 1517 1378 sellende
1554 1282 1855 1342 Kundschafft

818 1442 963 1502 macher
981 1434 1238 1494 zukemmen.
1276 1414 1347 1474 N.
1367 1403 1421 1463 de
1439 1371 1825 1431 Wilschelistber¬

806 1508 1089 1568 sulochegetihe
1111 1496 1131 1556 v
1151 1487 1292 1547 sudt
1312 1461 1617 1521 haundegeschet
1659 1434 1801 1494 worten

810 1656 1094 1716 Bomont
1115 1636 1268 1696 Paf.
1289 1620 1355 1680 zu
1376 1593 1661 1653 belndigung
1706 1558 1769 1618 deß

881 1726 1491 1786 Matinanalogschfht
1534 1652 1875 1712 seiseshtwen

519 1765 646 1825 Romen
681 1759 807 1819 Susanne

864 1822 1009 1882 Pone,
1027 1818 1118 1878 und
1156 1811 1227 1871 Hrr
1265 1800 1357 1860 Wan
1392 1784 1501 1844 Boeit
1521 1764 1666 1824 Ceicln
1702 1739 1757 1799 il
1775 1721 1884 1781 klache

530 1849 656 1909 Gnivel
679 1843 769 1903 Haac
781 1837 850 1897 Lon¬

861 1906 907 1966 si
956 1900 1024 1960 daß
1073 1894 1119 1954 es
1142 1887 1236 1947 eht
1262 1872 1402 1932 heilb
1448 1857 1496 1917 un
1519 1844 1591 1904 er
1613 1827 1685 1887 aus
1708 1794 1897 1854 ense¬

863 1981 958 2041 babe
1004 1975 1148 2035 nse
1194 1966 1242 2026 eh
1288 1946 1572 2006 eseliche
1644 1902 1716 1962 en
1762 1865 1883 1925 hun

851 2077 1013 2137 dertie
1068 2066 1255 2126 seh
1310 2051 1391 2111 lah
1446 2019 1688 2079 aufe
1743 1958 1879 2018 woden

847 2169 960 2229 selt
1007 2165 1054 2225 ir
1098 2154 1396 2214 hitibericht
1421 2133 1490 2193 tan
1512 2088 1858 2148 alchirtiben

856 2256 895 2316 zu
922 2246 1078 2306 laßen.

881 2368 1008 2428 Piere
1033 2365 1097 2425 Vor
1122 2362 1186 2422 von
1211 2356 1478 2416 Chaleandoca
1528 2340 1592 2400 hat
1617 2320 1783 2380 Verlangt
1808 2294 1845 2354 bor

576 2382 646 2442 Ror
677 2375 798 2435 Pierre

876 2441 965 2501 mit
981 2441 1101 2501 futar
1146 2441 1280 2501 Andel
1326 2435 1400 2495 Von
1415 2421 1671 2481 Peikenbug
1701 2377 1850 2437 rfcheic

575 2453 685 2513 Andre
711 2450 805 2510 suvor

882 2505 954 2565 uenen
984 2508 1041 2568 e
1070 2512 1144 2572 ndige
1172 2513 1260 2573 er
1291 2512 1348 2572 ber
1377 2506 1524 2566 habendt
1553 2492 1612 2552 Sie
1641 2471 1757 2531 dahin
1771 2444 1845 2504 ges

882 2573 948 2633 Iich
964 2574 1142 2634 Nemehl
1158 2578 1192 2638 in
1223 2579 1320 2639 Eüier
1336 2579 1467 2639 weher
1483 2574 1517 2634 in
1548 2562 1645 2622 Ihon
1661 2528 1824 2588 Priade

885 2637 1064 2697 Vrbelnd,
1088 2647 1316 2707 zulaßen.

3122 209 3278 269 429.

1924 417 1979 477 de
2238 326 2297 386 en
2352 308 2438 368 ah
2611 288 2811 348 esent
2897 288 2983 348 den
3042 292 3215 352 eleies

2012 434 2272 494 MerinsMarin
2288 390 2466 450 bolling,
2482 379 2514 439 so
2530 373 2677 433 sichmit
2693 373 2791 433 honß
2839 373 2953 433 Mehr
2969 374 3083 434 kaut
3099 372 3230 432 Ein¬

2160 494 2288 554 kammen
2317 476 2426 536 bericht
2436 465 2593 525 schreibens
2624 459 2693 519 von
2712 457 2929 517 Schöfftlandt
2948 454 2979 514 in
2998 451 3236 511 Ehebauch¬

2133 574 2361 634 vertrabet,
2374 552 2468 612 auch
2481 544 2549 604 sich
2562 538 2629 598 mit
2657 532 2736 592 Ihre
2751 529 2898 589 außert
2924 526 3060 586 landts
3086 523 3233 583 begeben

1918 539 2150 599 gesheen

2939 598 2984 658 ad
3012 593 3280 653 famum.

2130 637 2671 697 dischulzungerhalt.

2152 861 2375 921 Misten
2414 828 2505 888 undt
2526 799 2879 859 Frofgenbister
2897 782 3009 842 Heh.
3027 776 3159 836 Resel

2160 964 2174 1024 E
2228 946 2311 1006 habe
2352 922 2532 982 Endtlichen
2559 904 2683 964 damiel
2710 892 2820 952 Mibel
2861 883 2931 943 Van
2958 879 3109 939 Murten
3123 875 3287 935 angebobt

2180 1037 2249 1097 ben
2276 1019 2358 1079 Ihne
2385 1007 2440 1067 von
2469 998 2509 1058 der
2523 988 2661 1048 Barbora
2703 975 2812 1035 Jman
2854 966 2923 1026 von
2950 953 3199 1013 bochgebicher

1922 1021 2015 1081 sehl
2029 999 2122 1059 darel

2157 1121 2262 1181 Vod
2306 1096 2369 1156 fre
2390 1077 2585 1137 undach
2606 1054 2947 1114 egensthigete
2968 1032 3139 1092 derbede

1930 1099 1993 1159 sei
2041 1073 2152 1133 beibe

2164 1204 2247 1264 alo
2267 1185 2329 1245 ban
2369 1164 2513 1224 seinige
2533 1152 2573 1212 an
2593 1144 2777 1204 zuen,
2800 1134 2942 1194 datze
2984 1124 3044 1184 Ihr
3086 1107 3228 1167 solches

2170 1280 2258 1340 auch
2292 1262 2346 1322 ad
2363 1247 2505 1307 forman
2540 1235 2611 1295 alß
2645 1230 2682 1290 hr
2699 1224 2841 1284 ehrlich
2858 1208 3086 1268 zuesrochen
3123 1181 3228 1241 undt

2184 1360 2324 1420 freidte
2361 1335 2396 1395 zu
2450 1315 2644 1375 ablenßten
2662 1303 2839 1363 gehalten
2856 1295 2979 1355 worde
3016 1285 3103 1345 anbe
3139 1267 3263 1327 hebet

2196 1432 2484 1492 deseshe
2507 1399 2676 1459 beihen
2725 1384 2871 1444 frde
2894 1374 3037 1434 belche
3063 1355 3278 1415 nachten

2160 1551 2202 1611 do
2244 1527 2371 1587 denun
2436 1493 2647 1553 bshehte,
2668 1478 2710 1538 Se
2733 1471 2817 1531 abe
2838 1462 2924 1522 das
2944 1453 3051 1513 Klnd
3093 1437 3262 1497 efact

2183 1621 2358 1681 gerhalte
2393 1594 2515 1654 solle

2169 1749 2467 1809 Mlsteurg
2507 1730 2548 1790 an
2587 1722 2626 1782 hr
2666 1710 2785 1770 ancst
2827 1686 3064 1746 Satehaltr.
3086 1667 3145 1727 bi
3165 1651 3323 1711 Sikan

2241 1846 2389 1906 ganab
2410 1830 2495 1890 sen
2536 1810 2728 1870 ontelag
2769 1788 2832 1848 e
2855 1769 3044 1829 fehalten
3085 1734 3363 1794 cheimnen

1967 1873 2076 1933 Sengel
2098 1860 2218 1920 Suranne

2243 1924 2476 1984 beste
2530 1894 2661 1954 edet
2712 1878 2763 1938 ie
2791 1869 2842 1929 de
2893 1849 3049 1909 hent
3078 1815 3311 1875 genitten

1963 1952 2056 2012 Gwrard
2077 1946 2212 2006 Samuel

2237 2019 2293 2079 de
2352 2004 2408 2064 e
2494 1987 2522 2047 e
2550 1979 2606 2039 he
2692 1947 2977 2007 edetig
3064 1909 3148 1969 se
3179 1886 3294 1946 den

2218 2102 2305 2162 ded
2367 2088 2396 2148 h
2454 2068 2636 2128 lete
2724 2036 2844 2096 end
2935 2012 2993 2072 he
3142 1971 3325 2031 fen

2220 2181 2448 2241 destaher
2498 2147 2701 2207 sihe
2729 2119 2855 2179 hate
2904 2095 3031 2155 enbe
3058 2076 3185 2136 seft
3234 2061 3364 2121 hen

2213 2270 2298 2330 des
2325 2255 2493 2315 eg
2520 2237 2604 2297 hah
2685 2215 2769 2275 id
2911 2173 3160 2233 beisen
3187 2151 3302 2211 des

2217 2368 2277 2428 de
2333 2350 2479 2410 ast
2539 2327 2598 2387 e
2626 2306 2800 2366 egen
2832 2280 2919 2340 be
2975 2250 3300 2310 hebeschen

2227 2449 2423 2509 gesht
2502 2423 2539 2483 e
2656 2392 2814 2452 ese
3127 2328 3365 2388 ese

2245 2506 2796 2566 gereschesfeben
