4032 3024
477 286 646 346 430f.

762 317 938 377 Haanen
978 302 1113 362 Praf.
1154 297 1262 357 Was
1289 297 1398 357 Hanß
1438 306 1573 366 Ginger
1600 320 1654 380 auß
1694 345 1816 405 Lautte

797 395 891 455 Regen
917 388 998 448 seine
1025 384 1093 444 mit
1106 381 1254 441 hateina
1281 380 1416 440 Steiner
1456 386 1550 446 von
1578 402 1780 462 darselbsten

484 455 609 515 Hange
643 435 732 495 Hanß

821 485 992 545 besangen
1020 476 1107 536 fholh
1164 469 1178 529 n
1222 467 1323 527 ndign
1351 467 1452 527 Heren
1466 472 1637 532 bertagen
1665 489 1794 549 laßen

495 529 621 589 Steiner
635 506 776 566 Cateia

830 578 882 638 der
914 568 1063 628 soliben
1084 560 1149 620 des
1181 556 1266 616 HH.
1287 554 1405 614 Praes.
1426 556 1500 616 Auß
1543 562 1756 622 mittkommender

799 659 1064 719 bittschaifft
1087 647 1292 707 zuersehen,
1329 637 1522 697 Mes.
1546 631 1617 691 aber
1643 631 1798 691 habenden

812 746 955 806 hierein
982 741 1047 801 mit
1060 736 1230 796 fratten,
1243 729 1400 789 sondern
1425 725 1478 785 Er
1491 724 1673 784 lediglich
1699 727 1777 787 noch

820 844 882 904 der
905 826 1101 886 Oodnung
1125 814 1283 874 bewenden
1307 808 1465 868 laßen.

870 979 983 1039 Wand
1005 967 1062 1027 dem
1118 959 1231 1019 Anna
1277 957 1434 1017 Rohler
1457 958 1547 1018 Von
1569 956 1706 1016 Bürgi
1717 952 1784 1012 Ihre

1711 994 1875 1054 bewilligt

488 1037 640 1097 Rohler
664 1020 829 1080 Anna.

838 1065 935 1125 sern
964 1052 1020 1112 deß
1077 1042 1175 1102 Hanß
1216 1031 1400 1091 Jungis
1427 1027 1496 1087 von
1567 1027 1778 1087 Stofferen

510 1097 615 1157 Jung
669 1083 748 1143 hanß

822 1146 957 1206 Weibel
989 1133 1051 1193 von
1082 1123 1196 1183 allda
1249 1116 1281 1176 so
1301 1113 1352 1173 Ein
1384 1106 1540 1166 schreiben
1560 1097 1643 1157 von
1665 1089 1728 1149 den

820 1211 1196 1271 Dungempanger
1231 1195 1303 1255 hat
1357 1187 1464 1247 auff
1498 1172 1679 1232 binfftig
1696 1153 1840 1213 saber

810 1308 892 1368 fut
926 1293 1076 1353 Mehn
1108 1285 1142 1345 zu
1176 1279 1326 1339 uiten

510 1441 691 1501 Dupont
715 1429 838 1489 Sammel
862 1423 1007 1483 Wart
1031 1420 1080 1480 der
1104 1418 1249 1478 Samul
1285 1414 1443 1474 Dupont
1455 1408 1564 1468 undt
1576 1403 1624 1463 zie
1636 1395 1769 1455 Estbeth.
1782 1380 1878 1440 Maupr

850 1510 955 1570 wegen
980 1508 1021 1568 deß
1072 1506 1151 1566 Von
1176 1505 1229 1565 dem
1269 1501 1412 1561 Erster
1438 1491 1595 1551 gescheb
1635 1466 1819 1526 iunde

525 1526 686 1586 Glauser
716 1510 848 1570 Elßbe.

872 1594 1007 1654 Vnder
1020 1591 1155 1651 bestenn
1197 1588 1250 1648 der
1277 1583 1414 1643 Jacob
1440 1570 1562 1630 Ochsch
1602 1551 1710 1611 wegen
1739 1531 1792 1591 der

522 1617 669 1677 Oihsl.
702 1600 816 1660 Jacob

839 1694 981 1754 Maria
1012 1684 1169 1744 Glaußs
1200 1675 1422 1735 gegebener
1469 1648 1706 1708 Feusseune
1737 1612 1784 1672 ven

820 1788 1147 1848 Redtgstalt,
1169 1774 1212 1834 da
1255 1764 1322 1824 dam
1365 1754 1432 1814 de
1475 1714 1891 1774 beprntschafen¬

849 1866 1144 1926 verantwoetet
1177 1856 1238 1916 der
1253 1850 1408 1910 Ochfl.
1425 1840 1502 1900 seye
1535 1830 1596 1890 zun
1626 1817 1720 1877 Ihre
1736 1797 1845 1857 komme

856 1950 943 2010 und
960 1948 1046 2008 habe
1063 1948 1116 2008 die
1150 1945 1272 2005 Wibe
1289 1934 1498 1994 zeysehnen
1532 1916 1601 1976 midt
1618 1903 1688 1963 sich
1705 1875 1878 1935 gebrechte

859 2024 975 2084 undt
989 2023 1220 2083 Ihrersucht
1264 2020 1307 2080 Er
1336 2016 1452 2076 wolle
1480 2007 1582 2067 Ihue
1625 1992 1684 2052 zu
1712 1967 1871 2027 gefalten

866 2107 957 2167 Ein
990 2105 1190 2165 zeigsamme
1220 2101 1376 2161 ersucht,
1391 2094 1498 2154 habe
1515 2085 1561 2145 Er
1576 2072 1700 2132 solche
1715 2047 1808 2107 auff
1823 2019 1902 2079 zhu¬

866 2187 1164 2247 mitglaubende
1210 2183 1359 2243 hierum
1403 2171 1583 2231 verfellt
1598 2155 1644 2215 zu
1659 2141 1747 2201 hebe,
1778 2112 1852 2172 Wer

868 2265 918 2325 min
951 2269 1087 2329 Mehl.
1104 2267 1306 2327 gebehet,
1339 2258 1407 2318 daß
1440 2244 1558 2304 solche
1577 2228 1659 2288 auß
1695 2198 1845 2258 lautete

874 2346 964 2406 solt
984 2350 1112 2410 umdt
1130 2348 1276 2408 Eeichen
1314 2338 1442 2398 bosen
1460 2319 1624 2379 absefer
1662 2293 1716 2353 idt
1733 2280 1751 2340 s
1790 2254 1882 2314 hen

876 2420 935 2480 des
957 2423 1035 2483 sind
1057 2428 1216 2488 siemit
1236 2426 1336 2486 fars
1378 2408 1660 2468 Remntran
1699 2361 1860 2421 bensech

883 2497 993 2557 soldi
1010 2502 1176 2562 ersohen
1211 2506 1523 2566 zumünßtiger
1541 2475 1742 2535 disittit
1780 2424 1833 2484 der

890 2580 994 2640 dese
1058 2580 1120 2640 be
1141 2581 1206 2641 fin
1247 2582 1333 2642 eine
1353 2579 1480 2639 ehe
1521 2557 1710 2617 estauf
1752 2490 1923 2550 isen

908 2647 1078 2707 Montag
1105 2652 1277 2712 hinmnder
1304 2656 1474 2716 gesetzet
1487 2651 1629 2711 werden

3145 210 3174 270 4
3216 205 3302 265 2h.

2334 324 2604 384 Montagt
2639 313 2694 373 den
2714 309 2766 369 27.
2786 302 2947 362 Aprilio
2984 293 3074 353 133

2529 434 2739 494 Prases.

2211 598 2231 658 M
2353 587 2372 647 H
2514 559 2655 619 Sealt.
2694 534 2855 594 Dirctos
2896 516 3057 576 Jemner

2512 674 2810 734 Asesreo.

2178 847 2392 907 Wohl.
2412 826 2520 886 aes.
2537 813 2699 873 Enap.
2717 803 2807 863 Snd
2844 789 3059 849 Ahnaltz

2227 1020 2272 1080 Is
2318 1004 2387 1064 dem
2454 985 2615 1045 Sinrar
2650 970 2810 1030 Reichent
2843 962 2946 1022 einem
2992 950 3300 1010 Schneidergesellen

1953 1052 2080 1112 Srichedt
2093 1028 2196 1088 Sine¬

2215 1089 2284 1149 auß
2318 1076 2376 1136 dem
2421 1056 2706 1116 Wittwbergische
2753 1036 2958 1096 bewilliget
2994 1024 3074 1084 mit
3085 1015 3210 1075 Maria

2217 1157 2458 1217 Magdebnan
2488 1137 2601 1197 hande
2645 1127 2715 1187 von
2729 1117 2872 1177 allhier
2902 1109 3014 1169 Kirche
3030 1099 3129 1159 Richt
3157 1088 3272 1148 holten

1937 1145 2016 1205 dee
2048 1109 2174 1169 ane.

1963 1178 2139 1238 sopdabena

2234 1239 2279 1299 zu
2292 1225 2425 1285 können

2257 1388 2496 1448 Wantauff
2509 1368 2720 1428 Expdition
2775 1353 2840 1413 deß
2881 1339 3092 1399 Ihergrichts
3106 1330 3133 1390 zu
3173 1320 3319 1380 Esertin

1946 1424 2043 1484 sandes
2061 1406 2224 1466 triefran

2235 1488 2285 1548 der
2312 1462 2629 1522 Anesfraniorie
2654 1442 2780 1502 sendor
2819 1433 2906 1493 vndd
2933 1427 2983 1487 Ihm
3022 1422 3084 1482 sich
3109 1418 3161 1478 Ao
3186 1411 3314 1471 1724.

2026 1472 2143 1532 coise.

2247 1548 2598 1608 außgetrettenen
2640 1521 2810 1581 Theinen
2879 1507 2978 1567 Jean
3020 1495 3216 1555 Baptisle
3246 1483 3357 1543 Mal

1955 1598 2048 1658 Woadt
2062 1586 2139 1646 Hear
2155 1578 2200 1638 Sop

2233 1656 2329 1716 Won
2366 1635 2481 1695 aller
2518 1620 2595 1680 Ein
2614 1602 2862 1662 Auffriff
2881 1589 2918 1649 zu
2956 1577 3147 1637 Epertier
3185 1557 3355 1617 uileben

3009 1653 3050 1713 ad
3079 1631 3348 1691 formam.

2017 1638 2142 1698 sisle.

2233 1725 2447 1785 Erthelt.

2233 1922 2559 1982 Langenthal.
2575 1889 2787 1949 Nachdene
2803 1870 2966 1930 Mere
2999 1857 3049 1917 der
3065 1844 3309 1904 außgscheften

1987 2060 2068 2120 bet
2125 2039 2206 2099 hes
2290 2016 2375 2076 en
2402 1992 2652 2052 engehet
2679 1965 2902 2025 fiheit
2956 1938 3179 1998 egense
3233 1913 3375 1973 endt

2280 2094 2405 2154 ginde,
2426 2083 2487 2143 daß
2530 2069 2635 2129 hanß
2676 2052 2822 2112 hotezs
2865 2028 3093 2088 verlabente
3116 2008 3197 2068 Ehr
3218 1996 3302 2056 mit

2269 2173 2456 2233 bateine
2494 2143 2718 2203 Boeneibluß
2775 2118 2907 2178 besden
2925 2103 3058 2163 Ihren
3076 2083 3338 2143 angebrgen

1974 2146 2171 2206 Honenblust
2193 2136 2237 2196 hat

2270 2252 2434 2312 aele
2651 2212 2842 2272 eise
2898 2184 3114 2244 eseaun
3170 2167 3226 2227 ih
3279 2157 3391 2217 e¬

2265 2336 2465 2396 füando
2507 2319 2707 2379 Verhort,
2727 2298 2848 2358 habe
2890 2270 3070 2330 dieselbe
3090 2248 3172 2308 beir
3211 2235 3273 2295 dem

2258 2415 2519 2475 gesese
2578 2396 2692 2456 eng
2720 2375 2897 2435 ete
2952 2351 3011 2411 de
3070 2330 3157 2390 f
3213 2297 3390 2357 heten
