4032 3024
469 306 565 366 432
579 304 593 364 s

793 374 1042 434 können,
1082 362 1313 422 derbegen
1353 359 1545 419 mere
1564 369 1661 429 dise
1701 382 1738 442 er
1776 401 1875 461 ester

797 449 961 509 maßen
1020 444 1273 504 bestätiget,
1303 440 1334 500 so
1363 440 1587 500 daßselbe
1616 450 1691 510 sein
1720 467 1856 527 setzang

808 543 901 603 haben
924 536 1041 596 soll:
1075 530 1134 590 die
1157 523 1518 583 außgeschoßene
1576 521 1681 581 gegen
1692 524 1751 584 den

807 627 1089 687 hertzigumb
1136 616 1217 676 das
1254 611 1453 671 außfgebe
1500 606 1606 666 gelt
1629 602 1736 662 dieser

804 718 941 778 allhar
963 709 1042 769 Reß
1087 702 1190 762 auff
1224 695 1486 755 Moderation
1555 692 1622 752 hin
1645 694 1838 754 verfellende

803 812 874 872 Ihm
932 805 1031 865 aber
1074 796 1161 856 den
1189 785 1390 845 Deconrs
1420 777 1519 837 gegen
1547 773 1634 833 Ihre
1648 773 1849 833 Conctituntz

796 881 1140 941 überlaßende:

806 1074 1142 1134 Langenthal
1159 1063 1211 1123 an
1228 1059 1317 1119 H.
1334 1056 1563 1116 Pffarchl.
1581 1060 1862 1120 Außhstle

848 1178 993 1238 schieiben
1055 1163 1165 1223 habend
1177 1155 1251 1215 Mein
1263 1149 1361 1209 gnädigen
1373 1144 1470 1204 Herren
1482 1137 1630 1197 rsechen,
1642 1132 1702 1192 wie
1728 1129 1788 1189 daß

509 1228 656 1288 Martz
690 1211 837 1271 Hanß,

842 1260 918 1320 Hanß
974 1252 1116 1312 Marti
1153 1244 1220 1304 der
1268 1235 1362 1295 Vies
1399 1225 1495 1285 von
1523 1210 1769 1270 Langnthal

844 1340 1094 1400 Einschreiben,
1105 1331 1138 1391 so
1171 1325 1257 1385 von
1323 1315 1388 1375 dem
1421 1308 1487 1368 Hl.
1497 1294 1749 1354 Pfredicanten
1770 1281 1813 1341 an

839 1436 897 1496 er.
909 1424 1146 1484 landtvogt
1182 1413 1300 1473 Otth
1323 1404 1417 1464 auff
1454 1393 1642 1453 Wangen
1666 1375 1831 1435 adelstirt

842 1513 982 1573 war,
995 1504 1340 1564 auffgfange,
1367 1494 1417 1554 dan
1457 1487 1507 1547 ein
1520 1481 1622 1541 gnädige
1647 1470 1725 1530 Herre
1750 1460 1802 1520 hn

855 1609 968 1669 solcher
992 1606 1066 1666 auch
1093 1599 1242 1659 allhier
1280 1580 1544 1640 verleißlich
1568 1556 1819 1616 vorgehalten

852 1703 921 1763 Iich
937 1698 1091 1758 solcher
1108 1681 1398 1741 ohngebühre
1432 1648 1791 1708 Piniebige.

823 1900 1049 1960 Lauppen
1101 1894 1253 1954 Praf.
1278 1889 1328 1949 on
1342 1885 1404 1945 Mine
1417 1879 1518 1939 gnädigen
1544 1869 1645 1929 Herren
1658 1861 1720 1921 feyr
1747 1848 1874 1908 under¬

870 1986 1203 2046 mahlerschinnen
1260 1979 1392 2039 Jacob
1421 1966 1624 2026 Güntlis
1638 1947 1769 2007 Prger
1783 1931 1842 1991 von

539 2026 743 2086 Runtlich
759 2024 863 2084 frge

866 2072 960 2132 allda
1003 2065 1130 2125 undt
1182 2062 1277 2122 habe
1319 2057 1393 2117 sich
1414 2047 1603 2107 erklagt,
1625 2029 1699 2089 daß
1740 2011 1804 2071 dero

632 2112 786 2172 Jacob.

869 2151 1111 2211 Erkantnuß
1162 2146 1239 2206 von
1276 2143 1303 2203 5
1367 2135 1544 2195 Martii
1569 2116 1722 2176 besthin
1748 2086 1862 2146 dohin

872 2232 1103 2292 verstanden
1117 2225 1232 2285 werden
1257 2224 1399 2284 wolle,
1424 2221 1464 2281 ob
1502 2214 1619 2274 wäre
1644 2200 1709 2260 Ein
1734 2173 1901 2233 überwesor

871 2311 1004 2371 Wann
1032 2311 1165 2371 deßt
1178 2311 1285 2371 wegen
1313 2310 1420 2370 Ihme
1433 2304 1568 2364 solches
1594 2291 1688 2351 auch
1714 2272 1782 2332 von
1808 2242 1917 2302 Eont¬

884 2384 965 2444 und
996 2390 1158 2450 andere
1189 2398 1447 2458 Vrkeistlich
1480 2379 1738 2439 vorgehalten
1754 2334 1900 2394 werden,

863 2477 1255 2537 Wehersuchende
1312 2482 1485 2542 darüber
1516 2474 1574 2534 die
1603 2451 1835 2511 gebührendte

1949 1279 2179 1339 lontrsepte

1969 1348 2103 1408 pugne.

1952 1446 2058 1506 Partio
2098 1422 2164 1482 iem

3133 217 3239 277 433

2147 351 2413 411 Erleüterung
2444 338 2539 398 Ihme
2561 335 2688 395 darüber
2709 334 2932 394 zuertheilen.
2953 331 3133 391 Nachdemme
3156 322 3218 382 nun

2131 447 2324 507 Mngdger
2335 431 2403 491 e
2438 424 2551 484 nhalt
2574 417 2813 477 vorsehendes
2848 410 3063 470 Erkantnuß
3098 401 3155 461 Ihn

2147 525 2296 585 vorlesen
2317 514 2455 574 laßen,
2486 503 2668 563 habendt
2688 493 2847 553 dieselben
2889 480 3102 540 befunden,
3112 467 3186 527 daß

2154 611 2238 671 das
2269 599 2365 659 wort
2385 584 2616 644 überleisen
2657 569 2825 629 lediglich
2857 555 2993 615 bewiesen
3025 543 3088 603 sein
3098 531 3234 591 sollen,

2155 689 2337 749 folglich
2359 676 2440 736 auch
2462 669 2576 729 solches
2599 661 2713 721 Ihme
2747 650 2940 710 Güntliß
2962 637 3076 697 frged
3087 629 3121 689 an
3145 620 3247 680 seinen

2161 776 2340 836 habenden
2372 757 2472 817 Ehren
2496 745 2607 805 weder
2618 735 2796 795 schädlich
2819 727 2897 787 noch
2930 714 3141 774 verkeistlich
3153 698 3219 758 sein

2155 865 2304 925 solle.
2336 842 2385 902 Es
2403 825 2584 885 übrigens
2617 807 2798 867 lediglich
2831 798 2897 858 bey
2913 790 3079 850 deselbe
3113 775 3279 835 Erbent¬

2159 950 2250 1010 nes
2278 927 2427 987 e
2458 892 2789 952 debset

2180 1139 2433 1199 Civrins:
2469 1109 2613 1169 Weiln
2639 1093 2844 1153 ohngeachst
2868 1085 3048 1145 3alige
3073 1078 3277 1138 peremp¬

2220 1229 2360 1289 trischer
2385 1203 2577 1263 Cittation
2642 1185 2692 1245 die
2719 1172 2897 1232 Benigne
2924 1158 3089 1218 Lamboher,
3116 1148 3179 1208 vor

2200 1287 2699 1347 Miehsenterschinen,
2719 1255 2799 1315 alß
2821 1244 2960 1304 habent
2979 1222 3182 1282 diselben

2230 1396 2309 1456 dit
2360 1380 2439 1440 ds
2490 1361 2624 1421 eine
2649 1340 2833 1400 Roateor
2858 1323 2938 1383 en
2989 1309 3068 1369 ed
3119 1296 3198 1356 des
3224 1284 3332 1344 eil¬

2199 1483 2265 1543 Vr
2311 1455 2513 1515 Aeffin
2535 1430 2668 1490 diese
2714 1409 2870 1469 elchen
2892 1396 2938 1456 Se
2982 1385 3050 1445 hs
3071 1374 3140 1434 sit
3161 1356 3320 1416 botten

2202 1550 2417 1610 gesehen
2464 1520 2583 1580 kenb
2609 1498 2848 1558 sielget
2871 1476 3040 1536 senes
3064 1459 3160 1519 Riht
3183 1438 3329 1498 aufe¬

2188 1650 2265 1710 de
2314 1625 2495 1685 abse
2544 1603 2597 1663 lo
2646 1579 2928 1639 oenoniaian
2953 1541 3285 1601 bercheltund

2197 1731 2302 1791 Vhe
2346 1713 2409 1773 das
2430 1696 2580 1756 kind
2601 1675 2751 1735 sambt
2772 1656 2922 1716 desein
2943 1623 3330 1683 erhaltengubt¬

2238 1801 2419 1861 loßen,
2439 1782 2521 1842 Et
2541 1770 2600 1830 sie
2623 1760 2702 1820 der
2742 1745 2843 1805 soch,
2863 1733 2945 1793 daß
2985 1710 3228 1770 krinnet

2215 1907 2263 1967 1e
2290 1891 2363 1951 teg
2414 1864 2590 1924 alcher
2638 1834 2865 1894 ndelte
2913 1807 3065 1867 etwan
3089 1783 3264 1843 ethel

2240 1963 2568 2023 gehmnend
2622 1913 2927 1973 gschese,
2953 1882 3064 1942 eind
3118 1853 3339 1913 esegen

2232 2053 2487 2113 nihele
2514 2021 2686 2081 she
2741 1996 2827 2056 ene
2886 1979 2941 2039 n
2999 1960 3082 2020 ehe
3113 1941 3227 2001 den

2229 2131 2617 2191 aeshehe
2759 2073 2934 2133 e
3109 2019 3322 2079 sehe

2216 2235 2495 2295 Stenmnan
2522 2206 2633 2266 sihe
2660 2189 2744 2249 den
2774 2166 2939 2226 Beter
2969 2143 3053 2203 und
3080 2116 3333 2176 techten

2239 2320 2455 2380 verfelt.

2224 2443 2248 2503 S
2349 2409 2499 2469 Erhet
2523 2379 2722 2439 bernt
2746 2357 2847 2417 wedi
2872 2327 3195 2387 hrachtetand
3220 2294 3345 2354 nder

2249 2489 2442 2549 esen
2489 2463 2610 2523 ehen
2658 2445 2732 2505 id
2755 2435 2803 2495 de
2850 2417 3019 2477 ebese
3069 2398 3117 2458 e
3164 2377 3333 2437 hlbich
