4032 3024
640 252 779 312 434.

979 331 1031 391 dß
1072 322 1321 382 kindtshalb
1360 321 1478 381 Einich
1532 329 1676 389 vreglich
1702 349 1886 409 getroffen

976 408 1173 468 zuhaben,
1195 404 1360 464 wingeds
1383 406 1458 466 mit
1481 408 1546 468 Ihra
1601 415 1657 475 bey
1678 423 1777 483 seiner
1799 441 1964 501 allhastiß

972 484 1085 544 woder
1110 482 1198 542 mit
1222 481 1310 541 Ihre
1323 481 1448 541 grardt,
1460 485 1747 545 nachgestacht,
1773 500 1847 560 noch
1872 511 1935 571 von

975 563 1032 623 deß
1078 560 1218 620 Kundts
1241 559 1552 619 ohngelegenheit
1563 564 1701 624 etwas
1726 576 1864 636 geluß
1898 586 1921 646 zu

983 638 1104 698 haben:
1126 632 1223 692 Ihme
1234 629 1279 689 ist
1301 625 1486 685 bewilliget
1508 625 1607 685 worden
1629 630 1760 690 lädiglich
1771 637 1838 697 duch
1849 647 1935 707 Ehinen

1102 683 1333 743 Procuratorn
1369 674 1637 734 zuerscheinen.

929 821 1249 881 Sellpeundt
1280 810 1569 870 Rrieggisferg
1601 816 1713 876 Lep.
1744 822 1890 882 Weile
1905 827 1984 887 laut

996 903 1206 963 firkonnen
1256 902 1453 962 schiiktes
1479 905 1553 965 auß
1589 908 1701 968 upre
1725 911 1788 971 der
1813 912 1912 972 Hanß

827 937 926 997 hauß

665 940 791 1000 Junge

979 990 1103 1050 Jung
1148 987 1227 1047 von
1262 986 1431 1046 Toffen,
1442 988 1601 1048 welchem
1657 991 1782 1051 Anna
1816 995 1940 1055 Kohler

642 1033 784 1093 Kohler
811 1031 953 1091 Arma.

949 1077 1047 1137 Von
1096 1072 1370 1132 Rürgpißferg
1420 1069 1557 1129 Sor-
1577 1067 1714 1127 Inn-
1724 1067 1802 1127 alß
1832 1067 1901 1127 nach
1920 1067 1959 1127 der

952 1149 1131 1209 gewißt
1164 1153 1221 1213 tho
1254 1153 1332 1213 sud
1354 1151 1468 1211 selt
1501 1148 1715 1208 gebohrnes
1737 1147 1848 1207 Kindt
1870 1148 1973 1208 zuge¬

958 1237 1122 1297 fignet,
1134 1237 1193 1297 der
1227 1235 1439 1295 beyschlaff
1474 1231 1686 1291 bekennet
1720 1232 1932 1292 vermeinet

953 1322 1030 1382 Aber
1051 1322 1116 1382 mit
1139 1321 1270 1381 vatter
1302 1318 1511 1378 denßelben
1533 1315 1576 1375 zu
1597 1312 1696 1372 sein,
1719 1310 1860 1370 sondern
1871 1309 1970 1369 solches

938 1404 1120 1464 lediglich
1144 1406 1229 1466 auff
1253 1406 1303 1466 der
1327 1406 1484 1466 Kohlenn
1520 1405 1691 1465 getüßer
1703 1401 1801 1461 sehet
1825 1396 1885 1456 Sie
1898 1393 1970 1453 abr

953 1495 1136 1555 gäntzlick
1160 1496 1258 1556 auff
1295 1498 1417 1558 Ihme
1465 1499 1721 1559 verharret:
1746 1492 1806 1552 Alß
1844 1483 1953 1543 habent

946 1594 1011 1654 Men
1023 1594 1126 1654 Hnäge
1151 1594 1203 1654 e
1216 1592 1616 1652 solcherumbständen
1654 1583 1770 1643 Ihme
1796 1570 1975 1630 Jung¬

952 1676 1012 1736 der
1035 1673 1201 1733 Lohlein
1224 1673 1356 1733 kindt
1379 1672 1462 1732 alß
1510 1667 1734 1727 ohnEhlich
1759 1647 1972 1707 zubekent

954 1760 1021 1820 biß
1049 1759 1253 1819 frdesen
1279 1759 1388 1819 Einer
1416 1754 1701 1814 geständiger
1728 1737 1863 1797 Vatter
1891 1714 1987 1774 vor¬

951 1841 1018 1901 dem
1063 1840 1220 1900 Richter
1244 1840 1367 1900 stellen
1390 1838 1524 1898 fonden
1559 1835 1616 1895 da
1649 1825 1829 1885 Indesen
1841 1806 1988 1866 MH.

958 1928 1022 1988 die
1053 1928 1340 1988 beurtheilung
1381 1927 1435 1987 der
1467 1923 1647 1983 Rehterin
1678 1916 1711 1976 an
1742 1909 1795 1969 den
1816 1896 1934 1956 fungi¬

947 2008 1183 2068 formirende
1232 2012 1505 2072 Ehransprach
1542 2003 1741 2063 Versthoben
1778 1985 1840 2045 biß
1877 1970 1926 2030 der

927 2098 1089 2158 Jungen
1104 2101 1149 2161 im
1178 2103 1311 2163 landt
1340 2101 1399 2161 seie
1428 2094 1592 2154 wirdt.

918 2239 1033 2299 NB.
1061 2239 1104 2299 zu
1134 2240 1191 2300 deß
1249 2243 1393 2303 jungen
1407 2245 1550 2305 scheiben
1565 2241 1623 2301 auß
1666 2231 1752 2291 iel
1781 2217 1853 2277 sell
1868 2201 1924 2261 gat

940 2319 1024 2379 sorg
1047 2321 1228 2381 getragen
1252 2325 1347 2385 lende
1407 2327 1744 2387 damitselbiges
1768 2307 1803 2367 zu
1828 2293 1912 2353 seine

945 2408 1044 2468 zeith
1082 2409 1280 2469 vorgelgst
1306 2413 1405 2473 werde
1441 2420 1667 2480 könne.

2082 562 2172 622 Hohe
2203 539 2309 599 Rusuna

2081 633 2207 693 sesiger
2223 605 2333 665 hebang

2074 1960 2127 2020 Joß
2154 1960 2288 2020 Satrina

2063 2041 2171 2101 Kobel
2195 2033 2317 2093 hanß.

3307 329 3485 389 435.

2381 400 2668 460 Zeutingen:
2689 400 2784 460 Mit
2816 405 2911 465 Einem
2953 419 3219 479 begleitschriben
3260 427 3335 487 von

2374 487 2522 547 Hilgian
2554 481 2725 541 Herman
2757 481 2810 541 den
2843 490 3130 550 LandtsSiner
3140 499 3183 559 sey
3237 503 3407 563 rschinnen

2378 567 2568 627 Susanna
2601 563 2737 623 Küeher
2759 564 2816 624 Ihr
2860 571 3096 631 angehörige,
3118 578 3219 638 welhe
3241 581 3276 641 im
3298 583 3399 643 Flberl

2358 652 2444 712 1131
2455 649 2489 709 in
2521 647 2597 707 der
2618 647 2760 707 genßt
2805 647 2869 707 zum
2912 649 3054 709 Statter
3087 651 3153 711 Ihor
3174 652 3404 712 Kindts¬

2352 733 2493 793 zugeben
2516 730 2752 790 Johanneßß
2799 728 2952 788 Resinges
2965 727 3035 787 auß
3070 727 3118 787 den
3141 730 3461 790 Brandenburgien

2339 802 2425 862 mit
2442 805 2599 865 vereüten
2642 806 2685 866 Er
2738 806 2807 866 habe
2834 806 2868 866 sie
2894 805 2920 865 in
2947 805 2999 865 dem
3042 802 3285 862 Wollißbedt
3312 799 3434 859 be¬

2327 884 2530 944 gschlaffen
2554 883 2637 943 undt
2662 881 2938 941 geschwängeret
2961 880 3129 940 Nachdemnen
3141 880 3201 940 min
3213 880 3308 940 gnädigen
3322 880 3406 940 Herr

2339 971 2423 1031 Ihne
2448 966 2630 1026 Resinges
2654 962 2739 1022 über
2763 959 2861 1019 dieser
2897 956 3068 1016 ankelegdt
3092 955 3152 1015 zur
3176 955 3445 1015 Verantwortung

2326 1057 2511 1117 gezogen,
2547 1051 2616 1111 hat
2652 1048 2687 1108 Er
2710 1045 2815 1105 solches
2838 1042 2943 1102 alleß
2979 1040 3165 1100 gäntzlich
3190 1035 3387 1095 verneinet

2346 1153 2406 1213 bey
2418 1148 2541 1208 solches
2565 1144 2625 1204 der
2637 1140 2735 1200 Sache
2761 1131 3028 1191 gestaltsamme
3053 1122 3138 1182 nun
3162 1117 3272 1177 undt
3298 1114 3346 1174 da

2349 1241 2397 1301 Es
2434 1236 2507 1296 Ein
2530 1226 2856 1286 Landtfrömbdes
2893 1217 2928 1277 Er
2952 1213 3013 1273 auch
3049 1210 3098 1270 der
3110 1207 3194 1267 that
3218 1201 3399 1261 Goteliter

2335 1323 2368 1383 zu
2413 1318 2546 1378 abendt
2557 1314 2645 1374 seye,
2667 1309 2745 1369 habe
2768 1307 2823 1367 Mine
2834 1304 2923 1364 gnädigen
2933 1300 3022 1360 Herren
3045 1295 3100 1355 auch
3111 1289 3278 1349 anderst
3289 1279 3366 1339 nit

2331 1403 2487 1463 können
2530 1396 2602 1456 alß
2644 1391 2696 1451 der
2716 1385 2853 1445 Klegen
2915 1376 2999 1436 das
3030 1372 3146 1432 kindt
3177 1366 3312 1426 sambt
3333 1366 3437 1426 deßn

2324 1482 2541 1542 erhaltung
2565 1466 2808 1526 überlaßen,
2820 1457 2966 1517 deßen
2990 1454 3050 1514 Sie
3074 1451 3231 1511 berichtet
3243 1448 3389 1508 werdind

2339 1570 2414 1630 umb
2438 1561 2525 1621 gegen
2550 1555 2613 1615 die
2637 1549 2860 1609 Kürchernah
2885 1540 3071 1600 MgHen
3085 1535 3170 1595 satze
3196 1526 3296 1586 undt

2328 1653 2583 1713 Oodnunge
2626 1638 2924 1698 zuverfahre.

2300 1830 2469 1890 Litzen
2505 1817 2664 1877 storff.
2688 1809 2760 1869 Iho
2786 1803 2931 1863 bericht
2943 1796 3053 1856 schiben
3077 1792 3113 1852 aom
3125 1790 3186 1850 min
3198 1785 3296 1845 gnädigen
3308 1779 3418 1839 Herren

2322 1907 2497 1967 erofnet,
2510 1901 2643 1961 welches
2656 1893 2831 1953 gestalten
2844 1883 2993 1943 Patrina
3046 1874 3113 1934 Joßt
3140 1870 3194 1930 Oso
3207 1863 3422 1923 angehönge

2337 1983 2700 2043 boschwargenig
2738 1970 2827 2030 halb
2864 1959 3036 2019 beklagt
3064 1950 3136 2010 habe
3191 1936 3365 1996 hauß¬

2352 2074 2463 2134 Tobel
2513 2062 2594 2122 von
2635 2044 2957 2104 Kaupfersweil,
2976 2029 3047 2089 Sie
3067 2023 3158 2083 auch
3178 2018 3208 2078 in
3239 2014 3298 2074 der

2317 2153 2490 2213 gemißt
2514 2144 2552 2204 so
2576 2139 2613 2199 den
2639 2134 2675 2194 8.
2699 2127 2812 2187 Jantz
2836 2115 2973 2175 lesthin
2997 2100 3232 2160 vndesfahren
3269 2088 3406 2148 under

2318 2234 2581 2294 gngsamer
2599 2215 2861 2275 Examination
2888 2199 2988 2259 auff
3015 2190 3115 2250 Ihme
3142 2182 3260 2242 Kobel
3297 2177 3369 2237 alß

2313 2325 2471 2385 Vatter
2493 2311 2561 2371 Ihre
2584 2300 2719 2360 Kindts
2742 2286 2946 2346 verharet
2979 2277 3059 2337 see,
3070 2272 3205 2332 welcher
3216 2268 3296 2328 aber
3330 2264 3432 2324 dieses

2320 2404 2500 2464 guklegdt
2531 2387 2701 2447 gäntzlich
2734 2373 2935 2433 verneinet,
2956 2365 3020 2425 Sie
3041 2361 3126 2421 aber
3147 2356 3242 2416 solche
3275 2351 3391 2411 durch

2303 2484 2621 2544 Kundtschafft
2645 2460 2816 2520 beweisen
2828 2448 2950 2508 wille,
2987 2437 3170 2497 derolege
3206 2432 3305 2492 Meh
3329 2432 3353 2492 S
3391 2434 3439 2494 Ihm
