4032 3024
646 250 730 310 136
758 242 829 302 f.

621 2077 763 2137 Wintz
789 2078 914 2138 Niclaud

615 2148 765 2208 habacher
787 2150 894 2210 Catriio

605 2280 662 2340 4so
678 2286 727 2346 sich
742 2290 783 2350 mit
799 2294 881 2354 schlag¬

686 2333 815 2393 vbeficdet

943 329 1204 389 aufgetragen
1274 323 1369 383 habe
1398 326 1577 386 wollend
1604 334 1659 394 die
1686 362 1989 422 Kundtschafften

955 412 1092 472 wude
1109 404 1382 464 zubenenn,
1399 403 1586 463 Indeßen
1605 414 1706 474 aber
1723 428 1809 488 van
1826 446 1879 506 der
1895 471 1999 531 hle¬

958 487 1007 547 das
1037 487 1136 547 kindt
1157 485 1246 545 nicht
1267 484 1396 544 aneno
1425 485 1565 545 wollte
1615 490 1654 550 zu
1675 508 1953 568 veranstallten

939 568 1011 628 daß
1039 559 1153 619 beyde
1167 554 1211 614 im
1253 556 1526 616 Purgations-
1540 569 1684 629 Eydt-
1698 581 1798 641 undt
1826 589 1884 649 der

969 636 1210 696 wichtigkeit
1235 635 1400 695 deßelbe
1438 642 1527 702 wohl
1565 651 1679 711 undt
1704 658 1920 718 gründtlich

943 716 1203 776 hinderichtet
1230 713 1313 773 undt
1340 718 1546 778 nachterts
1573 731 1655 791 mit
1669 743 1833 803 nötigen
1860 759 1969 819 bröchte

941 804 975 864 so
997 796 1076 856 wohl
1111 791 1190 851 Ihrer
1213 793 1509 853 Empfangenn
1544 805 1646 865 Eydt
1669 820 1886 880 Iustrutia
1908 837 1965 897 als

944 880 1101 940 habenden
1125 877 1367 937 Lumbdens
1402 883 1499 943 nebe
1536 892 1861 952 allhorschilung
1874 898 1933 958 der

921 955 1229 1015 Kundtschaffts
1247 957 1470 1017 außaagen
1527 964 1629 1024 auff
1657 967 1741 1027 füne
1778 968 1890 1028 Ihnen

924 1036 1144 1096 arsehenden
1170 1037 1230 1097 tag
1279 1039 1414 1099 allhar
1452 1042 1488 1102 zu
1525 1045 1672 1105 halten.
1698 1046 1795 1106 Eut
1819 1045 1905 1105 Eent

922 1124 987 1184 N.
1008 1124 1053 1184 der
1075 1124 1259 1184 geklagte
1281 1124 1478 1184 byschloff
1499 1124 1555 1184 ist
1566 1126 1707 1186 gelesen
1740 1129 1914 1189 dasmahl

935 1194 1015 1254 nach
1037 1200 1199 1260 lichtnaß
1230 1204 1261 1264 in
1301 1205 1353 1265 der
1383 1205 1567 1265 Mägdte
1597 1205 1740 1265 stube,
1760 1207 1842 1267 das
1862 1209 1894 1269 2.
1904 1212 1964 1272 nicht

946 1273 1099 1333 zlüschen
1128 1279 1347 1339 Foßnacht
1366 1282 1480 1342 undt
1509 1282 1643 1342 Osten.
1671 1282 1738 1342 das
1757 1280 1795 1340 S.
1805 1280 1882 1340 mahl
1910 1279 1967 1339 acht

938 1354 1082 1414 tagenah
1113 1355 1123 1415 (
1153 1355 1236 1415 srey
1267 1355 1503 1415 beydesmahl
1535 1351 1699 1411 imstall
1740 1348 1801 1408 und
1822 1343 1966 1403 Standise

948 1427 1060 1487 lester
1071 1425 1139 1485 zeit
1150 1424 1229 1484 seie
1264 1424 1309 1484 die
1332 1426 1377 1486 sch
1399 1427 1557 1487 wange:

919 1529 1169 1589 Firander
1192 1532 1298 1592 dann
1345 1540 1594 1600 betreffendt
1630 1549 1689 1609 die
1712 1555 1998 1615 Eheverßhachung

924 1602 991 1662 deß
1026 1606 1115 1666 Hanß
1150 1613 1307 1673 Wüßer
1341 1620 1420 1680 von
1454 1628 1713 1688 Wietlispach
1747 1631 1826 1691 mit
1848 1629 1984 1689 Susamna

933 1693 1062 1753 Leeman
1095 1693 1182 1753 Bod
1214 1703 1442 1763 Utenstorff
1518 1714 1627 1774 habend
1649 1713 1790 1773 endge
1811 1706 1877 1766 Herre
1898 1696 1974 1756 byder

914 1790 991 1850 H.
1014 1789 1267 1849 Ambtheüthen
1311 1791 1344 1851 zu
1378 1793 1608 1853 Lantehut
1631 1791 1719 1851 undt
1742 1781 1985 1841 Bippauffg¬

932 1868 1090 1928 tragen,
1101 1868 1210 1928 selbe
1247 1870 1320 1930 Man
1343 1872 1428 1932 heit
1464 1874 1560 1934 über
1609 1871 1670 1931 144
1694 1868 1754 1928 tag
1790 1856 1947 1916 herhalten

929 1954 966 2014 zu
1004 1954 1181 2014 laßen.

955 2078 1133 2138 Endtliche
1179 2080 1299 2140 dann
1334 2081 1560 2141 ansehendt
1595 2072 1761 2132 Niclauß
1809 2056 1927 2116 Meitz

932 2154 1002 2214 Von
1032 2159 1243 2219 Ziehliboch
1273 2164 1374 2224 undt
1394 2165 1554 2225 Catiina
1614 2153 1794 2213 Enbaches
1825 2131 1895 2191 von

918 2239 1281 2299 Vätterbinden,
1293 2246 1436 2306 welche
1461 2245 1539 2305 von
1577 2241 1642 2301 deß
1681 2229 1824 2289 Wite
1862 2202 1967 2262 Ehe¬

922 2308 1084 2368 frauten
1146 2314 1210 2374 bey
1235 2318 1422 2378 Einander
1461 2317 1623 2377 ligendt
1660 2301 1810 2361 bezogen
1835 2276 1948 2336 worden

927 2382 1056 2442 habend
1079 2395 1244 2455 Meen
1256 2401 1302 2461 Sie
1327 2405 1432 2465 dahin
1467 2406 1667 2466 versellt,
1690 2394 1784 2454 daß
1832 2375 1890 2435 Sie

918 2455 1075 2515 drunder
1099 2465 1135 2525 zu
1173 2474 1269 2534 wohl
1294 2483 1500 2543 verdienter
1536 2482 1707 2542 straaff
1743 2470 1829 2530 drey
1841 2459 1901 2519 tah

3265 313 3407 373 438.

2292 386 2339 446 ie
2355 377 2686 437 gefangenschafft
2702 381 2829 441 gesehet
2844 390 3114 450 undmahlets
3129 399 3176 459 Vor
3192 405 3399 465 sondricht

2312 474 2370 534 I.
2399 469 2516 529 Einem
2573 467 2719 527 bestein
2734 471 2879 531 läblese
2908 479 3113 539 angenahnt
3142 487 3243 547 werden
3259 490 3420 550 ollendt.

2290 648 2613 708 Landtshatund
2641 643 2740 703 Sip
2753 647 2810 707 Rras
2852 651 2880 711 e
2964 658 3006 718 e
3035 663 3104 723 Hr
3132 668 3260 728 olendt
3288 671 3343 731 Sie

2316 740 2871 800 hiemitfreündtlichersucht
2909 744 3008 804 haben
3058 748 3106 808 die
3132 750 3317 810 Susanna

2051 821 2226 881 see

2327 835 2447 895 ernan
2492 829 2567 889 Von
2601 827 2830 887 Utzenstorff
2864 828 2973 888 welche
3006 829 3159 889 dereEhe
3181 825 3346 885 aushricht

2053 910 2145 970 sn
2181 879 2269 939 hun

2297 932 2408 992 Hanß
2454 922 2555 982 Wyß
2612 916 2690 976 Sten
2724 914 2983 974 Wietlisfach
3017 911 3187 971 Ninheit
3209 907 3299 967 über

2271 1034 2307 1094 14
2356 1023 2415 1083 tag
2452 1013 2537 1073 vor
2560 1008 2621 1068 Sie
2645 1001 2778 1061 halten
2802 997 2837 1057 zu
2863 990 3018 1050 laßen.

2319 1231 2492 1291 Raebeg
2562 1222 2621 1282 en
2663 1214 2750 1274 Hr
2778 1203 2937 1263 vollindt
2951 1194 3066 1254 Ihnen
3082 1190 3325 1250 videmahlen

2059 1280 2181 1340 Fistler
2207 1263 2303 1323 Usu¬

2290 1314 2597 1374 auffgetragen
2636 1296 2770 1356 haben,
2783 1289 2837 1349 die
2876 1284 3024 1344 Rosula
3051 1278 3184 1338 Kistler
3197 1274 3279 1334 Ihre

2100 1333 2150 1393 cla

2292 1400 2558 1460 angehörige
2625 1384 2713 1444 Von
2735 1378 2813 1438 heit
2823 1371 3024 1431 überacht
3045 1364 3112 1424 tag
3145 1360 3257 1420 Vor¬

2289 1490 2482 1550 dieselbe
2516 1473 2656 1533 haltest
2675 1456 2796 1516 laße

2284 1658 2480 1718 Coried.
2508 1638 2718 1698 MgHrn
2731 1623 2886 1683 ollindt
2915 1616 2970 1676 Sie
2984 1609 3222 1669 angesammen
3251 1605 3392 1665 haben,

2312 1742 2381 1802 den
2420 1733 2510 1793 Jean
2549 1722 2728 1782 Francois
2757 1708 2876 1768 Floret
2896 1700 2966 1760 für
3005 1693 3075 1753 das
3095 1688 3213 1748 ditte
3234 1684 3352 1744 mahl

2044 1772 2128 1832 toret
2146 1768 2238 1828 Jean

2287 1825 2365 1885 Vor
2394 1812 2581 1872 dieselben
2619 1801 2658 1861 zu
2689 1790 2903 1850 Erscheinen
2942 1774 3187 1834 gebührende
3237 1762 3374 1822 Ca¬

2067 1826 2240 1886 francois.

2325 1900 2417 1960 tion
2459 1889 2613 1949 anlegen
2644 1870 2902 1930 zulaßen,
2942 1852 3107 1912 zugleich
3139 1842 3241 1902 dann
3273 1834 3365 1894 auch

2029 1924 2162 1984 Aroelar
2180 1914 2286 1974 Franco

2306 1979 2410 2039 van
2453 1970 2516 2030 das
2557 1961 2684 2021 bots
2704 1951 2767 2011 hr
2811 1939 2978 1999 etefe
2998 1923 3165 1983 wende,
3186 1912 3269 1972 de

2139 1962 2196 2022 den

2269 2055 2504 2115 Apotela,
2539 2038 2589 2098 ur
2622 2019 2926 2079 mittescheinung
2944 1999 3079 2059 lüße
3112 1990 3147 2050 zu
3163 1979 3350 2039 laßen.

2264 2205 2361 2265 S.
2393 2186 2553 2246 Johann
2601 2168 2729 2228 Jnsul
2763 2155 2858 2215 ach.
2892 2143 3052 2203 Pfrehl.
3068 2134 3100 2194 zu
3133 2120 3357 2180 verlangter

2315 2278 2593 2338 beglesung,
2606 2261 2645 2321 ob
2683 2248 2860 2308 derselben
2885 2236 2950 2296 deß
3000 2222 3190 2282 Sammel
3228 2207 3368 2267 heugpit

2022 2297 2107 2357 shage
2136 2306 2277 2366 Sanmel

2320 2373 2393 2433 von
2424 2359 2662 2419 Erkenbach,
2677 2345 2706 2405 1o
2737 2337 2827 2397 Vor
2856 2324 2960 2384 bear
2989 2310 3139 2370 Jahren
3168 2295 3316 2355 laut

2042 2371 2143 2431 Meiner
2160 2378 2311 2438 Barbaral

2274 2453 2319 2513 Er
2351 2446 2475 2506 konen
2522 2433 2708 2493 schriber
2740 2420 2833 2480 von
2863 2409 2973 2469 Herren
2988 2387 3252 2447 Pfoerdianten
3267 2369 3299 2429 zu
