4032 3024
626 267 788 327 1388.

645 1609 856 1669 Küttischoffe
868 1613 976 1673 Aendaß¬

665 1688 838 1748 Nambse
863 1691 964 1751 Manrio

960 343 1166 403 Eebenbah
1185 332 1317 392 seine
1356 329 1602 389 Germaine
1621 352 1922 412 geschrängent

943 448 1030 508 und
1067 439 1155 499 mit
1193 431 1280 491 Ihre
1317 424 1555 484 Einkundt
1567 430 1805 490 erheuget,
1829 453 1968 513 vorsar¬

981 528 1086 588 hende
1138 524 1180 584 Eh
1243 516 1347 576 mit
1380 509 1599 569 Barbara
1641 510 1777 570 Steiner
1819 527 1967 587 Son¬

956 615 1058 675 Ttrub
1091 608 1204 668 seiner
1226 594 1554 654 Ehewolobter
1576 587 1678 647 undt
1700 591 1926 651 schwangen

934 699 1203 759 Vollzeüched
1232 683 1359 743 undt
1401 673 1585 733 Ehrlich
1599 671 1671 731 ein
1685 671 1812 731 segnen
1826 678 1939 738 laßen

936 790 1051 850 solle
1103 777 1245 837 wollen
1257 773 1309 833 ein
1334 768 1439 828 gnädigen
1451 765 1554 825 Heren
1566 763 1631 823 den
1656 763 1760 823 Herren
1773 764 1967 824 Pedicatzn

946 870 976 930 in
1006 861 1198 921 antwort
1230 854 1452 914 verdeütet
1482 850 1644 910 haben,
1666 850 1746 910 daß
1776 852 1928 912 dieselbe

953 950 1008 1010 sich
1041 949 1151 1009 dieser
1163 944 1229 1004 soch
1250 940 1328 1000 mit
1361 933 1538 993 beladen
1570 929 1748 989 können
1813 938 1891 998 Ehe

954 1040 1052 1100 undt
1082 1034 1194 1094 bevor
1237 1028 1349 1088 dieses
1363 1022 1476 1082 feng
1533 1020 1575 1080 o
1618 1019 1645 1079 n
1675 1020 1773 1080 ng
1787 1021 1871 1081 Hr
1901 1026 1942 1086 ub

959 1121 1068 1181 dieser
1091 1115 1356 1175 geschoßener
1403 1110 1572 1170 fähles
1607 1105 1739 1165 wirdt
1763 1099 1884 1159 gnadt

953 1212 1145 1272 erhalten
1183 1203 1260 1263 alsß
1274 1200 1325 1260 or
1350 1198 1414 1258 ein
1427 1195 1531 1255 gnädigen
1543 1191 1646 1251 Herren
1671 1185 1735 1245 he
1761 1175 1915 1235 geweiser

958 1304 1071 1364 haben
1097 1292 1311 1352 vollendt

970 1507 1200 1567 Oberweil
1242 1504 1313 1564 bey
1343 1504 1486 1564 dhären
1529 1504 1573 1564 an
1601 1504 1672 1564 H.
1702 1503 1888 1563 Pfarhl.

998 1612 1104 1672 Über
1141 1610 1355 1670 deßelben
1378 1607 1700 1667 eingelangten
1736 1593 1939 1653 beicht¬

984 1697 1251 1757 betreffendt
1286 1695 1345 1755 die
1391 1692 1647 1752 formirende
1682 1685 1752 1745 Ehe
1787 1671 1963 1731 ansprchen

950 1778 1130 1838 Andwras
1159 1780 1239 1840 von
1279 1781 1449 1841 Küttig
1469 1779 1609 1839 hoffer
1648 1769 1848 1829 dißmale
1868 1755 1898 1815 in

951 1856 1028 1916 der
1050 1856 1229 1916 gemeindt
1262 1861 1429 1921 Meßen
1474 1861 1697 1921 sößhafft
1719 1853 1752 1913 an
1798 1843 1853 1903 die

946 1940 1112 2000 Maria
1149 1944 1329 2004 Nambse
1364 1945 1506 2005 wollend
1532 1942 1590 2002 ein
1602 1936 1698 1996 gnädigen
1709 1927 1805 1987 Herren
1817 1908 1938 1968 derfl.

948 2023 1163 2083 zffarhl.
1187 2026 1428 2086 verdeütet
1453 2028 1604 2088 haben,
1643 2018 1794 2078 fahle
1819 2003 1858 2063 Er

938 2095 1153 2155 vermente
1201 2105 1297 2165 Eine
1321 2111 1644 2171 rechstmäßige
1681 2101 1764 2161 Ehe
1787 2085 1931 2145 auspreh

938 2169 985 2229 an
1016 2176 1080 2236 Sie
1096 2186 1286 2246 zuhabten,
1317 2194 1366 2254 Er
1397 2195 1461 2255 sich
1477 2194 1634 2254 allhir
1668 2187 1763 2247 Wor
1794 2173 1936 2233 Mahts

942 2257 1031 2317 mit
1064 2266 1119 2326 der
1153 2276 1341 2336 Nambser
1374 2284 1496 2344 sollen
1528 2279 1673 2339 solle,
1695 2266 1827 2326 welches
1851 2247 1905 2307 der

934 2346 1025 2406 H.
1042 2356 1279 2416 Predicant
1297 2366 1370 2426 Ihm
1425 2369 1588 2429 Andeß
1644 2360 1697 2420 zu
1734 2337 1880 2397 seien

939 2439 1297 2499 verhalteröffen
1332 2444 1513 2504 worde:

3274 302 3354 362 28

2306 371 2467 431 helen
2537 377 2605 437 a
2814 403 2977 463 ele
3070 421 3093 481 e
3186 435 3395 495 erschen

2058 476 2152 536 sste
2168 457 2214 517 Va

2294 456 2352 516 ven
2393 455 2551 515 heige,
2570 463 2650 523 ode
2670 470 2750 530 Rach
2789 492 3087 552 fardtsanbsen
3126 510 3206 570 hum
3247 514 3305 574 aus

2268 555 2338 615 dem
2384 548 2502 608 Ambt
2526 550 2772 610 Tahseltaldt
2795 563 3054 623 gworsemblich
3066 573 3183 633 allhor
3194 574 3335 634 gebracht

2276 637 2345 697 für
2358 635 2385 695 4
2411 632 2466 692 tag
2493 631 2588 691 Jeden
2615 631 2657 691 1.
2670 633 2710 693 tag
2738 634 2765 694 10
2792 636 2833 696 9.
2847 642 3064 702 huhenicht
3119 652 3214 712 ninde
3267 658 3335 718 agt

2277 731 2328 791 zu
2353 712 2595 772 verehnen.

2296 938 2392 998 Soll
2443 927 2491 987 de
2507 921 2589 981 Jofo
2622 915 2752 975 Bianer
2785 912 2835 972 von
2867 910 3161 970 Neüwenburgei
3193 911 3340 971 dienste

2055 970 2274 1030 Pricelhef.

2275 1026 2329 1086 bey
2373 1017 2428 1077 dem
2472 1007 2589 1067 alten
2616 1001 2679 1061 H.
2696 996 2822 1056 Baron
2858 992 2938 1052 Bon
2975 991 3182 1051 Honstetten
3208 991 3298 1051 von

2261 1102 2448 1162 Fravers
2459 1090 2580 1150 innert
2613 1078 2834 1138 heymahl
2878 1071 2912 1131 24
2944 1067 3077 1127 stundt
3109 1063 3153 1123 die
3164 1058 3274 1118 statt

2266 1171 2470 1231 räumen,
2481 1162 2621 1222 sonsten
2633 1156 2729 1216 selbe
2783 1148 2891 1208 durch
2913 1141 2966 1201 die
3009 1131 3214 1191 Pfroßosen

2252 1249 2387 1309 wurke
2423 1241 2684 1301 fortgeführt
2708 1228 2832 1288 werdt,
2855 1220 2946 1280 undt
2958 1212 3027 1272 soll
3061 1203 3187 1263 selbige
3209 1193 3299 1253 nicht

2262 1332 2468 1392 betretten,
2487 1324 2527 1384 sie
2556 1318 2674 1378 könne
2714 1309 2812 1369 dann
2860 1293 3126 1353 Authentische
3155 1277 3243 1337 undt

2264 1405 2465 1465 Logalische
2488 1389 2713 1449 Attestata
2750 1376 2831 1436 Ihre
2843 1370 2938 1430 wohl
2963 1360 3199 1420 verhaltens
3222 1351 3354 1411 Wor¬

2239 1487 2434 1547 gweisen.

2336 1660 2441 1720 Über
2466 1651 2536 1711 das
2547 1643 2722 1703 orscheinn
2747 1635 2804 1695 deß
2840 1629 2969 1689 Cchrsten
2992 1620 3121 1680 henniß
3167 1609 3238 1669 Mon

2057 1670 2148 1730 Henni
2161 1663 2306 1723 Ehrstei¬

2325 1738 2582 1798 Hubeunndt
2614 1723 2718 1783 Anna
2748 1711 2986 1771 Kimmemann
3027 1698 3100 1758 von
3130 1689 3266 1749 Bele.

2048 1745 2281 1805 zimmermanknna

2271 1822 2349 1882 soll
2369 1813 2556 1873 erwartet
2585 1800 2712 1860 werden,
2742 1791 2791 1851 biß
2830 1785 2889 1845 der
2908 1773 3145 1833 Zimmermann
3174 1762 3311 1822 Vatter

2267 1886 2466 1946 erscheinen
2500 1873 2589 1933 wird

2323 2046 2395 2106 Ist
2420 2040 2468 2100 die
2492 2025 2688 2085 Elisabeth
2724 2005 2810 2065 Viret
2822 1995 2882 2055 von
2907 1982 3053 2042 Villars
3065 1971 3247 2031 Siecuelen,
3259 1970 3381 2030 welchen

2036 2048 2101 2108 vint
2120 2057 2259 2117 Alisabe

2288 2124 2383 2184 seau
2425 2107 2630 2167 Francois
2657 2086 2808 2146 Gandin
2835 2069 2918 2129 Bor
2945 2059 3000 2119 Ht
3013 2049 3123 2109 orens
3150 2037 3274 2097 Ambt.
3288 2028 3412 2088 Morten

2033 2119 2124 2179 Gaudin
2157 2126 2231 2186 Jear

2268 2202 2307 2262 he
2346 2189 2485 2249 verher
2505 2170 2683 2230 ethete
2702 2155 2763 2215 de
2783 2146 2841 2206 ehr
2880 2129 3119 2189 Verschlahen,
3139 2110 3395 2170 zueabeistin

2068 2173 2215 2233 Francois

2269 2276 2372 2336 huer
2401 2265 2532 2325 bedigen
2561 2246 2706 2306 fehlet,
2721 2224 2911 2284 zumahle
2926 2205 3012 2265 Ihre
3028 2189 3217 2249 ohnbrust
3231 2178 3363 2238 gluser

2253 2358 2334 2418 des
2503 2326 2695 2386 heih
2780 2299 2918 2359 ehet
2972 2279 3114 2339 oden
3141 2266 3222 2326 dil
3252 2259 3364 2319 gen

2260 2432 2350 2492 soll
2379 2420 2545 2480 bewadvet
2577 2400 2726 2460 onden,
2743 2385 2802 2445 biß
2847 2373 2907 2433 der
2938 2358 3089 2418 Hande
3119 2340 3389 2400 aubfolhenen

2267 2497 2388 2557 maße
2413 2491 2498 2551 wirt
2522 2478 2704 2538 betette,
2728 2461 2813 2521 undt
2826 2446 2970 2506 aclsao
2996 2426 3178 2486 gebracht
3201 2413 3335 2473 werden
