4032 3024
631 263 806 323 440f.

621 413 835 473 Battschlat
850 399 959 459 zetr¬

654 1080 791 1140 bäkli.
802 1066 963 1126 Johanns.

631 1170 803 1230 Schmidt
826 1154 967 1214 Niclaus.

622 2370 752 2430 Stroh.
763 2376 870 2436 Maria

604 2438 803 2498 Neuwwieler
825 2448 926 2508 heinrich.

962 350 1068 410 Wart
1105 350 1152 410 der
1175 349 1282 409 Pfeste
1319 350 1569 410 Battschelet,
1580 355 1723 415 welcher
1746 365 1807 425 mit
1818 372 1912 432 fünge

945 445 1067 505 Suppl.
1089 441 1112 501 on
1134 438 1211 498 ohne
1233 431 1388 491 gehabte
1421 427 1577 487 Acceso
1600 427 1632 487 vo
1665 430 1710 490 ene
1721 434 1810 494 nädgn
1821 444 1922 504 Herren

938 535 1211 595 Aesvente
1235 514 1436 574 erschinnen
1497 509 1591 569 undt
1614 514 1900 574 liderumbumb

963 623 1017 683 sich
1055 608 1295 668 vorEhrlicher
1333 596 1535 656 zukönnen
1573 596 1840 656 angehalten,
1858 605 1923 665 für

957 705 1044 765 24.
1056 694 1187 754 stunde
1219 682 1329 742 lang
1373 673 1768 733 hinundergesetzet
1800 686 1921 746 worden

968 784 1013 844 Es
1048 776 1105 836 bey
1151 765 1288 825 Stänger
1311 752 1563 812 Erkantnuß
1619 752 1803 812 verblicben
1814 763 1951 823 laßenden

969 864 1216 924 4denthalb
1251 853 1286 913 Er
1322 847 1545 907 abgewisen
1569 845 1675 905 worde
1687 845 1735 905 etc.

995 1027 1202 1087 Erscheint
1230 1015 1423 1075 Johannß
1479 1010 1632 1070 Bäbl.
1659 1013 1728 1073 von
1755 1019 1937 1079 Gägge¬

984 1122 1153 1182 Schmidt
1166 1108 1296 1168 kurcht
1322 1103 1387 1163 bey
1413 1100 1503 1160 Hren
1517 1100 1660 1160 Jentzeo
1686 1100 1776 1160 undt
1789 1102 1893 1162 beigt

960 1201 1025 1261 ale,
1051 1198 1232 1258 vergangen
1259 1193 1337 1253 Jahr
1363 1189 1441 1249 alß
1479 1186 1519 1246 Er
1544 1185 1571 1245 in
1610 1184 1727 1244 Mr
1753 1186 1934 1246 Iserschmit

945 1281 1008 1341 dem
1061 1280 1205 1340 Schmidt
1223 1278 1250 1338 in
1277 1274 1438 1334 diensten
1466 1266 1654 1326 gewesen,
1671 1258 1869 1318 undnaher

941 1361 1043 1421 hauß
1073 1360 1216 1420 wollen
1288 1355 1380 1415 habe
1431 1350 1473 1410 Er
1503 1345 1555 1405 die
1585 1339 1677 1399 thüd
1697 1327 1922 1387 verschloßen

942 1444 1148 1504 befunden,
1169 1445 1199 1505 so
1231 1441 1314 1501 daß
1355 1436 1397 1496 Er
1437 1421 1716 1481 bemüßiget
1747 1405 1912 1465 gewesen

957 1522 1082 1582 hinein
1113 1522 1311 1582 zusteigen,
1333 1517 1394 1577 da
1437 1510 1521 1570 habe
1551 1503 1603 1563 Er
1635 1496 1719 1556 seinen
1739 1486 1907 1546 Neben¬

927 1612 1046 1672 Gesell
1087 1607 1265 1667 Niclaus
1286 1603 1444 1663 Schmidt
1465 1598 1544 1658 auß
1594 1593 1643 1653 3.
1664 1581 1883 1641 Lottonge

923 1698 1010 1758 Von
1035 1690 1383 1750 Sarbuggenheimb
1418 1685 1505 1745 mit
1522 1681 1626 1741 Einer
1661 1672 1826 1732 Magde

946 1771 1100 1831 nahmen
1127 1769 1230 1829 Bürk
1281 1768 1346 1828 von
1372 1766 1450 1826 Sur
1488 1761 1707 1821 damahll
1732 1752 1772 1812 in
1798 1744 1913 1804 dieser

953 1854 1014 1914 bey
1034 1851 1116 1911 herren
1126 1849 1278 1909 Scheüwd
1300 1847 1330 1907 im
1360 1846 1452 1906 bott
1484 1843 1626 1903 ligend
1647 1830 1871 1890 angetroffen

941 1939 1001 1999 der
1027 1933 1172 1993 Schmitt
1184 1931 1379 1991 erscheint
1403 1929 1633 1989 nachwerts
1657 1915 1755 1975 auch,
1779 1899 1864 1959 undt

931 2017 1064 2077 sagt,
1087 2018 1131 2078 er
1164 2018 1253 2078 hahe
1287 2018 1365 2078 dem
1420 2016 1554 2076 Annel
1598 2011 1654 2071 die
1675 2005 1742 2065 ehr
1764 1991 1942 2051 vespahren

928 2099 1035 2159 Lorby
1060 2103 1216 2163 MeHe
1228 2105 1263 2165 Er
1275 2106 1360 2166 auch
1395 2105 1576 2165 betenden
1600 2099 1791 2159 laßen:

901 2285 1127 2345 Türich:
1143 2296 1327 2356 Bereits
1355 2302 1427 2362 zum
1441 2302 1569 2362 öfften
1611 2293 1683 2353 und
1711 2268 1910 2328 sondeshtis

1111 2335 1196 2395 bsth.

940 2369 1002 2429 26.
1016 2372 1091 2432 91.
1118 2379 1231 2439 sindt
1256 2386 1357 2446 Wio
1396 2387 1586 2447 beyfünf
1624 2379 1688 2439 M.
1713 2367 1789 2427 S.l.
1801 2354 1840 2414 A.
1853 2344 1878 2404 f.
1890 2331 1942 2391 und

937 2458 1054 2518 RoG.
1082 2458 1156 2518 mit
1187 2463 1332 2523 Unserm
1377 2468 1553 2528 Storudet
1598 2460 1700 2520 dahin
1729 2437 1877 2497 Erkane

3265 301 3327 361 44
3358 312 3411 372 .

2245 347 2379 407 Unser
2414 337 2632 397 angefhorgen
2648 340 2765 400 Mana
2800 351 2917 411 Sterhen
2934 361 3002 421 von
3018 373 3168 433 Oobrbig
3203 385 3269 445 sehl
3287 390 3372 450 ben

2264 433 2323 493 der
2347 426 2407 486 Ehe
2443 420 2539 480 halb
2562 420 2765 480 angeschlohen
2814 429 2957 489 Hheinich
2980 443 3183 503 Noüwieler
3208 455 3328 515 San¬

2289 528 2392 588 Kudt
2429 516 2645 576 Nikanbach
2683 517 2824 577 Ambts
2851 522 3092 582 kautenseldt
3117 526 3182 586 auch
3207 526 3257 586 Ihr

2275 611 2332 671 zur
2356 605 2459 665 welt
2481 600 2676 660 gekehrner
2700 599 2951 659 Kinkunder
2963 602 3170 662 gnugsanter
3193 600 3412 660 Examination

2266 684 2343 744 nach
2383 677 2537 737 hiesigen
2585 673 2750 733 Rechten
2788 673 2876 733 Ihme
2904 673 3147 733 Neütieler
3176 673 3359 733 zugelignet

2271 775 2308 835 in
2320 771 2359 831 so
2371 765 2459 825 lit
2485 759 2547 819 die
2585 753 2736 813 Strohin
2773 749 2963 809 begründet
2975 748 3051 808 sein
3063 749 3151 809 wirtz
3176 751 3327 811 beholten

2274 845 2437 905 susein,
2459 837 2623 897 dorüber
2645 832 2688 892 sie
2710 830 2765 890 ist
2787 829 2819 889 so
2830 828 2907 888 wohl
2939 827 2993 887 von
3016 824 3103 884 Eünfl
3136 823 3267 883 underm

2278 932 2342 992 17.
2354 923 2416 983 96.
2442 917 2491 977 alß
2530 911 2606 971 von
2631 908 2694 968 dem
2719 906 2794 966 He.
2819 905 2971 965 Pforhl.
2995 905 3122 965 Scheber
3147 902 3311 962 Pforhl.

2284 1011 2306 1071 z
2362 995 2573 1055 Riberbah
2607 985 2751 1045 Egelt-
2763 982 2874 1042 undt
2907 980 3151 1040 Einißhoffen,
3162 979 3353 1039 vinderant¬

2249 1087 2419 1147 1kortlich
2429 1073 2632 1133 einkomme,
2655 1066 2718 1126 daß
2761 1063 2804 1123 der
2825 1061 3156 1121 Neuvelernichte
3178 1065 3371 1125 zubefragen

2243 1173 2332 1233 wäre
2374 1160 2447 1220 auch
2480 1152 2561 1212 keine
2578 1143 2873 1203 anverwandte,
2889 1139 3012 1199 sondern
3028 1139 3175 1199 lediglich
3201 1141 3258 1201 Ein

2266 1244 2353 1304 flus
2375 1235 2463 1295 kome
2495 1226 2627 1286 Mutter
2649 1222 2670 1282 so
2692 1221 2769 1281 vom
2813 1219 2988 1279 Allemosen
2999 1219 3087 1279 leben
3109 1217 3217 1277 muß,
3240 1216 3394 1276 hinder¬

2239 1323 2390 1383 erlaßen
2413 1312 2542 1372 habe,
2565 1304 2762 1364 dißmahle
2774 1299 2821 1359 ist
2844 1298 2890 1358 die
2914 1297 3053 1357 Sterhin
3076 1297 3264 1357 widerumb
3287 1297 3404 1357 Vor¬

2245 1403 2604 1463 Außerschinnen,
2626 1389 2724 1449 undt
2746 1384 2812 1444 hat
2834 1381 2909 1441 von
2943 1379 3019 1439 Vnß
3062 1379 3248 1439 Verlanget,
3259 1382 3324 1442 daß

2240 1501 2370 1561 weilen
2393 1493 2465 1553 Sie
2500 1484 2595 1544 durch
2618 1475 2867 1535 Authontische
2891 1468 2997 1528 Acta
3021 1466 3069 1526 et
3092 1465 3210 1525 facta
3245 1466 3305 1526 Ihm

2267 1575 2746 1635 Ehraußfrofgnungumb
2783 1553 2846 1613 Wor
2871 1549 2959 1609 Unß
2984 1546 3123 1606 erlisen
3148 1549 3287 1609 welcher
3299 1555 3401 1615 dann

2252 1683 2343 1743 auch
2382 1674 2462 1734 Unß
2501 1658 2790 1718 veranlaßet,
2816 1646 2894 1706 Ihme
2934 1641 3157 1701 Wrübliche
3195 1642 3234 1702 die
3262 1646 3379 1706 Strhin

2267 1765 2437 1825 sambt
2471 1758 2550 1818 dera
2619 1745 2868 1805 Leibesfrucht
2913 1734 2970 1794 alß
3015 1732 3128 1792 Ehelich
3152 1737 3378 1797 zuzuschiehen

2263 1848 2381 1908 Wir
2403 1845 2478 1905 mit
2499 1838 2639 1898 Unsere
2694 1821 3039 1881 Decommendatorist
3060 1813 3308 1873 widermahlen

2261 1929 2324 1989 bey
2345 1925 2462 1985 füchl
2495 1914 2709 1974 einlangen
2730 1903 2868 1963 wollte,
2889 1896 2943 1956 Iho
2965 1891 3124 1951 geruhten
3157 1885 3316 1945 möchtet

2250 2013 2425 2073 damit
2459 2004 2530 2064 das
2553 1997 2645 2057 Kind
2693 1991 2739 2051 sein
2762 1982 3007 2042 heimachacht
3030 1973 3205 2033 erlangen,
3228 1970 3344 2030 selbige

2247 2096 2423 2156 sambt
2446 2089 2528 2149 dera
2574 2079 2785 2139 lebefrucht
2821 2069 2879 2129 den
2915 2062 3149 2122 Neüwlücker
3172 2057 3242 2117 alß

2269 2179 2420 2239 Ehrlich
2460 2169 2735 2229 zuzubemen.
2762 2151 2858 2211 Wie
2885 2143 2954 2203 nun
2981 2139 3049 2199 Ihr
3078 2137 3282 2197 Demntiget
3297 2147 3391 2207 geredt

2241 2268 2418 2328 begehren
2455 2255 2567 2315 auff
2585 2244 2669 2304 alle
2697 2230 2893 2290 billichkeit
2911 2219 2958 2279 sich
2986 2212 3116 2272 stützet
3154 2206 3209 2266 alß
3247 2206 3405 2266 Eeised

2254 2349 2368 2409 Wie
2398 2343 2429 2403 an
2461 2337 2522 2397 der
2542 2326 2718 2386 willfahr
2748 2313 2831 2373 umb
2862 2306 2892 2366 so
2914 2299 3058 2359 keniger
3078 2288 3243 2348 Weisel,
3264 2281 3325 2341 alß

2251 2421 2348 2481 Wie
2372 2415 2470 2475 Eünf
2494 2407 2615 2467 gantz
2627 2395 2785 2455 genegt
2809 2379 2968 2439 wäsen,
2980 2367 3076 2427 undt
3101 2357 3185 2417 Wis
3197 2351 3319 2411 solches

2240 2509 2276 2569 in
2301 2498 2486 2558 dergleichen
2510 2485 2572 2545 und
2609 2472 2744 2532 andern
2770 2454 2991 2514 begebehriten
3016 2440 3064 2500 etc.
3076 2438 3088 2498 f
3126 2433 3187 2493 und
3225 2427 3421 2487 sondehntlich

2252 2579 2302 2639 sie
2326 2571 2390 2631 die
2427 2557 2601 2617 Inrtant.
2626 2540 2825 2600 anfebiete
2876 2529 2926 2589 Ehr
2950 2524 3063 2584 kindt,
3076 2519 3100 2579 so
3125 2515 3213 2575 lang
3250 2509 3300 2569 Ihr

2256 2638 2454 2698 vermögen
2465 2627 2554 2687 sicher
2565 2621 2676 2681 strben
2686 2615 2763 2675 wird
2796 2609 2874 2669 ohne
2895 2605 2951 2665 der
2962 2599 3117 2659 gerendt
3138 2587 3315 2647 Entgelt

2276 2702 2490 2762 zuerhalten
2500 2706 2544 2766 etc.
