4032 3024
621 260 724 320 442

943 350 1343 410 Faulvenfolds
1381 345 1534 405 Pref.
1553 354 1725 414 Mann
1763 376 1917 436 Stah¬

645 471 766 531 Unser
792 462 940 522 angeseige
966 453 1034 513 von
1061 449 1087 509 E
1142 441 1357 501 Kerburg,
1370 439 1450 499 hat
1478 440 1544 500 nit
1557 442 1639 502 uud
1665 448 1733 508 Ihr
1759 462 1947 522 Pfanschach

958 543 997 603 an
1036 534 1103 594 den
1129 526 1287 586 heinlich
1315 524 1566 584 Noütolieles
1605 533 1737 593 Kurtz
1751 547 1922 607 Rihenbes

668 598 709 658 ob
751 589 834 649 D.

960 616 1124 676 Ambts
1147 604 1441 664 Frauvenfeldt
1464 604 1545 664 Vor
1570 606 1652 666 Unß
1711 618 1921 678 gnugsamb

947 694 1137 754 erlisen,
1150 685 1315 745 sondern
1341 682 1405 742 hat
1418 682 1494 742 auf
1532 682 1647 742 ihme
1672 687 1736 747 ihr
1761 697 1914 757 zuwelt

952 775 1143 835 Gebohrnes
1175 769 1282 829 Kind
1325 765 1420 825 undb
1453 764 1719 824 gnugsammer
1740 774 1921 834 Examina

952 852 1054 912 tion
1079 847 1169 907 noch
1196 845 1413 905 allhiesige
1465 849 1630 909 Rechten
1657 856 1759 916 Ihme
1784 862 1914 922 zuge¬

968 934 1116 994 fignet
1195 932 1400 992 derowegen
1434 932 1537 992 Wir
1559 932 1651 992 auch
1662 934 1832 994 selbigen

920 937 946 997 11

960 1016 1037 1076 zum
1070 1016 1202 1076 offten
1236 1015 1269 1075 an
1313 1013 1445 1073 lobl.
1467 1012 1611 1072 Standt
1643 1012 1754 1072 Hürif
1787 1018 1965 1078 recom̅en¬

922 1095 1062 1155 udiren
1096 1090 1249 1150 laßen,
1272 1090 1318 1150 da
1354 1091 1446 1151 dann
1494 1094 1565 1154 von
1588 1094 1668 1154 herren
1693 1093 1821 1153 pferh

939 1174 1018 1234 Von
1050 1166 1233 1226 Nibenboch
1264 1166 1527 1226 antwortlich
1559 1167 1749 1227 einkommen,
1773 1161 1852 1221 daß

952 1247 1004 1307 der
1035 1244 1264 1304 Neütvieler
1274 1243 1378 1303 nicht
1420 1243 1690 1303 zubefragen
1711 1240 1805 1300 seyn,
1815 1236 1898 1296 undt

949 1311 1016 1371 und
1044 1314 1122 1374 eine
1141 1316 1257 1376 blut
1286 1319 1354 1379 kan
1461 1321 1634 1381 Mutter,
1655 1322 1741 1382 ohne
1770 1324 1876 1384 Einihe

933 1393 1178 1453 Verkandten
1237 1396 1462 1456 verlaßen
1483 1399 1591 1459 haben
1639 1396 1718 1456 auch
1747 1391 1807 1451 die

934 1470 1064 1530 Rechte
1102 1469 1139 1529 zu
1186 1471 1382 1531 Nibenbach
1420 1472 1513 1532 mitt
1532 1471 1691 1531 bringen,
1709 1467 1784 1527 daß
1821 1462 1877 1522 von

948 1541 1024 1601 Einer
1073 1543 1111 1603 Es
1129 1544 1197 1604 seye
1235 1546 1340 1606 durch
1389 1547 1667 1607 Versfochen
1704 1546 1781 1606 oder
1810 1541 1962 1601 Vertaben

932 1621 1012 1681 mit
1048 1622 1141 1682 Einer
1152 1625 1340 1685 fränkten
1397 1630 1537 1690 Wibt
1562 1630 1782 1690 zfersehn,
1794 1624 1910 1684 welche

932 1703 1000 1763 den
1034 1703 1318 1763 Eoforderliche
1353 1710 1512 1770 Einzug
1545 1714 1613 1774 oder
1637 1710 1876 1770 praestanda

930 1780 1007 1840 nit
1040 1783 1107 1843 hat
1151 1787 1219 1847 sich
1241 1792 1484 1852 einlaßt,
1508 1792 1574 1852 Ein
1607 1787 1718 1847 solcher
1740 1770 1907 1830 hierdurch

953 1860 1019 1920 das
1044 1869 1188 1929 Bürcher
1201 1875 1319 1935 Recht
1345 1877 1593 1937 verwurkt
1633 1869 1736 1929 undt
1749 1858 1868 1918 soh¬

962 1945 1157 2005 deßelben
1184 1958 1603 2018 Verlüöstigenachet
1616 1959 1687 2019 etc.
1700 1953 1811 2013 Lobl.
1825 1942 1936 2002 Standt

937 2026 1059 2086 Eünich
1087 2035 1196 2095 dann
1223 2041 1278 2101 an
1305 2045 1386 2105 H.
1400 2046 1632 2106 Landtvogt
1674 2039 1714 2099 zu
1742 2022 1959 2082 Freubeslit

939 2097 1015 2157 aeho
1056 2103 1114 2163 den
1133 2118 1447 2178 Conpetrliche
1485 2126 1663 2186 Auchter
1682 2109 1857 2169 gelisen

926 2186 1128 2246 Ptrobegen
1153 2195 1253 2255 Wir
1291 2202 1341 2262 den
1355 2205 1442 2265 Herren
1455 2203 1706 2263 Landtvogte
1732 2176 1933 2236 freündtlich

908 2260 1064 2320 ersucht
1097 2268 1185 2328 habe
1208 2276 1396 2336 wollende
1441 2281 1530 2341 Euch
1563 2275 1718 2335 quauto
1741 2251 1964 2311 zuerkundig,

923 2335 985 2395 ob.
1016 2339 1201 2399 warumb
1217 2349 1309 2409 und
1357 2357 1435 2417 Sirk
1480 2362 1543 2422 Eie
1558 2360 1635 2420 hug
1666 2353 1759 2413 gelt
1774 2330 1929 2390 geforder

910 2404 1017 2464 tede
1049 2409 1156 2469 undt
1186 2427 1357 2487 Endtlich
1388 2440 1435 2500 zu
1465 2444 1696 2504 tachsten,
1711 2424 1773 2484 daß
1820 2398 1866 2458 der

893 2477 1020 2537 Sehen
1050 2485 1149 2545 krindt
1177 2495 1234 2555 den
1262 2510 1490 2570 Näüwlieler
1518 2516 1589 2576 alß
1646 2498 1874 2558 Ehelichese

900 2552 1063 2612 bschiben
1077 2562 1201 2622 weden,
1228 2572 1297 2632 Sie
1324 2585 1599 2645 Verschricht
1626 2579 1722 2639 dals
1749 2561 1858 2621 kindt

924 2613 972 2673 und
984 2618 1034 2678 diß
1058 2631 1280 2691 ohnschuldig
1316 2644 1414 2704 kindt
1439 2645 1476 2705 sie
1501 2639 1722 2699 heimachricht
1734 2614 1857 2674 erhalte

3279 298 3332 358 44
3372 314 3452 374 3.

2294 382 2438 442 solang
2471 375 2527 435 Ihr
2549 372 2727 432 Vermögen
2749 372 2882 432 halbang
2916 374 2994 434 vndt
3005 377 3049 437 Ihr
3071 380 3183 440 arbeit
3205 383 3227 443 Es
3249 386 3383 446 zugeben

2302 456 2429 516 werde,
2450 446 2525 506 ohne
2556 442 2610 502 der
2641 439 2842 499 Gemeindt
2853 442 3001 502 entgelt
3023 451 3256 511 zuerhalten,
3276 463 3426 523 da¬

2299 533 2381 593 zum
2416 518 2699 578 beichtdienet,
2710 515 2781 575 daß
2816 518 2898 578 Wir
2910 522 3017 582 löbl.
3040 528 3157 588 Standt
3181 540 3415 600 Fürhersuchen

2313 608 2443 668 laße,
2471 600 2522 660 daß
2562 595 2601 655 die
2626 591 2758 651 Sterhin
2784 590 2849 650 dem
2888 592 3097 652 Neuweiler
3124 604 3241 664 Ehrlich
3254 617 3386 677 zuge¬

2288 689 2479 749 ßfrohen
2492 670 2601 730 werden
2615 664 2752 724 möchte
2765 664 2821 724 etc.

2282 841 2450 901 langte
2480 821 2662 881 folgender
2691 814 2818 874 gedul
2859 812 2917 872 Ein
2958 812 3057 872 Mat
3085 813 3128 873 me
3142 815 3241 875 Hrn
3255 817 3296 877 br
3326 819 3381 879 den

2337 928 2505 988 Reconrs
2529 913 2673 973 handel
2709 904 2855 964 stüsche
2878 899 3034 959 Salome
3058 898 3238 958 Bedrmann
3263 901 3323 961 von

2072 989 2105 1049 b.
2116 974 2205 1034 deman
2227 959 2316 1019 Saban

2318 1010 2582 1070 Laupfen:
2599 995 2732 1055 denne
2767 986 2918 1046 daniel
2962 982 3094 1042 Weibel
3130 980 3191 1040 von
3217 981 3385 1041 Gümmenn

2062 1032 2315 1092 Weibldavil.

2290 1092 2469 1152 ratione
2523 1075 2587 1135 der
2618 1063 2850 1123 Versorgung
2893 1056 2956 1116 deß
3010 1054 3083 1114 Von
3105 1052 3178 1112 Ihra
3211 1050 3284 1110 zur
3294 1049 3379 1109 welt

2301 1166 2527 1226 Gebohrnen
2557 1149 2814 1209 ohnehrlichen
2835 1135 2989 1195 Kinds
3009 1128 3133 1188 Erkent
3174 1124 3235 1184 das
3245 1124 3358 1184 werdet

2294 1268 2364 1328 Ihe
2377 1262 2421 1322 M
2448 1252 2547 1312 He
2575 1241 2646 1301 auß
2673 1219 3025 1279 mittkommende
3053 1200 3179 1260 Copia
3208 1196 3390 1256 fursehen

2326 1336 2465 1396 haben:

2312 1434 2426 1494 Wir
2448 1417 2733 1477 Schultheiße
2790 1394 2996 1454 demnach
3029 1385 3108 1445 vor
3131 1382 3200 1442 voß
3223 1382 3393 1442 gelanget

2307 1511 2383 1571 der
2417 1504 2558 1564 Recon
2623 1488 2788 1548 handel
2842 1473 3029 1533 zunschen
3050 1460 3214 1520 Salome
3247 1453 3400 1513 biderne

2108 1522 2225 1582 dV.

2274 1599 2368 1659 Von
2387 1586 2577 1646 Lauffen
2614 1568 2766 1628 Eineß:
2794 1556 2936 1616 denne
2974 1545 3116 1605 Daniel
3164 1537 3305 1597 Wibel

2285 1677 2375 1737 Von
2404 1658 2674 1718 Gümmenen
2724 1637 2953 1697 ansehendt
2983 1625 3043 1685 die
3063 1615 3292 1675 aneinung
3312 1606 3392 1666 und

2291 1751 2543 1811 Versorgung
2596 1733 2659 1793 daß
2712 1722 2786 1782 von
2806 1717 2870 1777 Ihre
2902 1712 2933 1772 in
2954 1708 3018 1768 Ao
3039 1701 3165 1761 1730.
3186 1695 3270 1755 Rur
3301 1688 3407 1748 welt

2283 1843 2494 1903 gebohrne
2523 1823 2810 1883 ohnEhrlichen
2856 1795 3052 1855 kindte,
3066 1779 3247 1839 habendt,
3262 1770 3368 1830 Wir

2299 1923 2398 1983 nach
2425 1913 2664 1973 beschehener
2693 1888 2987 1948 undersuchung
3044 1856 3381 1916 deßgeschäffte

2292 2006 2392 2066 und
2458 1990 2715 2050 angehörter
2748 1970 2939 2030 Relation
2983 1953 3140 2013 Unseres
3184 1940 3307 2000 hierzu

2278 2088 2511 2148 Committiot
2564 2067 2786 2127 geliebten
2818 2046 3083 2106 MittRäthen
3147 2033 3199 2093 die
3220 2025 3421 2085 könfftige

2310 2165 2577 2225 Versorgung
2602 2147 2705 2207 undt
2730 2130 2973 2190 erhaltung
3011 2116 3074 2176 deß
3113 2107 3265 2167 Kindte
3291 2101 3392 2161 Ihne

2302 2253 2486 2313 Meitel
2544 2221 2913 2281 zugesprochen:
2942 2201 2984 2261 Iu
3012 2191 3156 2251 ansehe
3184 2182 3241 2242 der
3255 2176 3455 2236 Porrichl.

2272 2336 2431 2396 Köste
2479 2318 2607 2378 dann
2638 2306 2701 2366 Sie
2733 2283 3067 2343 Bidermannin,
3085 2263 3195 2323 weile
3211 2256 3276 2316 Sie
3292 2250 3420 2310 liße¬

2274 2414 2394 2474 hoo
2411 2405 2480 2465 der
2514 2392 2653 2452 Kindt
2670 2375 2859 2435 erhalten
2876 2355 3082 2415 liberit,
3099 2340 3168 2400 die
3185 2331 3322 2391 Klaaw

2286 2488 2437 2548 Käste
2454 2475 2554 2535 aber
2586 2463 2686 2523 Non
2705 2450 2854 2510 bestens
2870 2437 2988 2497 begen
3005 2412 3321 2472 Compentirten

2309 2565 2433 2625 A.
2459 2556 2521 2616 23.
2547 2545 2659 2605 April.
2672 2536 2798 2596 1783.
