4032 3024
627 254 674 314 44
706 258 753 318 tl

625 492 793 552 Ebischig
810 484 855 544 l.
870 478 949 538 Soin¬

649 1228 816 1288 Müller
829 1221 946 1281 beit.

650 1753 797 1813 Gandin
817 1759 955 1819 Franca¬

611 2386 661 2446 Du
702 2395 853 2455 Monlin

957 332 1127 392 langt
1157 331 1374 391 folgende
1405 335 1544 395 Gedil
1574 344 1637 404 Ern
1668 360 1837 420 Meg.
1855 387 1961 447 unden

973 429 1110 489 Oberns
1155 427 1314 487 habendt
1327 425 1417 485 über
1452 429 1565 489 Ihnen
1589 443 1850 503 vorgetragen
1873 469 1965 529 wat¬

958 527 998 587 zu
1039 520 1146 580 Euren
1186 515 1494 575 anderwertigen
1522 522 1737 582 Aspessore
1763 532 1805 592 in
1831 542 1965 602 Eütern

926 618 1042 678 Meneg
1057 604 1159 664 H.H
1173 598 1319 658 ramer
1333 598 1538 658 Eowehlt
1581 607 1669 667 H.
1697 613 1843 673 Binnett

951 696 1202 756 Bisching,
1230 688 1349 748 deße
1364 688 1466 748 e
1495 691 1614 751 gnädigen
1629 695 1746 755 Heren
1760 700 1908 760 bricht

949 788 1090 848 anbey
1112 778 1384 838 freündtlich
1405 778 1699 838 angesannen
1731 784 1883 844 werdet

937 873 1047 933 Ihme
1083 868 1132 928 zu
1168 862 1495 922 abhandlung
1531 862 1847 922 vorfallender

954 957 1202 1017 geschäffter
1238 948 1362 1008 bieten
1411 946 1449 1006 zu
1486 944 1610 1004 laßen
1660 948 1894 1008 Artcoran
1920 955 1945 1015 u

947 1045 1008 1105 dn
1046 1040 1132 1100 28.
1156 1034 1305 1094 Aprl.
1341 1034 1490 1094 1733.

977 1211 1039 1271 Ist
1059 1206 1112 1266 der
1143 1204 1268 1264 bentz
1300 1204 1456 1264 Müller
1486 1207 1517 1267 so
1539 1210 1611 1270 mit
1643 1213 1705 1273 der
1736 1218 1934 1278 Venerischen

971 1287 1062 1347 seich
1090 1287 1314 1347 behofftet,
1342 1289 1407 1349 der
1433 1292 1778 1352 gesamenschafft
1791 1280 1963 1340 erlaßsen

949 1365 1106 1425 worden.

1091 1537 1350 1597 Sonstag
1407 1541 1467 1601 den
1487 1546 1566 1606 30.
1587 1554 1765 1614 Aprlis
1784 1558 1885 1618 o.

974 1764 1156 1824 Mose
1185 1770 1311 1830 Pruf.
1339 1773 1465 1833 weiber
1493 1773 1732 1833 ohngeacht
1759 1762 1927 1822 gethane

927 1842 1186 1902 Perquisition
1243 1851 1344 1911 laut
1378 1857 1593 1917 deßelben
1616 1852 1762 1912 schriben
1797 1835 1853 1895 der

947 1919 1125 1979 Francois
1158 1930 1292 1990 Gaudin
1349 1942 1428 2002 Von
1472 1948 1527 2008 Ht
1562 1948 1707 2008 Siens
1718 1940 1819 2000 nicht
1841 1924 1918 1984 zu¬

920 2000 1115 2060 gefrage,
1142 2013 1220 2073 alß
1258 2025 1416 2085 wollend
1441 2036 1610 2096 MH.
1625 2035 1663 2095 de
1676 2031 1754 2091 H.
1768 2015 1897 2075 Praf.

925 2096 1327 2156 freundtlichersucht
1360 2119 1488 2179 haben
1537 2121 1649 2181 auf
1665 2112 1746 2172 Ihr
1779 2089 1923 2149 Gande

903 2180 1143 2240 huachten,
1174 2198 1303 2258 auff
1318 2208 1527 2268 btetten
1574 2211 1622 2271 an
1655 2204 1767 2264 Ihme
1782 2186 1960 2246 Mes.

906 2270 1057 2330 Urtheil
1112 2290 1320 2350 Rreqiiren
1348 2299 1388 2359 zu
1417 2303 1609 2363 laßen.

930 2405 1009 2465 der
1028 2415 1127 2475 venn
1146 2426 1285 2486 Siere
1324 2436 1365 2496 de
1403 2441 1581 2501 Soanlin
1622 2431 1701 2491 sol
1720 2415 1819 2475 abe

907 2488 1067 2548 ehttag
1084 2512 1458 2572 biderscheinden.

2065 1194 2137 1254 Ir
2183 1170 2304 1230 soll

2080 1254 2178 1314 kangth.
2189 1239 2276 1299 Anna

2055 1533 2150 1593 Pochat
2171 1528 2245 1588 Hean

2099 1586 2200 1646 Bierre

2038 1663 2129 1723 Jalan
2154 1657 2280 1717 Deane,

3275 315 3446 375 445l.

2497 370 2765 430 Vonstege
2937 391 3082 451 enlo
3106 403 3205 463 ge.

2659 494 2828 554 Graeses.

2336 622 2531 682 Mahtl.
2564 619 2694 679 Saltze.
2710 620 2889 680 Doraeto
2921 615 3084 675 Jenner

2658 724 2907 784 Aprestores

2333 864 2509 924 Mikte
2526 854 2590 914 bes

2295 1036 2514 1096 Frauwven
2550 1027 2757 1087 Erppelen:
2781 1027 2867 1087 Über
2879 1027 2939 1087 Ihr
2953 1028 3098 1088 scheiben
3110 1031 3256 1091 wollend
3294 1036 3404 1096 Me.

2319 1124 2407 1184 Ihme
2430 1117 2717 1177 auffgetragen
2740 1113 2839 1173 haben
2883 1112 2939 1172 die
2972 1109 3138 1169 Samuel
3160 1105 3249 1165 herr

2322 1207 2422 1267 undt
2444 1202 2566 1262 Anna
2621 1195 2787 1255 Henggel
2854 1190 2921 1250 von
2943 1186 3043 1246 heit
3064 1184 3142 1244 über
3165 1183 3243 1243 acht
3265 1181 3410 1241 tag¬

2308 1289 2495 1349 herhalten
2518 1285 2553 1345 zu
2576 1281 2740 1341 laßen,
2763 1278 2774 1338 f
2810 1277 2833 1337 so
2857 1275 2950 1335 laut
2973 1271 3044 1331 ihre
3067 1266 3231 1326 Schreibens
3243 1256 3406 1316 geuaus

2287 1372 2325 1432 im
2364 1366 2631 1426 Pugations-
2644 1354 2988 1414 Eydtundeweisen,

2299 1534 2490 1594 Romain
2521 1526 2684 1586 mothed
2712 1519 2832 1579 Praf.
2846 1511 2949 1571 Außo
2965 1499 3142 1559 daßelben
3157 1482 3319 1542 schaeben

2285 1628 2345 1688 abe
2382 1627 2444 1687 e
2469 1626 2542 1686 ndge
2554 1622 2653 1682 Herre
2689 1615 2788 1675 seche
2824 1609 2885 1669 wie
2910 1603 2984 1663 daß
3033 1596 3081 1656 die
3119 1580 3364 1640 Gemeindt

2327 1712 2357 1772 la
2408 1712 2554 1772 Valler
2595 1708 2625 1768 de
2657 1704 2718 1764 lac
2761 1698 2801 1758 de
2822 1693 2905 1753 sonx
2946 1685 2998 1745 de
3039 1677 3132 1737 Jean
3174 1664 3328 1724 Pievre

2264 1804 2462 1864 Rochat
2500 1791 2632 1851 welcher
2660 1780 2764 1840 sind
2801 1771 2887 1831 seine
2915 1759 3123 1819 schwanger
3179 1747 3301 1807 Jearre

2276 1900 2445 1960 Noulan
2511 1886 2601 1946 Stei
2641 1871 2796 1931 Eiere
2848 1857 2901 1917 zu
2914 1844 3095 1904 Ehrlichen
3134 1828 3264 1888 nicht
3291 1819 3381 1879 für

2270 1986 2379 2046 Ihre
2409 1969 2672 2029 Gemeindts
2704 1945 2889 2005 geloßen
2904 1927 3091 1987 erkennen
3106 1910 3263 1970 wollen,

2272 2065 2426 2125 Peroen
2459 2057 2503 2117 enen
2525 2051 2603 2111 ndigen
2613 2044 2701 2104 Herren
2712 2038 2768 2098 die
2790 2025 3031 2085 beurthelung
3064 2011 3164 2071 dieses
3185 2001 3407 2061 Matrimo¬

2281 2150 2392 2210 al
2423 2143 2644 2203 geschäffts
2675 2125 2864 2185 vroshober
2895 2093 3242 2153 bißaußfündig
3275 2067 3368 2127 kirt

2283 2248 2479 2308 gemacht
2508 2235 2599 2295 sein,
2628 2227 2673 2287 wo
2704 2219 2778 2279 der
2807 2198 3049 2258 Rohatisein
3064 2168 3319 2228 Bugeracht

2288 2342 2417 2402 haben
2429 2336 2531 2396 soll,
2557 2328 2609 2388 den
2647 2319 2724 2379 H.
2736 2308 2853 2368 Praf.
2865 2295 2982 2355 hiemit
2994 2278 3161 2338 freundtl
3174 2260 3379 2320 ersuchende

2263 2432 2344 2492 Im
2379 2425 2528 2485 Portat
2560 2397 2992 2457 darübeschuttmenen,
3024 2364 3108 2424 Sein
3140 2349 3272 2409 urthel

2254 2510 2358 2570 über
2387 2507 2491 2567 dieses
2520 2495 2727 2555 heinach-
2742 2480 2845 2540 Recht
2860 2467 2949 2527 aust
2963 2454 3127 2514 zusellen,
3156 2439 3231 2499 undt
3260 2431 3318 2491 die
