4032 3024
628 258 765 318 1766

961 350 1234 410 bestrande
1286 347 1410 407 ere
1486 359 1711 419 rtheh
1759 381 1808 441 de
1859 411 2036 471 helen

952 441 1085 501 kaund
1111 442 1272 502 reiurren
1298 447 1338 507 zu
1364 451 1538 511 laßen:

929 623 1117 683 Bierl.
1147 623 1208 683 Sie
1226 623 1365 683 deßen
1396 625 1505 685 auch
1535 634 1832 694 verständigen

684 659 836 719 obtl.

912 792 1198 852 Lauppen:
1225 797 1485 857 zumahlen
1510 806 1616 866 laut
1654 813 1732 873 Ihrs
1758 825 1863 885 beicht
1888 842 1992 902 habes

622 863 897 923 Klopfestein

967 885 1086 945 damil
1125 888 1389 948 Albefestein
1430 893 1482 953 der
1508 898 1655 958 Magler
1681 907 1787 967 undt
1800 916 1906 976 Mana

748 919 933 979 Daniel.

632 999 812 1059 Ripecht
847 990 955 1050 Mana
979 983 1158 1043 Ruprecht
1182 980 1219 1040 im
1254 979 1495 1039 Purgations
1518 979 1626 1039 Eydt
1649 982 1986 1042 gnugsambunder¬

948 1072 1052 1132 liesen,
1065 1073 1142 1133 alß
1170 1074 1287 1134 wider
1312 1075 1417 1135 Ihnen
1442 1077 1741 1137 auffgetragen,
1768 1078 1858 1138 selbe
1872 1076 1949 1136 über

953 1155 1033 1215 acht
1058 1161 1112 1221 tag
1139 1164 1351 1224 herhalten
1445 1169 1483 1229 zu
1511 1175 1682 1235 laßen:

922 1351 1120 1411 Diglen
1160 1351 1253 1411 undt
1279 1358 1543 1418 Sertensce
1582 1364 1688 1424 Lop.
1701 1364 1781 1424 Ihr
1794 1360 1940 1420 bricht¬

957 1432 1111 1492 Schieben
1126 1433 1209 1493 von
1266 1439 1391 1499 biglen
1448 1446 1532 1506 lane
1546 1448 1658 1508 gnädigen
1674 1447 1772 1507 here
1827 1433 1941 1493 hrehen

629 1474 745 1534 Krieg
788 1469 904 1529 Madte

968 1511 1015 1571 din
1051 1517 1110 1577 daß
1157 1525 1299 1585 Madte
1335 1530 1441 1590 Krieg
1466 1531 1537 1591 Ihre
1572 1528 1786 1588 angehörige
1822 1519 1928 1579 plasl

640 1556 804 1616 Aseller
832 1547 941 1607 Mihel

941 1597 1043 1657 vor-
1056 1602 1133 1662 alß
1158 1606 1196 1666 in
1223 1609 1286 1669 der
1313 1612 1595 1672 gemißtundes
1620 1603 1863 1663 gnugsamer

930 1686 1188 1746 Examination
1275 1695 1351 1755 zum
1394 1697 1555 1757 Vatter
1587 1692 1685 1752 Ihres
1706 1679 1889 1739 hudwielt

944 1771 1123 1831 Gebohrne
1156 1780 1313 1840 Kundts
1335 1787 1582 1847 ernambset
1626 1779 1738 1839 haben
1783 1768 1851 1828 seir

934 1849 1127 1909 gelesenen
1154 1858 1306 1918 Meister
1360 1868 1512 1928 Michel
1555 1868 1719 1928 Gfeller
1775 1858 1858 1918 füre

946 1938 1109 1998 Ehemann
1136 1946 1162 2006 zu
1216 1953 1434 2013 Getzinse
1474 1952 1543 2012 sich
1570 1942 1869 2002 auffhaltende

929 2024 1043 2084 sonst
1082 2029 1171 2089 von
1209 2039 1413 2099 Stechinge
1451 2044 1681 2104 gebürtig,
1693 2035 1809 2095 welcher
1821 2020 1898 2080 aber

950 2105 1064 2165 dieser
1109 2120 1296 2180 ankleydt
1326 2130 1528 2190 vernenet
1585 2122 1832 2182 beysolchren
1860 2091 1977 2151 einb¬

939 2196 1089 2256 standt
1103 2205 1183 2265 nun
1210 2213 1346 2273 stelen
1415 2220 1483 2280 Me
1509 2222 1605 2282 ee
1646 2218 1701 2278 rn
1742 2203 1945 2263 ufrege

931 2282 1034 2342 haben
1093 2290 1128 2350 zu
1162 2304 1488 2364 veranstalte,
1524 2311 1605 2371 daß
1652 2302 1756 2362 beyde
1792 2288 1838 2348 un

929 2377 1173 2437 Purzations
1207 2390 1304 2450 frd,
1320 2395 1418 2455 undt
1451 2398 1499 2458 der
1517 2391 1777 2451 Richtigkbeitd
1793 2357 1924 2417 sebe

931 2455 1049 2515 wohl
1082 2462 1181 2522 undt
1199 2471 1449 2531 geundtlich
1465 2473 1733 2533 undericht,
1750 2452 1867 2512 wade

2245 2415 2280 2475 11

3285 319 3386 379 447

2297 400 2492 460 nachterts
2506 396 2757 456 mitnötigen
2827 405 2938 465 bericht
2952 411 2979 471 po
2993 416 3077 476 lehl.
3091 423 3175 483 Ihre
3189 440 3439 500 empfangenn

2300 492 2419 552 lydts
2442 485 2671 545 Inatrution
2704 488 2760 548 alß
2803 495 2956 555 habender
2978 508 3154 568 Lümbdens
3186 521 3273 581 auff
3296 532 3404 592 Einer

2295 587 2383 647 Ihn
2407 576 2655 636 aufhene
2677 577 2768 637 und
2790 588 3059 648 Vergehende
3084 604 3150 664 tig
3172 617 3398 677 gehalten

2287 676 2558 736 zulaßen:

2314 857 2459 917 Weil
2495 845 2557 905 Dn
2581 841 2617 901 od
2727 834 2800 894 e
2848 833 2886 893 n
2898 832 2984 892 He
3008 832 3044 892 da
3068 833 3129 893 von
3166 834 3215 894 der
3239 836 3409 896 Ehrbarbet

2326 946 2363 1006 zu
2390 934 2504 994 Weil
2543 920 2797 980 Eingesendte
2837 919 3002 979 Procedur
3040 922 3282 982 betreffendt
3308 923 3358 983 die

2067 980 2151 1040 sether
2164 967 2188 1027 au
2213 956 2297 1016 flt.

2317 1028 2392 1088 Von
2420 1019 2554 1079 seithen
2648 1008 2704 1068 der
2733 1004 2904 1064 Elßbeth
2932 1001 3158 1061 Saltzmann
3225 1000 3395 1060 geklagte

2107 1023 2246 1083 R.

2322 1110 2549 1170 Violation
2596 1097 2644 1157 ab
2680 1089 2871 1149 Milaus
2894 1082 3037 1142 Kines
3061 1082 3240 1142 Niclaus
3275 1086 3383 1146 Läher

2066 1107 2159 1167 Shienr
2180 1091 2284 1151 Niclau

2068 1172 2182 1232 bederoch
2199 1155 2303 1215 Niclaus

2329 1189 2414 1249 und
2472 1184 2567 1244 Hanß
2615 1171 3016 1231 Neüwenschwander
3035 1162 3111 1222 noch
3129 1162 3197 1222 nit
3216 1163 3415 1223 gnugsamb

2057 1225 2314 1285 steuvberschwande,

2296 1276 2512 1336 erheifeet
2551 1265 2779 1325 anscheinet,
2804 1255 2996 1315 alßsol
3021 1251 3085 1311 min
3097 1250 3199 1310 gnädigen
3211 1249 3300 1309 Hrre
3325 1250 3429 1310 eselen

2102 1303 2177 1363 hors

2297 1362 2575 1422 frendtlichst
2588 1353 2746 1413 ersucht
2787 1347 2905 1407 haben
2959 1342 3039 1402 die
3052 1339 3291 1399 mühewralt
3317 1339 3357 1399 zu

2283 1441 2462 1501 nemen,
2485 1438 2598 1498 undt
2631 1435 2699 1495 diß
2743 1427 2923 1487 geschäfft
2934 1423 2968 1483 in
2990 1417 3203 1477 geneineren
3238 1414 3396 1474 su¬

2302 1525 2522 1585 erdautoren
2583 1518 2699 1578 undt
2717 1515 2787 1575 wan
2831 1510 2883 1570 die
2911 1508 2972 1568 sach
2999 1506 3025 1566 in
3060 1504 3122 1564 das
3157 1501 3351 1561 srimipale

2284 1613 2431 1673 kauffen
2457 1608 2578 1668 Väten
2604 1604 2725 1664 solches
2753 1600 2832 1660 Ugh
2913 1595 2968 1655 den
2981 1591 3128 1651 Näthen
3154 1584 3275 1644 fahls
3288 1577 3382 1637 aber

2284 1708 2423 1768 solches
2453 1701 2522 1761 und
2536 1695 2732 1755 Coniti
2759 1687 2844 1747 Mmin
2858 1682 2971 1742 gnädige
2985 1679 3096 1739 Herren
3111 1678 3250 1738 Beichten
3264 1681 3448 1741 zulaßen,

2286 1889 2449 1949 Vic1.
2473 1869 2636 1929 Welen
2661 1855 2760 1915 laut
2785 1846 2872 1906 Ihrs
2885 1840 2998 1900 bricht
3010 1836 3147 1896 schieben
3198 1834 3247 1894 der
3273 1836 3422 1896 Vincent

2316 1970 2494 2030 Tallent
2527 1955 2748 2015 Versprochen
2782 1940 2870 2000 haben
2915 1932 2982 1992 die
3014 1924 3103 1984 Ihme
3125 1917 3192 1977 zud
3225 1908 3359 1968 buß¬

2060 2003 2165 2063 Salent
2176 2009 2301 2069 Vincent

2300 2061 2591 2121 auffolgste
2625 2046 2674 2106 10
2706 2035 2820 2095 haler
2852 2020 2951 2080 darf
2967 2011 3031 2071 den
3047 2004 3096 2064 H.
3130 1996 3242 2056 Vollen
3277 1991 3421 2051 befahre

2283 2150 2479 2210 zulaßen
2549 2135 2744 2195 derselben
2780 2119 2871 2179 aber
2882 2105 2998 2165 nichts
3009 2097 3068 2157 für
3091 2089 3161 2149 Ihne
3195 2078 3379 2138 Entrichtt

2285 2233 2417 2293 sonder
2440 2216 2837 2276 einnothdürfftiges
2860 2194 2980 2254 Mann
3005 2179 3184 2239 beschicke
3233 2159 3365 2219 worden

2286 2319 2352 2379 Alß
2407 2312 2541 2372 habene
2580 2303 2633 2363 ien
2646 2295 2754 2355 Herrer
2767 2285 2875 2345 dieser
2901 2270 3063 2330 Galtbuß
3090 2258 3130 2318 in
3143 2252 3224 2312 Eüne
3250 2242 3413 2302 lebe¬

2312 2403 2449 2463 straff
2491 2386 2739 2446 verkandtet,
2766 2371 2822 2431 und
2849 2362 2960 2422 selben
2975 2352 3043 2412 für
3071 2343 3099 2403 24
3139 2334 3222 2394 stun
3250 2322 3319 2382 dun

2309 2476 2360 2536 zie
2377 2465 2841 2525 gefangeschafftebet,
2861 2435 3015 2495 welches
3032 2422 3065 2482 an
3082 2412 3169 2472 Ihm
3205 2392 3359 2452 Lagum

2283 2559 2465 2619 zulaßen
2494 2547 2591 2607 Ihne
2619 2528 3025 2588 hiemitauffgetragen
3054 2490 3209 2550 werden.
