4032 3024
620 263 753 323 449l

639 467 812 527 Schnäll
835 460 963 520 Anna¬

719 520 920 580 Barbara.

638 663 727 723 Voino
745 658 817 718 witz
834 651 924 711 Barn

678 716 755 776 Eine
776 708 896 768 hungar

632 1122 935 1182 Kupferschmide

754 1187 860 1247 Cati

629 1714 722 1774 Rot
743 1708 914 1768 Susonna

634 1789 835 1849 Battelann
846 1787 947 1847 zetr¬

992 381 1117 441 Want
1144 377 1199 437 der
1226 376 1337 436 Anna
1365 376 1531 436 Barbare
1560 382 1712 442 Schnell
1739 391 1794 451 von
1808 402 1919 462 allhir

972 456 1043 516 sintr
1063 451 1136 511 Ihre
1146 448 1331 508 gewesenen
1372 451 1527 511 Eheman
1568 461 1691 521 Baron
1723 475 1897 535 Woinowib

973 533 1073 593 Eünen
1095 530 1286 590 hungarn,
1297 529 1331 589 so
1342 529 1386 589 sie
1410 529 1477 589 sith
1499 529 1532 589 14
1578 533 1657 593 Jahr
1690 542 1869 602 verlaßen

963 614 1033 674 mit
1068 613 1127 673 den
1151 613 1363 673 vorbehalt,
1374 613 1434 673 daß
1468 614 1516 674 sie
1527 615 1586 675 sich
1609 618 1680 678 vor
1716 623 1750 683 20
1775 627 1857 687 wohn

946 694 1020 754 mit
1041 692 1254 752 heütrathen
1277 691 1383 751 thüe,
1405 691 1522 751 undt
1543 692 1607 752 die
1629 697 1863 757 bewilligung

935 780 1005 840 Meine
1033 771 1118 831 nigen
1132 766 1229 826 Herre
1258 766 1455 826 ußlruoke
1496 769 1568 829 die
1581 775 1791 835 schidigung

946 858 1147 918 Erthelt.

1672 860 1748 920 Ad
1762 865 1914 925 fon:

950 1023 1064 1083 hassb
1080 1021 1162 1081 bey
1193 1022 1275 1082 zr
1323 1026 1436 1086 fn
1470 1033 1663 1093 MeHen
1681 1032 1795 1092 hbndt
1827 1026 1875 1086 dor

962 1115 1044 1175 taty
1071 1115 1140 1175 Kil
1154 1117 1372 1177 zerschmidt
1387 1120 1470 1180 Ihre
1510 1123 1784 1183 angehörigen
1826 1118 1853 1178 10
1880 1114 1948 1174 von

963 1194 1133 1254 demselben
1187 1199 1240 1259 den
1250 1199 1336 1259 11t.n
1347 1198 1443 1258 Juny
1476 1196 1560 1256 1750
1593 1196 1690 1256 wider
1711 1196 1797 1256 Hre

960 1278 1122 1338 Ehemann
1156 1280 1296 1340 Pheter
1331 1278 1563 1338 Dällenbach
1610 1276 1667 1336 die
1679 1276 1876 1336 schidigung

948 1360 1130 1420 grhalten,
1151 1363 1236 1423 auff
1280 1361 1343 1421 Ihr
1364 1360 1579 1420 demüttiges
1600 1358 1761 1418 Amnsuchen
1793 1362 1954 1422 bewilliget

949 1447 1000 1507 sich
1025 1451 1257 1511 anderfertig
1295 1445 1553 1505 verEhrlichen
1605 1440 1848 1500 zukämmen.

967 1626 1149 1686 Veldorff
1190 1622 1401 1682 beylarben
1428 1621 1456 1681 .
1541 1616 1667 1676 eHer
1680 1610 1763 1670 haben
1793 1602 1876 1662 über

961 1715 1015 1775 So
1052 1711 1161 1771 bericht
1188 1709 1324 1769 schreben
1379 1708 1442 1768 den
1479 1704 1724 1764 Consistorial
1770 1687 1888 1747 handel

966 1786 1104 1846 wüschen
1128 1787 1316 1847 Rusonna
1379 1787 1479 1847 Rodt
1503 1785 1604 1845 undt
1641 1779 1766 1839 Pfeter
1791 1766 1943 1826 Gütt¬

969 1862 1069 1922 mann
1093 1864 1149 1924 von
1171 1865 1273 1925 Epsach
1295 1867 1509 1927 Kilchhöre
1555 1860 1746 1920 Zeuffelen,
1768 1849 1903 1909 welchen

927 1945 1056 2005 Rieder
1084 1956 1427 2016 Schwäangeschafft
1456 1952 1542 2012 halb
1571 1945 1756 2005 beklagt,
1770 1935 1829 1995 biß

930 2020 1022 2080 nach
1053 2025 1107 2085 der
1145 2032 1315 2092 genüßt
1346 2033 1377 2093 in
1407 2033 1569 2093 welchere
1608 2029 1661 2089 Sie
1693 2017 1885 2077 examinit

924 2096 978 2156 und
990 2100 1023 2160 de
1044 2104 1121 2164 ndige
1144 2109 1232 2169 Hrren
1253 2113 1309 2173 deß
1364 2110 1715 2170 heraußkauende
1759 2086 1902 2146 bericht

918 2171 1035 2231 wede
1061 2184 1242 2244 sollindt,
1282 2191 1334 2251 da
1359 2194 1542 2254 übrigens
1568 2187 1723 2247 dieselbe
1736 2173 1853 2233 Ihnen

923 2255 992 2315 hur
1020 2263 1245 2323 vergwesung
1286 2276 1454 2336 verdent
1482 2278 1636 2338 wollen,
1665 2266 1790 2326 fahlt
1804 2247 1902 2307 deseh

919 2340 1092 2400 sörische
1118 2347 1226 2407 Krol
1265 2353 1345 2413 vor
1360 2356 1453 2416 Ihme
1479 2356 1667 2416 erscheinen
1707 2344 1774 2404 sich
1787 2324 1949 2384 umb¬

926 2419 1217 2479 handbetung
1260 2432 1301 2492 bey
1329 2438 1427 2498 Ihren
1440 2441 1538 2501 Herrn
1552 2435 1788 2495 Ambtbaann
1802 2402 1943 2462 anhu¬

904 2490 1053 2550 welden,
1082 2498 1111 2558 Er
1142 2504 1201 2564 bey
1230 2509 1276 2569 der
1290 2512 1334 2572 ein
1350 2515 1571 2575 Canerirung
1602 2503 1751 2563 bekende
1780 2469 1943 2529 lesendten

3265 315 3417 375 444.

2758 321 2900 381 Procedur
2920 334 2977 394 von
2995 334 3033 394 den

2251 373 2417 433 Worsel
2444 362 2569 422 Praf.
2583 362 2653 422 Auß
2694 367 2778 427 Eine
2791 375 2971 435 soanmataonio
3000 383 3014 443 d
3069 390 3193 450 Maser
3221 392 3359 452 habend

2300 459 2574 519 Mehhherschen,
2587 455 2653 515 daß
2691 457 2743 517 die
2768 460 2977 520 Mariarne
3003 469 3120 529 Debet
3133 473 3173 533 so
3186 476 3238 536 sich
3251 481 3383 541 absen¬

2055 549 2091 609 pe
2146 505 2273 565 liaie

2303 552 2375 612 tirt
2387 545 2428 605 im
2469 539 2647 599 Verdacht
2657 538 2721 598 seye
2752 543 2940 603 schwanger
2950 552 3076 612 zusin,
3097 556 3138 616 wn
3159 559 3243 619 auch
3264 563 3326 623 daß

2301 638 2368 698 dra
2403 628 2551 688 Mutter
2573 626 2755 686 Intinirt
2767 632 2926 692 worden,
2949 639 3029 699 Ihre
3051 647 3176 707 Jochsteb
3200 655 3405 715 zuzuschriben,

2302 719 2496 779 daoßsisch
2512 707 2773 767 zubenemmen
2805 715 2903 775 alles
2919 724 3098 784 arsehent
3114 732 3212 792 solle
3244 736 3359 796 solle,

2295 817 2490 877 ongeacht
2504 807 2588 867 aber
2615 803 2741 863 deßen
2770 803 2811 863 die
2838 805 2908 865 Ihme
2936 808 3061 868 Mutte
3076 809 3145 869 Ihre
3174 807 3354 867 diemahlt

2301 906 2553 966 zugeschabe
2595 895 2734 955 volen
2804 895 2847 955 e
2861 898 2958 958 Hen
2987 901 3126 961 deselbe
3155 898 3350 958 freundtlich

2288 1002 2454 1062 ersucht
2479 989 2587 1049 haben,
2610 985 2694 1045 noch
2729 985 2825 1045 haben
2837 985 2885 1045 der
2921 989 3147 1049 Dexteritet
3159 991 3350 1051 zurachten

2304 1098 2396 1158 daß
2435 1085 2540 1145 wege
2567 1079 2685 1139 dieses
2711 1078 2854 1138 Debret
2882 1078 2921 1138 die
2946 1081 3143 1141 Warheison
3171 1084 3235 1144 tag
3248 1085 3353 1145 komme

2272 1191 2388 1251 undt
2411 1186 2434 1246 so
2470 1183 2528 1243 die
2552 1178 2715 1238 Mutter
2739 1174 2797 1234 sich
2808 1174 3089 1234 ohngehorsamb
3112 1177 3241 1237 stellen

2271 1280 2441 1340 wbader
2468 1276 2599 1336 selbe
2612 1274 2651 1334 in
2677 1273 2901 1333 gebührenden
2940 1271 3070 1331 straff
3096 1271 3137 1331 zu
3162 1271 3280 1331 ziehen

2254 1371 2439 1431 übriges
2464 1367 2588 1427 dann
2625 1366 2712 1426 auch
2737 1366 2810 1426 den
2836 1368 3121 1428 Phor-gacht
3158 1370 3183 1430 zu
3207 1370 3393 1430 beduten,

2269 1476 2359 1536 daß
2412 1467 2463 1527 Es
2477 1463 2528 1523 sich
2541 1462 2580 1522 in
2619 1460 2814 1520 dergleiches
2840 1461 2957 1521 führen
2996 1460 3061 1520 bey
3086 1458 3139 1518 den
3164 1452 3257 1512 H.

2273 1562 2666 1622 Landtvogtumb
2701 1549 3010 1609 handzbietung
3045 1540 3295 1600 anmelden

2259 1661 2441 1721 solle,
2473 1647 2548 1707 da
2580 1638 2741 1698 ünbigen
2752 1632 2804 1692 Min
2815 1628 2901 1688 gnädigen
2911 1623 3008 1683 Herren
3018 1618 3094 1678 sehr
3125 1609 3318 1669 främbdt

2287 1739 2554 1799 vorkommen,
2590 1725 2682 1785 daß
2728 1719 2787 1779 der
2809 1713 2926 1773 Juge
2961 1706 3019 1766 deß
3065 1689 3309 1749 Chorgrichts

2256 1835 2356 1895 Vor
2378 1825 2444 1885 den
2467 1817 2533 1877 H.
2544 1804 2798 1864 Landtvogt
2832 1792 2932 1852 undend
2965 1786 3020 1846 ein
3042 1779 3220 1839 geführt
3242 1769 3374 1829 worden

2263 1913 2421 1973 welches
2445 1895 2616 1955 derselben
2640 1885 2700 1945 dem
2749 1874 2992 1934 Consistorio
3016 1862 3174 1922 eröffnen
3198 1851 3357 1911 werde:

2281 2095 2447 2155 Langken
2461 2085 2655 2145 folgende
2682 2074 2793 2134 Fedul
2821 2063 2932 2123 Ein.
2946 2053 3085 2113 Ihrgl.
3099 2042 3224 2102 habends
3251 2031 3333 2091 Ior

2286 2184 2357 2244 auß
2420 2179 2553 2239 fürere
2636 2167 2780 2227 MoHlH
2841 2152 2986 2212 Bortrag
3027 2136 3254 2196 verstanden,
3274 2126 3315 2186 wie

2040 2208 2097 2268 Vor
2125 2224 2268 2284 Melchor

2314 2272 2500 2332 Melchios
2522 2261 2631 2321 Meyer
2653 2254 2708 2314 Ein
2730 2244 2949 2304 Proclpstken
2959 2233 3124 2293 gebürtig
3146 2225 3212 2285 auß
3255 2217 3321 2277 den

2039 2287 2147 2347 Sunder
2158 2294 2254 2354 hatoy

2266 2363 2620 2423 Schwabenkandt,
2648 2340 2753 2400 seiner
2767 2326 2958 2386 Profesior
2973 2316 3032 2376 Ein
3061 2304 3283 2364 Leitwüber

2269 2451 2508 2511 dißmahle
2565 2427 2720 2487 hinder
2748 2409 2917 2469 Settle
2960 2394 3016 2454 sich
3030 2376 3312 2436 auffhaltendte

2245 2551 2275 2611 He
2306 2537 2430 2597 hicin
2461 2522 2537 2582 ien
2553 2510 2677 2570 Heren
2708 2492 2926 2552 ahgetoben,
2941 2481 3002 2541 sich
3033 2476 3096 2536 mit
3127 2468 3234 2528 Catri
3266 2459 3404 2519 Boruder
