4032 3024
615 272 707 332 40
736 268 799 328 f.

927 340 1209 400 Verkilhbeg
1245 335 1340 395 mit
1359 337 1432 397 derm
1509 343 1564 403 Eo
1585 356 1735 416 beits
1753 388 1980 448 Hengschen

945 432 1030 492 lich
1072 428 1213 488 Kinder
1227 428 1453 488 erzeüget,
1482 441 1764 501 verEhrlichen
1807 473 1990 533 zukänmen

954 520 1047 580 ohne
1073 517 1153 577 daß
1205 517 1258 577 Er
1284 517 1377 577 nach
1404 522 1654 582 verlesung
1695 535 1760 595 der
1787 549 1958 609 Ordnung

948 611 1026 671 Von
1048 611 1105 671 Ao
1116 610 1206 670 1724
1250 610 1307 670 Ein
1351 612 1688 672 heimath-Recht
1710 622 1811 682 undt
1834 634 1968 694 darauff

939 697 1111 757 Erfolgte
1147 695 1543 755 Naturaliation
1617 699 1815 759 vorleisen
1827 710 1950 770 können

952 778 1134 838 anebendt
1168 780 1232 840 Ein
1276 782 1642 842 Landtsuntzliches
1675 790 1815 850 Mann
1837 796 1913 856 syn

931 869 1038 929 Ihgl.
1062 866 1134 926 aber
1169 867 1300 927 habendt
1335 869 1526 929 hierüber
1574 872 1669 932 Ihme
1693 872 1776 932 von
1813 870 1907 930 dato

937 958 985 1018 an
1005 955 1192 1015 zurohnen
1261 953 1594 1013 Wiedmonat
1623 952 1721 1012 zeth
1742 948 1928 1008 zusuchung

962 1038 1082 1098 undt
1108 1037 1333 1097 betebung
1374 1037 1466 1097 Eines
1493 1037 1678 1097 heimacht
1718 1035 1877 1095 Rechtens

933 1109 980 1169 ein
1004 1119 1136 1179 Landt
1171 1127 1506 1187 Vergünstiget
1543 1125 1602 1185 der
1627 1121 1841 1181 meinung,
1865 1120 1925 1180 daß

929 1208 1058 1268 fahls
1086 1216 1128 1276 Er
1158 1219 1243 1279 Euch
1287 1222 1503 1282 Muchlhh
1531 1217 1660 1277 immert
1689 1213 1804 1273 dieser
1818 1210 1935 1270 zigh¬

944 1312 1212 1372 deßtlegen,
1235 1313 1342 1373 undt
1385 1313 1459 1373 daß
1513 1313 1557 1373 Er
1589 1312 1793 1372 wärklich
1836 1310 1890 1370 Ein

946 1399 1289 1459 heimath-Racht
1331 1405 1434 1465 haben
1487 1403 1612 1463 Einer
1643 1399 1737 1459 schein
1778 1390 1944 1450 vorleisen

945 1481 1073 1541 kanne
1136 1489 1190 1549 Ihr
1222 1493 1329 1553 Ihme
1372 1493 1436 1553 die
1457 1491 1735 1551 Copalation
1789 1481 1959 1541 bewillige

943 1559 1083 1619 möget
1127 1572 1311 1632 widrigen
1366 1576 1496 1636 fahle
1561 1569 1745 1629 habendt
1768 1558 1887 1618 Ihrgl.
1898 1551 1952 1611 von

945 1635 1024 1695 un
1040 1648 1089 1708 ar
1152 1663 1360 1723 Eobeft,
1376 1665 1454 1725 daß
1519 1661 1550 1721 Er
1566 1657 1615 1717 in
1631 1652 1710 1712 mit
1725 1637 1949 1697 beterbenden

926 1742 1139 1802 heinether
1160 1758 1353 1818 Sehter
1372 1755 1528 1815 sambet
1568 1744 1665 1804 eines
1684 1722 1917 1782 anhugen

934 1819 992 1879 auß
1037 1832 1155 1892 demn
1184 1840 1330 1900 lanct
1361 1840 1522 1900 gelisen
1536 1831 1683 1891 werden
1714 1813 1889 1873 solle.

935 1926 1093 1986 Damit
1119 1930 1226 1990 aber
1267 1933 1306 1993 In
1332 1934 1505 1994 zwischen
1571 1929 1638 1989 die
1664 1917 1942 1977 WeibePerschen

924 2012 1223 2072 underschlauff,
1236 2025 1379 2085 finden
1417 2026 1560 2086 könne
1625 2016 1781 2076 wollent
1794 1999 1912 2059 schre,

926 2089 955 2149 Ee
984 2097 1044 2157 e
1089 2107 1162 2167 e
1193 2114 1311 2174 HrHre
1325 2119 1592 2179 überlaßen
1652 2105 1786 2165 haben
1830 2081 1950 2141 zu¬

926 2199 1258 2259 ransalten,
1276 2213 1375 2273 daß
1426 2212 1592 2272 Jehdech
1608 2201 1691 2261 ohn
1708 2175 1924 2235 Concesure

920 2280 1031 2340 diese
1072 2303 1240 2363 Persohn
1281 2314 1448 2374 hinder
1489 2306 1698 2366 Stettten,
1712 2285 1809 2345 oder
1823 2254 1991 2314 anderst¬

882 2377 980 2437 1fro
1010 2397 1220 2457 gehuldete
1250 2408 1391 2468 terben,
1419 2407 1475 2467 wie
1505 2399 1701 2459 zuthun,
1715 2384 1787 2444 und
1801 2374 1829 2434 in
1843 2360 1942 2420 nicht

2101 835 2251 895 shl.

2059 1102 2216 1162 Sleser
2246 1078 2310 1138 Mon

2066 1191 2116 1251 16
2201 1167 2286 1227 sans

2077 1743 2184 1803 Itho
2200 1736 2308 1796 dabi¬

3307 312 3441 372 4t.

2304 368 2564 428 gehaltenden
2580 361 2759 421 heimath
2791 371 2889 431 Rocht
2905 379 2953 439 Hr
2987 392 3148 452 Mehlhe.
3180 404 3278 464 Ge.
3294 409 3344 469 den

2313 472 2453 532 bricht
2468 454 2778 514 abzustatten
2857 469 2951 529 wichs
2981 477 3106 537 wuse
3136 482 3261 542 lendet

2292 568 2434 628 Act:
2446 560 2529 620 28.
2552 553 2670 613 Apr.
2681 546 2789 606 1733.

2295 765 2532 825 Stettlen.
2547 746 2626 806 Ihr
2641 742 2751 802 obige
2782 739 2970 799 Erbeneuß
3003 744 3160 804 lüußent
3176 751 3334 811 mache,

2316 861 2400 921 umb
2430 851 2544 911 solche
2572 841 2628 901 den
2672 831 2799 891 Meyer
2813 824 3113 884 zunotisition:

2357 1033 2533 1093 Weilen
2559 1014 2695 1074 besaag
2721 1006 2843 1066 Eüter
2856 1004 2965 1064 Mohte
2978 1004 3032 1064 r
3059 1003 3194 1063 Vortags
3221 1001 3398 1061 Jacob¬

2337 1126 2504 1186 sichsli,
2537 1111 2660 1171 deme
2704 1100 2871 1160 Marie
2905 1093 3072 1153 Glause
3095 1089 3162 1149 Ser
3195 1083 3373 1143 Frauto¬

2322 1214 2510 1274 brumen
2549 1199 2608 1259 Ihr
2639 1193 2717 1253 zur
2727 1187 2837 1247 welt
2856 1181 3024 1241 gebohrne
3054 1174 3392 1234 kindtzugerignet,

2313 1300 2421 1360 dieser
2436 1288 2626 1348 ankladt
2653 1274 2829 1334 Eydtlich
2856 1262 3142 1322 Entschuttet,
3170 1258 3307 1318 Alß¬

2327 1389 2468 1449 habendt
2491 1382 2609 1442 Ehril.
2621 1374 2764 1434 Erkent,
2787 1366 2858 1426 daß
2905 1357 2988 1417 die
3023 1345 3200 1405 Glause
3224 1333 3390 1393 deßt¬

2309 1472 2422 1532 fregen
2459 1467 2560 1527 Stier
2585 1463 2659 1523 tag
2685 1455 2835 1515 länger
2848 1449 2885 1509 in
2910 1445 2973 1505 der
2998 1432 3374 1492 Gefangenschafft

2314 1555 2524 1615 außharen
2550 1548 2682 1608 solle:
2708 1539 2839 1599 Ar.
2852 1530 3051 1590 borstach.

2361 1721 2545 1781 demnach
2558 1712 2688 1772 Ehegl.
2701 1707 2741 1767 so
2754 1703 2846 1763 wohl
2859 1699 2925 1759 auß
2976 1694 3029 1754 den
3055 1688 3200 1748 schreben
3226 1681 3305 1741 von

2322 1814 2569 1874 Huutingen
2640 1804 2699 1864 lie
2723 1799 2818 1859 auch
2841 1793 2959 1853 zuere
2971 1790 3019 1850 en
3054 1784 3160 1844 eH
3172 1779 3255 1839 Hren
3266 1772 3407 1832 Vortrag

2311 1898 2637 1958 verstanden,
2669 1886 2725 1946 wie
2757 1880 2822 1940 daß
2877 1872 2931 1932 der
2941 1869 2974 1929 in
2997 1858 3333 1918 gefangenschafft

2314 1988 2488 2048 sitzenden
2554 1977 2740 2037 Kostler
2773 1967 2850 2027 von
2882 1960 3003 2020 Eschl.
3025 1950 3200 2010 davidt
3233 1946 3353 2006 Isther

2298 2074 2539 2134 ohnfopulirt
2562 2066 2642 2126 mit
2689 2056 2814 2116 Eines
2861 2044 2999 2104 Weibe
3022 2032 3182 2092 Persohn
3216 2019 3332 2079 undt

2290 2174 2424 2234 Seche
2450 2158 2625 2218 Kinden
2691 2136 2866 2196 herumb
2880 2121 3042 2181 lagire,
3068 2108 3162 2168 undt
3189 2096 3351 2156 umb¬

2313 2255 2420 2315 selbe
2444 2240 2658 2300 heubrethen
2705 2224 2740 2284 zu
2765 2215 2896 2275 können
2943 2198 3146 2258 anhalte?
3194 2183 3360 2243 habende

2289 2355 2417 2415 Post
2462 2337 2590 2397 ichen
2611 2307 3063 2367 draußgestanden
3084 2275 3321 2335 gefangen
3342 2261 3408 2321 ¬

2285 2446 2464 2506 schafft
2499 2424 2750 2484 Vernügen,
2770 2408 2859 2468 Eich
2876 2392 3108 2452 Mehleshe
3145 2368 3251 2428 aber

3557 531 3605 591 16
