4032 3024
625 264 733 324 4.2.
747 265 801 325 f.

956 356 1204 416 freüundtlich
1218 349 1439 409 ansinnen
1468 351 1615 411 wollen
1658 362 1747 422 Ihre
1776 384 1983 444 dießgn¬

963 449 1083 509 laton
1130 445 1462 505 zugestatten,
1477 442 1599 502 unndt
1614 444 1660 504 in
1675 449 1751 509 Ihr
1766 461 1932 521 Ermache

952 549 1138 609 hutiesen:
1164 542 1311 602 Actl.
1324 539 1403 599 28.
1417 539 1563 599 Aprl.
1576 545 1723 605 1733.

948 722 1085 782 Ast.
1121 709 1241 769 Ihnen
1257 703 1464 763 hiervvon
1497 703 1653 763 parte
1670 710 1809 770 gebe.

694 819 848 879 Obt.

972 935 1124 995 Jhrgl.
1136 934 1302 994 habendt
1327 932 1416 992 dene
1442 931 1517 991 H.
1556 929 1836 989 Ambtleüthen
1898 930 1962 990 von

974 1024 1197 1084 Torwange
1243 1019 1350 1079 undt
1373 1015 1631 1075 Burgdorff
1678 1015 1947 1075 auffgetragen

633 1066 819 1126 bösinges
842 1060 947 1120 haten

984 1116 1118 1176 hinder
1151 1107 1229 1167 Ihre
1263 1100 1496 1160 Umbtern
1551 1099 1652 1159 auff
1674 1099 1730 1159 die
1763 1098 1907 1158 Ttionen

634 1155 760 1215 Koller
786 1147 976 1207 Johanns¬

968 1198 1080 1258 Catiy
1111 1193 1295 1253 bösinger
1325 1188 1418 1248 undt
1448 1181 1715 1241 Entleichenen
1756 1176 1909 1236 Johanneß

922 1288 1082 1348 Keller
1113 1279 1346 1339 zuachten,
1367 1272 1473 1332 auff
1504 1263 1696 1323 betratten
1748 1252 1939 1312 Sieeinstzen

961 1369 1043 1429 undt
1070 1372 1140 1432 deß
1195 1370 1389 1430 Vechaffte
1417 1363 1569 1423 Ihrgl.
1596 1343 1984 1403 zuverständigen.

940 1460 1054 1520 At.
1066 1453 1295 1513 Borstath.

958 1628 1140 1688 Weilen
1195 1624 1419 1684 frendige
1446 1616 1558 1676 Jahre
1585 1609 1642 1669 de
1669 1601 1810 1661 Frantz
1823 1591 1935 1651 logger

653 1641 806 1701 Egger
830 1636 960 1696 Hanß.

976 1714 1043 1774 von
1078 1713 1439 1773 Frautbrunnen
1484 1705 1541 1765 sich
1586 1696 1721 1756 dahin
1745 1683 1913 1743 erfoehen

635 1735 868 1795 Schaltebrandt
890 1741 955 1801 Marn

958 1801 1137 1861 döffen,
1150 1801 1202 1861 ob
1227 1801 1329 1861 wäre
1369 1797 1561 1857 derselben
1598 1789 1675 1849 zun
1715 1772 1934 1832 Buderih¬

720 1796 900 1856 Catoina:

929 1808 948 1868 2

947 1882 1115 1942 Ambte
1137 1883 1371 1943 Cantelami
1395 1882 1686 1942 vermittlest
1719 1859 1865 1919 harter

948 1968 1321 2028 Gefangenschafft
1336 1968 1580 2028 gehwungen
1610 1949 1796 2009 worden,
1810 1926 1897 1986 Eie

942 2055 1297 2115 übelberichtigte
1359 2050 1513 2110 Weibe
1538 2039 1714 2099 Persohn
1779 2029 1816 2089 zu
1855 2020 1970 2080 Ehe¬

942 2136 1113 2196 lichen,
1142 2141 1184 2201 da
1228 2143 1313 2203 doch
1341 2141 1469 2201 durch
1483 2134 1683 2194 gehalter
1713 2110 1927 2170 nochfod¬

924 2224 1164 2284 schungnit
1184 2225 1245 2285 her
1265 2225 1525 2285 vorkommen,
1555 2217 1646 2277 daß
1685 2209 1725 2269 Er
1766 2201 1806 2261 zu

943 2309 1228 2369 heütorathung
1270 2315 1332 2375 der
1353 2317 1681 2377 Schaltebrandt
1701 2292 1932 2352 gesprengen

928 2388 1101 2448 worden,
1114 2396 1287 2456 sondern
1313 2404 1460 2464 solches
1473 2403 1701 2463 freywillig
1727 2383 1887 2443 beschehen

925 2465 1021 2525 undt
1053 2474 1086 2534 Er
1102 2484 1214 2544 solche
1245 2494 1341 2554 auch
1375 2501 1648 2561 Collicitiret,
1663 2489 1744 2549 Alß
1793 2465 1889 2525 haben
1905 2446 1936 2506 te

2088 1523 2199 1583 obIl.

2052 1754 2169 1814 Ermann
2178 1747 2284 1807 Marnt

2041 1842 2137 1902 Desson
2160 1834 2279 1894 Jaque¬

2082 1894 2201 1954 Louis.

2044 2199 2174 2259 Helsanges
2197 2209 2291 2269 Barben

2047 2283 2251 2343 eubrwächter

2088 2350 2240 2410 Niclant

3256 304 3356 364 452

2280 370 2387 430 Wal
2402 361 2462 421 den
2477 358 2539 418 H.
2554 358 2782 418 Aumktmann
2812 367 2889 427 auf
2904 376 3011 436 Freut
3040 390 3177 450 bruen
3207 405 3374 465 befohlen

2302 454 2436 514 Diesen
2473 445 2583 505 Eigger
2607 445 2705 505 fahls
2729 450 2766 510 Er
2791 460 2987 520 gegenertig
3011 473 3109 533 hinde
3145 484 3365 544 Fraunbaung

2280 538 2420 598 wäre,
2445 537 2791 597 ingesangeschafft
2804 554 2906 614 steben
2969 567 3059 627 undt
3085 575 3149 635 für
3162 579 3238 639 acht
3263 583 3393 643 lang¬

2300 624 2520 684 anwaßer
2546 622 2650 682 undt
2663 632 2974 692 broctenthalten
3027 656 3221 716 zulaßen

2291 733 2343 793 da
2397 721 2438 781 Er
2459 716 2544 776 aber
2565 714 2639 774 mit
2650 716 2851 776 anheimft
2872 727 3000 787 wäre,
3010 735 3095 795 solle
3126 741 3158 801 Er
3179 743 3211 803 in
3222 746 3328 806 seinem

2282 823 2428 883 Ambt
2441 810 2539 870 auff
2575 805 2758 865 denselben
2795 811 2978 871 achten,
3002 818 3076 878 und
3112 824 3211 884 auff
3223 827 3382 887 betetten

2288 907 2402 967 dieser
2452 897 2593 957 Uotheil
2630 895 2670 955 an
2695 895 2784 955 Ihme
2809 900 3012 960 Exequren
3037 907 3164 967 laßen
3215 915 3342 975 deßen

2274 1012 2343 1072 Ihr
2372 999 2580 1059 MeeH.
2608 990 2775 1050 berichtet
2789 988 2914 1048 werdet
2928 988 3012 1048 umb
3041 989 3082 1049 da
3123 989 3179 1049 Ihr
3207 991 3320 1051 Er¬

2287 1095 2553 1155 guttfinden
2626 1087 2758 1147 sthätet
2795 1085 2964 1145 darvon
3072 1080 3145 1140 von
3169 1071 3279 1131 Euter

2294 1189 2422 1249 Cammer
2444 1182 2519 1242 auß
2572 1178 2647 1238 dem
2680 1177 2733 1237 H.
2756 1175 2969 1235 LandtStogst
2980 1173 3023 1233 im
3067 1168 3206 1228 Erquel
3228 1156 3314 1216 part

2290 1284 2397 1344 geben
2437 1271 2732 1331 zukamen.
2758 1265 2894 1325 Act.
2920 1261 2986 1321 28.
3001 1255 3161 1315 Aprilis
3174 1242 3310 1302 1733.

2287 1480 2456 1540 Erquel
2486 1466 2599 1526 anfl.
2613 1459 2784 1519 Mehrogat
2811 1454 2911 1514 Ref.
2925 1453 3024 1513 Ihmne
3052 1450 3109 1510 von
3137 1446 3264 1506 obgen

2304 1566 2377 1626 den
2427 1554 2638 1614 behörigen
2687 1540 2824 1600 bericht
2836 1534 3035 1594 ertheilen.

2316 1726 2478 1786 Erscheit
2510 1715 2684 1775 Margath
2717 1703 2847 1763 Lernan
2879 1694 2944 1754 von
2976 1682 3183 1742 Brittnauw
3226 1673 3323 1733 undt

2331 1820 2464 1880 klagt
2476 1811 2560 1871 sith
2584 1798 2768 1858 ohngefehr
2780 1790 2792 1850 4
2828 1779 2986 1839 moniger
3022 1759 3301 1819 schwängerung

2297 1911 2397 1971 halb
2409 1906 2446 1966 am
2521 1892 2658 1952 Jaques
2684 1879 2783 1939 lonis
2808 1866 2920 1926 Besson
2957 1854 3056 1914 Son
3095 1843 3231 1903 Uellar,
3256 1835 3355 1895 welcher

2293 1987 2373 2047 auch
2387 1984 2439 2044 die
2454 1981 2507 2041 ser
2535 1974 2709 2034 ankleydt
2723 1958 2910 2018 geständig
2937 1942 3031 2002 solhl,
3045 1934 3072 1994 vr
3085 1927 3166 1987 sol
3179 1919 3233 1979 sich
3246 1909 3353 1969 laßen

2300 2072 2527 2132 Examinin,
2539 2059 2615 2119 und
2652 2051 2690 2111 Er
2715 2044 2842 2104 allhie
2854 2023 3118 2083 abbüeßen.

2324 2210 2490 2270 Barbar
2549 2193 2750 2253 Balsinges
2773 2181 2833 2241 ist
2856 2168 3035 2228 Eingesetzt
3047 2155 3165 2215 worde,
3177 2147 3259 2207 wile
3284 2142 3331 2202 Er

2295 2297 2379 2357 ohne
2404 2292 2526 2352 dienst
2539 2286 2575 2346 in
2601 2280 2661 2340 der
2685 2268 2808 2328 Statt
2832 2238 3201 2298 herumbschlormbt,
3225 2214 3322 2274 undt

2286 2377 2378 2437 4ust
2396 2372 2472 2432 H.
2491 2365 2546 2425 Aan
2583 2354 2695 2414 halte
2714 2338 2863 2398 sench
2882 2315 3107 2375 aisegewaen
3144 2297 3217 2357 sey,
3238 2288 3367 2348 selben

2273 2460 2344 2520 blß
2362 2454 2417 2514 dan
2453 2441 2617 2501 Montag
2653 2419 2852 2479 hieunder
2870 2402 2943 2462 mndt
2961 2392 3034 2452 der
3052 2382 3196 2442 Kilait
3214 2373 3341 2433 heibe

2278 2535 2437 2595 trächter
2462 2522 2523 2582 der
2549 2508 2720 2568 chneuder,
2734 2491 2844 2551 demme
2868 2480 2905 2540 Er
2943 2473 2991 2533 die
3017 2460 3214 2520 gestehle
3226 2450 3337 2510 sachen

2294 2609 2533 2669 hubringt,
2561 2590 2616 2650 und
2645 2578 2742 2638 einen
2772 2556 3024 2616 Verdächtlgen
3038 2541 3121 2601 umb
3135 2534 3220 2594 gang
3248 2528 3346 2588 haben

2280 2690 2357 2750 auch
2381 2683 2510 2743 sitiet
2535 2661 2689 2721 werden:

3483 860 3492 920 1
