4032 3024
633 269 732 329 456
765 265 848 325 f.

949 348 1050 408 dann
1079 340 1166 400 auch
1197 337 1284 397 von
1341 335 1443 395 Ihne
1473 338 1560 398 sehr
1575 347 1749 407 schlimmen
1778 366 1938 426 lünkker

936 436 1123 496 beschicke
1157 431 1311 491 worden
1363 430 1517 490 haben
1533 433 1567 493 d3
1602 438 1789 498 MeHn
1806 450 1996 510 diesehsten

958 524 1080 584 allhie
1114 526 1147 586 10
1180 526 1247 586 tag
1270 524 1337 584 hud
1370 521 1649 581 abbüeßung
1682 521 1818 581 undt
1851 525 1895 585 zu

943 619 1226 679 Empfechung
1266 620 1316 680 30
1356 619 1484 679 streith
1524 617 1549 677 in
1589 617 1654 677 den
1679 622 1950 682 schwingstuhl

951 709 1054 769 sthet
1080 709 1275 769 laßen,
1301 709 1470 769 anbey
1509 709 1691 769 Erkent,
1718 709 1808 769 daß
1847 709 1912 769 die

927 796 1079 856 Mutter
1102 794 1200 854 undt
1211 795 1342 855 Tochter
1397 796 1462 856 bey
1506 796 1637 856 Ihnen
1669 797 1746 857 Vor
1768 797 1943 857 Chorgicht

937 884 1158 944 bescheiden
1218 891 1317 951 Ihne
1365 892 1438 952 Ihr
1488 893 1756 953 frgerlicher
1780 893 1879 953 thun

934 980 1062 1040 gantz
1088 980 1463 1040 Ernstmeinendt
1490 980 1788 1040 vorgehalten
1838 979 1942 1039 undt

942 1068 981 1128 zu
1032 1062 1190 1122 beßteren
1240 1060 1459 1120 läbtiesen
1498 1060 1816 1120 angemahnt,
1835 1060 1905 1120 die

934 1147 1116 1207 Mutter
1148 1144 1246 1204 dann
1278 1142 1375 1202 wegen
1396 1144 1494 1204 Ihres
1526 1144 1742 1204 übersehens
1763 1144 1806 1204 24
1850 1144 1946 1204 sundt

942 1231 1045 1291 lang
1079 1229 1354 1289 Eingethünt
1399 1228 1502 1288 werde
1537 1228 1627 1288 solle
1674 1227 1777 1287 undt
1799 1226 1914 1286 fahls

923 1325 1126 1385 Sienicht
1161 1313 1352 1373 bgehornen
1388 1309 1579 1369 wulden,
1602 1310 1758 1370 selbige
1770 1312 1817 1372 Ug

939 1415 1007 1475 der
1030 1411 1167 1471 Räthen
1212 1404 1417 1464 verleiden
1462 1400 1691 1460 zulaßen.

945 1583 1112 1643 Gedul
1140 1580 1181 1640 an
1210 1579 1473 1639 MnHHrr
1502 1576 1683 1636 Sitahl
1724 1566 1919 1626 erwalter

931 1678 994 1738 Ihm
1045 1675 1198 1735 ersuchen
1248 1672 1324 1732 die
1349 1668 1692 1728 Schlängtstuhl
1741 1657 1956 1717 Execution

665 1694 711 1754 ob
748 1680 832 1740 18.

944 1762 1027 1822 der
1057 1760 1108 1820 30
1150 1759 1263 1819 streche
1314 1753 1706 1813 zuveranstalten

920 1940 1219 2000 Hampvent:
1240 1942 1426 2002 Welen
1497 1933 1921 1993 ohngeochtgethaner

943 2018 1113 2078 Citation
1187 2024 1251 2084 der
1283 2026 1484 2086 Lienhart
1516 2022 1655 2082 Grimm
1688 2016 1751 2076 von
1782 1998 1974 2058 Laupeß¬

638 2053 772 2113 Grimm
784 2064 905 2124 lienher

931 2085 1016 2145 teil
1064 2091 1099 2151 in
1136 2098 1268 2158 diesen
1292 2101 1353 2161 H.
1377 2103 1534 2163 Tillirs
1570 2098 1643 2158 Son
1666 2084 1873 2144 Champobe

634 2160 755 2220 Bähler
768 2165 916 2225 Ehtbeh
929 2174 1063 2234 welchen
1090 2184 1279 2244 Elßtboth
1318 2190 1468 2250 Bähles
1494 2189 1574 2249 von
1615 2174 1884 2234 Ansoltingen

953 2261 1016 2321 der
1041 2269 1597 2329 eheundtschwängerung
1648 2260 1749 2320 halb
1775 2238 1964 2298 beklaget

899 2339 939 2399 Me
1021 2341 1116 2401 ne
1142 2345 1237 2405 Herren
1266 2349 1347 2409 icht
1361 2353 1632 2413 erschinnen,
1659 2341 1727 2401 alß
1767 2317 1931 2377 wollendt

928 2415 1071 2475 dieselb
1102 2425 1182 2485 Ihre
1214 2437 1499 2497 auffgetragen
1515 2434 1642 2494 haben
1674 2422 1738 2482 den
1769 2400 1897 2460 Saim

914 2496 1027 2556 von
1048 2506 1257 2566 rünftig
1294 2518 1428 2578 desen
1468 2519 1543 2579 übe
1583 2516 1621 2576 14
1639 2511 1696 2571 teg
1754 2496 1811 2556 er
1851 2480 1869 2540 1
1888 2466 1945 2526 70

934 2572 1141 2632 fürschein,
1171 2588 1215 2648 die
1244 2598 1422 2658 behörige
1438 2601 1631 2661 Citation
1645 2588 1778 2648 anten
1809 2560 1941 2620 zulesen

2090 671 2276 731 Postolet

2100 750 2209 810 stiel

2089 1358 2251 1418 Jagisor

2076 1828 2198 1888 Kentzig
2225 1830 2307 1890 bertk¬

2069 1922 2153 1982 hug,
2168 1922 2266 1982 Hauß

3322 323 3377 383 45
3396 330 3461 390 .

2300 402 2498 462 Haanen
2528 386 2642 446 Prache
2670 385 2698 445 zu
2726 386 2926 446 Verlangte
2940 396 3140 456 begwisung
3154 406 3311 466 wollenden
3325 411 3455 471 Meh.

2330 481 2554 541 demselben
2592 473 2724 533 vorgen
2750 474 2803 534 deß
2829 478 3092 538 ohngehorsammen
3131 488 3263 548 Serre
3289 491 3408 551 Ster¬

2330 572 2475 632 Mholets
2502 565 2529 625 so
2547 564 2582 624 an
2628 562 2736 622 einem
2818 562 2953 622 sontag
2980 565 3070 625 Eine
3106 568 3160 628 gro
3178 571 3223 631 ße
3250 575 3412 635 Ergernuß

2325 650 2492 710 gegeben,
2504 644 2607 704 undt
2619 644 2734 704 nicht
2761 645 2837 705 vor
2876 647 2926 707 den
2953 651 3145 711 Thorglicht
3158 656 3350 716 erscheinen

2333 734 2461 794 will,
2484 730 2520 790 In
2555 728 2754 788 antwort
2788 730 2976 790 verdecket
2987 732 3104 792 haben,
3128 734 3186 794 den
3209 737 3408 797 Vertholet

2307 829 2393 889 wege
2422 820 2616 880 erliesenen
2654 817 2847 877 Despects
2877 818 3022 878 2mahl
3050 818 3089 878 24
3117 819 3243 879 stundt
3262 817 3388 877 einsehen

2316 907 2550 967 zulaßen,
2572 897 2662 957 undt
2674 895 2752 955 mit
2786 893 2977 953 demselbe
3010 893 3312 953 nachvertenahe

2310 996 2423 1056 gsatz
2433 985 2548 1045 undt
2568 975 2764 1035 Ordnung
2806 971 3054 1031 zuverfahren
3085 970 3157 1030 und
3188 968 3250 1028 dem

2327 1079 2438 1139 Hhr.
2452 1066 2590 1126 Richt
2606 1060 2744 1120 zuden
2758 1060 2828 1120 ein
2841 1060 2953 1120 gnädigen
2966 1060 3064 1120 Heren
3077 1059 3286 1119 füorhinmit
3315 1051 3413 1111 der¬

2310 1168 2456 1228 gleiche
2487 1150 2762 1210 Kleinigkeite
2794 1150 3084 1210 zuverschane.
3100 1151 3229 1211 Ehier
3245 1145 3375 1205 heiten

2304 1279 2420 1339 kine
2433 1265 2640 1325 andere,
2667 1258 2899 1318 betreffend
2939 1257 2990 1317 den
3015 1254 3211 1314 Gichtseß
3249 1241 3378 1301 hingen

2291 1366 2333 1426 so
2344 1360 2399 1420 ist
2431 1352 2485 1412 die
2517 1345 2701 1405 Ordnung
2733 1342 2799 1402 fol
2820 1339 2852 1399 14
2873 1338 2971 1398 klar
3004 1336 3025 1396 1
3068 1332 3133 1392 daß
3165 1324 3328 1384 derselbe

2320 1438 2405 1498 mit
2441 1434 2525 1494 200
2551 1433 2598 1493 Rb
2635 1430 2708 1490 buß
2767 1426 2816 1486 zu
2840 1423 2974 1483 hande
3010 1419 3070 1479 der
3094 1416 3192 1476 kamme
3228 1411 3373 1471 beleget

2305 1517 2436 1577 werden
2448 1510 2526 1570 soll

2298 1674 2562 1734 Niderbish
2632 1656 2757 1716 bemit
2793 1650 2827 1710 den
2850 1648 2884 1708 9.
2896 1645 3045 1705 Marti
3068 1641 3184 1701 beschin
3207 1631 3368 1691 habendt

2300 1766 2501 1826 Meger
2526 1755 2575 1815 er
2602 1746 2752 1806 Barbara
2791 1738 2941 1798 Kentzig
2978 1730 3105 1790 Kindt
3130 1721 3243 1781 Ihrem

2316 1842 2636 1902 abgescheitenen
2709 1824 2869 1884 Eheman
2913 1814 3189 1874 Harßhugi
3218 1796 3292 1856 alß

2339 1933 2500 1993 Ehrlich
2534 1910 2935 1970 zusamenbekennt,
2947 1900 2982 1960 (0
3016 1895 3096 1955 daß
3130 1881 3303 1941 selbiges
3326 1860 3384 1920 hi¬

2305 2025 2449 2085 gleichen
2484 2010 2616 2070 theilen
2640 1999 2807 2059 erhalten
2831 1991 2928 2051 weden
2940 1982 3047 2042 soll,
3059 1976 3142 2036 fahl
3191 1966 3275 2026 aber
3298 1958 3358 2018 die

2302 2108 2557 2168 Kentzigeit
2590 2095 2632 2155 im
2674 2087 2865 2147 Vemögen
2909 2074 3036 2134 solcher
3057 2062 3270 2122 zuerhalten

2302 2194 2452 2254 werdendt
2494 2184 2535 2244 Sie
2562 2178 2658 2238 Ihne
2686 2168 2892 2228 miltothe
2919 2152 3193 2212 handtbitung
3220 2136 3316 2196 thun

2315 2278 2511 2338 laste:
