4032 3024
613 258 702 318 418
732 254 793 314 f.

623 532 752 592 Burger
781 527 909 587 Beonia

620 632 840 692 Burgauloer
854 626 938 686 daniet

615 1895 704 1955 hirt
732 1895 867 1955 Jacob.

599 2000 866 2060 Eichenberger

666 2065 808 2125 Ursula

908 372 1124 432 Lertzburg
1157 363 1289 423 Rraf.
1306 358 1487 418 Weilen
1505 358 1554 418 die
1587 362 1719 422 Wene
1770 383 1936 443 Bürger

947 464 1030 524 von
1065 451 1256 511 Oberkulm
1350 442 1468 502 laut
1504 447 1776 507 Eingesenden
1836 475 1979 535 brichte

947 539 1010 599 von
1048 538 1112 598 den
1138 536 1213 596 H.
1228 533 1418 593 Pffarhl.
1444 532 1699 592 daselbsten
1737 543 1915 603 Erstnah

944 626 1014 686 Ihro
1037 623 1191 683 genißt
1226 622 1309 682 zum
1356 622 1508 682 Vatter
1531 622 1626 682 Ihres
1638 627 1792 687 kundts
1803 636 1979 696 ernambset

929 717 1062 777 thaniel
1111 709 1353 769 butgauwer
1377 704 1461 764 Von
1509 708 1751 768 Schaffnusen
1824 726 1909 786 auch

932 810 1032 870 schon
1048 805 1091 865 in
1120 800 1193 860 No
1207 795 1293 855 1725
1323 790 1454 850 Einen
1482 788 1641 848 bedienen
1655 795 1786 855 fählers
1814 817 1973 877 begangen

928 894 1064 954 habe,
1091 886 1160 946 Alß
1200 884 1351 944 habindt
1378 886 1405 946 M
1460 888 1556 948 Hr
1582 892 1760 952 Ghorthalb
1774 893 1936 953 erbenten

932 983 1013 1043 daß
1050 983 1191 1043 selbige
1238 983 1473 1043 beforderst
1497 982 1568 1042 alß
1615 982 1673 1042 den
1721 982 1885 1042 slreyten

934 1071 1088 1131 lediger
1115 1076 1256 1136 fähles
1285 1076 1522 1136 begangen,
1550 1075 1620 1135 zur
1662 1072 1900 1132 abbürsung

930 1171 1112 1231 gehalten
1137 1171 1242 1231 undt
1254 1171 1463 1231 nachtert
1489 1169 1580 1229 nach
1606 1168 1670 1228 der
1710 1166 1958 1226 Ordnung¬

927 1259 1047 1319 tieben
1072 1259 1143 1319 Sie
1179 1259 1264 1319 Ihre
1276 1261 1685 1321 schwangerschafft
1709 1258 1806 1318 nicht
1818 1255 1962 1315 angeben

936 1340 1013 1400 undt
1039 1342 1103 1402 den
1141 1347 1411 1407 Burgauter
1450 1354 1680 1414 Erstnach
1705 1353 1924 1413 dergenißt

935 1429 1120 1489 beklaget
1164 1434 1220 1494 die
1250 1440 1408 1500 Tionen
1436 1445 1594 1505 sambt
1622 1443 1736 1503 Ihren
1766 1431 1894 1491 findte

920 1516 990 1576 den
1026 1520 1332 1580 Eürringnach
1379 1529 1462 1589 auß
1508 1529 1568 1589 den
1603 1525 1744 1585 landt
1767 1511 1897 1571 hinauf

926 1602 1078 1662 gewisen
1102 1598 1280 1658 werden,

916 1783 1115 1843 Reyn:
1130 1783 1206 1843 Ihs
1238 1783 1575 1843 berichtscheiben
1605 1780 1726 1840 haben
1743 1772 1912 1832 wehls¬

938 1869 1134 1929 beroffnet,
1157 1873 1227 1933 wie
1250 1871 1331 1931 daß
1378 1868 1504 1928 Jacob
1539 1864 1644 1924 hirt
1667 1858 1736 1918 ein
1771 1850 1921 1910 ehemam

932 1948 1019 2008 zum
1073 1957 1366 2017 hlestemahl
1421 1952 1702 2012 bekantlich
1736 1936 1865 1996 worden

911 2026 1000 2086 mit
1025 2033 1153 2093 Einen
1230 2042 1383 2102 Ehelib
1422 2043 1600 2103 Nosula
1652 2026 1894 2086 Einhebrge

911 2104 1044 2164 welcher
1068 2113 1128 2173 Sie
1152 2119 1237 2179 auch
1274 2125 1479 2185 seymahl
1517 2121 1734 2181 gestanden
1783 2102 1856 2162 mit

921 2198 1135 2258 Einandern
1146 2204 1211 2264 sich
1233 2206 1265 2266 in
1297 2207 1502 2267 Ehebruch
1544 2200 1750 2260 vertrabt
1771 2187 1911 2247 zuhaben

914 2285 1116 2345 nächterts
1128 2297 1217 2357 aber
1242 2302 1368 2362 beyden
1418 2301 1545 2361 dieser
1594 2291 1696 2351 that
1721 2270 1885 2330 gantzlich

930 2376 1163 2436 verwirt:
1204 2393 1369 2453 Weilen
1383 2395 1465 2455 nun
1506 2388 1644 2448 beyde
1671 2374 1741 2434 die
1754 2357 1850 2417 that

2088 1389 2136 1449 Non
2160 1384 2269 1444 Valet.

2067 2179 2241 2239 Kälsinger

2117 2263 2272 2323 barbara¬

3302 313 3383 373 49

2314 347 2498 407 seymahl
2526 343 2683 403 bekennt,
2709 347 2842 407 hiemit
2855 356 2948 416 sleches
2961 361 3013 421 alß
3039 367 3106 427 fir
3119 378 3356 438 gnugsame

2318 439 2542 499 Confession
2581 436 2830 496 anzusehen,
2843 445 2896 505 alß
2936 453 3028 513 haben
3054 463 3146 523 nädien
3158 469 3252 529 Herer
3278 475 3395 535 rthalb

2323 534 2497 594 Erkent,
2520 526 2589 586 daß
2637 526 2695 586 Sie
2718 527 2776 587 alß
2811 530 2869 590 auß
2903 536 2996 596 Ihren
3020 547 3147 607 mund
3171 561 3345 621 geachtet

2310 623 2387 683 noch
2420 617 2475 677 der
2497 613 2695 673 Oordnung
2717 617 2937 677 abgestrafft
2959 625 3047 685 undt
3068 631 3135 691 zub
3168 640 3387 700 abbüeßung

2328 705 2492 765 gehalten
2504 697 2630 757 werden
2642 697 2769 757 solle:
2794 702 2857 762 da
2894 709 3007 769 dann
3034 715 3096 775 Sie
3110 717 3159 777 sie
3171 719 3260 779 nach
3272 718 3373 778 lete

2297 802 2391 862 Vor
2422 787 2534 847 Ehr-
2549 781 2691 841 Gicht
2706 782 2879 842 bescheiden
2943 790 3037 850 und
3069 794 3148 854 Ihe
3164 796 3273 856 liegen
3306 793 3385 853 Ihre¬

2306 882 2515 942 Caugnens
2544 868 2753 928 Einegute
2780 869 3032 929 Remonatrun
3088 876 3240 936 ertheiben
3269 877 3381 937 laßen

2281 977 2445 1037 herdet

2293 1133 2581 1193 Bineltan
2597 1120 2678 1180 H.
2709 1113 2901 1173 Pfechl.
2932 1108 3110 1168 Undermn
3142 1108 3205 1168 2.
3220 1109 3367 1169 Febrb.

2290 1234 2428 1294 lesthin
2465 1222 2578 1282 haben
2592 1217 2616 1277 t
2641 1209 2805 1269 Mehen
2830 1199 3031 1259 denselben
3056 1192 3168 1252 wegen
3193 1192 3244 1252 der
3269 1192 3394 1252 Salame

2310 1329 2436 1389 bloh,
2451 1324 2493 1384 so
2521 1318 2577 1378 den
2606 1309 2731 1369 Jacob
2761 1294 2999 1354 Guttman
3055 1280 3224 1340 Ehrliher
3254 1277 3379 1337 will,

2302 1423 2425 1483 undt
2449 1413 2510 1473 sich
2546 1399 2780 1459 schwangern
2792 1385 2903 1445 leibs
2939 1375 3110 1435 befinden
3123 1369 3221 1429 soll,
3245 1367 3431 1427 aufge¬

2293 1514 2474 1574 tragen,
2510 1498 2596 1558 der
2632 1481 2899 1541 beschaffenheit
2911 1470 2959 1530 der
3020 1463 3080 1523 ein
3092 1458 3190 1518 gnädigen
3202 1454 3288 1514 Heren

2309 1606 2356 1666 zu
2391 1584 2725 1644 verständigen,
2748 1566 2820 1626 wie
2844 1559 2939 1619 aber
2962 1553 3021 1613 biß
3070 1545 3164 1605 dato
3189 1540 3271 1600 noch
3283 1535 3402 1595 nichts

2317 1683 2572 1743 Einkammen,
2606 1669 2676 1729 alß
2710 1657 2826 1717 werde
2850 1643 3035 1703 derselben
3069 1630 3288 1690 Ersuchten

2320 1776 2451 1836 diesen
2480 1758 2756 1818 Eingenuegen
2771 1736 2990 1796 zuleisen,
3019 1720 3092 1780 und
3121 1709 3223 1769 auff
3252 1699 3310 1759 die

2303 1876 2428 1936 bloß
2479 1858 2693 1918 huviginitz
2729 1843 2764 1903 zu
2781 1829 2960 1889 laße.

2273 2056 2441 2116 Bdul
2469 2045 2510 2105 an
2540 2032 2763 2092 MuWHr.
2792 2010 3029 2070 Großweibel
3073 1988 3254 2048 Lripfe:
3282 1974 3422 2034 Weiln

2311 2144 2358 2204 die
2382 2134 2562 2194 barbara
2609 2113 2790 2173 Bolsinger
2837 2093 2921 2153 von
2957 2080 3088 2140 belp.
3112 2067 3243 2127 welche
3267 2057 3363 2117 legen

2299 2223 2329 2283 3
2376 2215 2482 2275 baar
2512 2192 2845 2252 außgenommen
2860 2158 3074 2218 Strimpfen
3089 2141 3195 2201 auff
3225 2129 3346 2189 sonto

2274 2299 2336 2359 MM
2369 2292 2495 2352 He
2543 2279 2607 2339 rn
2623 2267 2748 2327 hales
2781 2241 3002 2301 außgeren,
3035 2218 3130 2278 anch
3145 2202 3353 2262 schwauen

2295 2372 2536 2432 leümbker
2573 2352 2740 2412 bescheien
2778 2328 2889 2388 oede,
2907 2306 3093 2366 nemblich
3113 2289 3167 2349 daß
3206 2271 3430 2331 Reiches¬

2306 2444 2439 2504 hüres
2477 2439 2573 2499 und
2610 2426 2765 2486 trgen,
2802 2408 2879 2468 als
2898 2398 2935 2458 s
2973 2378 3165 2438 diselben
3183 2360 3261 2420 zur
3279 2347 3453 2407 beleigen

2295 2516 2568 2576 besteftung
2587 2508 2608 2568 a
2646 2501 2706 2561 die
2743 2490 2862 2550 ober
2881 2462 3213 2522 gefangenscoaff
3234 2418 3391 2478 gefeten

2294 2587 2474 2647 wort.
