4032 3024
628 253 717 313 460
730 247 808 307 f.

618 642 756 702 Grivel
782 636 870 696 Gaac
894 626 971 686 Lauis

611 733 737 793 Romey
771 719 940 779 Susane.

1461 280 1699 340 Vermitthest

952 327 1044 387 Wir
1067 318 1276 378 Nichterec.
1288 316 1356 376 alß
1392 318 1484 378 dann
1543 328 1646 388 eines
1681 349 1889 409 frachseter

937 418 1016 478 Von
1054 404 1212 464 beingins
1252 397 1396 457 Ambts
1409 399 1605 459 Bonmdet
1632 411 1723 471 Schor
1736 421 1828 481 Maß
1853 438 1947 498 ge¬

962 487 1119 547 fanget
1163 478 1219 538 das
1249 475 1593 535 Matrinomal-
1609 487 1709 547 undt
1723 505 1983 565 Congistrigen

981 568 1173 628 geschafft
1200 559 1474 619 Enthwüschen
1514 560 1570 620 der
1596 564 1706 624 Jofr.
1719 577 1869 637 Susane
1884 595 1980 655 Pomen

977 660 1030 720 Vß
1069 654 1137 714 H.
1163 643 1404 703 Pfredianten
1431 637 1497 697 von
1551 636 1738 696 Eingins
1764 650 1950 710 Eltesten

958 736 1088 796 tohto
1114 727 1203 787 mit
1231 722 1450 782 beystandt
1503 725 1684 785 PhresH.
1709 727 1903 787 Vattern

963 813 994 873 zn
1026 811 1250 871 Einen,
1271 809 1432 869 denne
1464 809 1539 869 Herr
1560 811 1678 871 Baac
1709 813 1816 873 Lonis
1848 816 1944 876 Grivel

956 894 1013 954 von
1061 886 1265 946 Anbonne
1312 884 1389 944 mit
1419 883 1641 943 beystandt
1669 886 1766 946 seines
1795 889 1854 949 herr
1873 895 1969 955 Stieff

949 974 1121 1034 Vatters
1154 971 1218 1031 deß
1284 971 1597 1031 Landtschribers
1619 974 1868 1034 Borgvon

940 1057 1173 1117 Bonmont
1208 1058 1289 1118 alß
1351 1055 1611 1115 Procurirter
1646 1049 1879 1109 Bonseithen

965 1137 1017 1197 deß
1067 1140 1131 1200 H.
1157 1142 1310 1202 Erivels
1335 1142 1500 1202 Mutter
1527 1139 1640 1199 undt
1667 1135 1729 1195 H.
1756 1130 1909 1190 Ardorate

946 1232 1115 1292 Durets
1145 1228 1185 1288 am
1225 1228 1394 1288 anderen
1424 1226 1573 1286 theil:
1603 1223 1733 1283 Umb
1772 1216 1932 1276 zuwüßen

943 1315 1229 1375 obbemelter
1278 1315 1361 1375 H.
1385 1316 1553 1376 Grivel
1589 1315 1661 1375 alß
1696 1309 1923 1369 linderzührig

949 1408 1058 1468 laut
1070 1410 1107 1470 so
1142 1411 1241 1471 wohl
1276 1412 1471 1472 gethaner
1495 1410 1640 1470 mund
1676 1405 1967 1465 alßschrifftlicher

954 1513 1005 1573 Ehe
1030 1509 1301 1569 versprechung
1339 1506 1404 1566 und
1442 1505 1647 1565 erfolgter
1660 1505 1968 1565 schwangeschafft

936 1611 1095 1671 gehalten
1119 1609 1180 1669 sein
1205 1606 1304 1666 solle
1352 1604 1413 1664 die
1451 1603 1549 1663 Igpo
1585 1599 1744 1659 Romey
1782 1597 1806 1657 zu
1830 1594 1977 1654 Ehrlichen

929 1702 1014 1762 oder
1046 1706 1121 1766 aber
1143 1706 1185 1766 ob
1228 1705 1314 1765 Ihra
1378 1701 1453 1761 der
1474 1698 1646 1758 Mutter
1689 1693 1763 1753 das
1786 1693 1979 1753 Verlangen¬

928 1790 983 1850 de
1025 1794 1091 1854 Zur
1112 1795 1233 1855 Recht
1254 1792 1352 1852 nach
1396 1789 1461 1849 der
1504 1779 1733 1839 Ordnung
1766 1768 1798 1828 de
1821 1765 1864 1825 No
1874 1761 1950 1821 1722

922 1880 1184 1940 sebewilligen
1196 1876 1283 1936 sein
1321 1873 1471 1933 wollen,
1496 1864 1683 1924 folglich
1709 1853 1808 1913 diesen
1820 1842 1907 1902 Ihren

912 1977 1053 2037 Sohnn,
1066 1976 1130 2036 alß
1180 1976 1258 2036 das
1284 1974 1566 2034 Competirliche
1592 1961 1758 2021 Alltes
1785 1945 1887 2005 nicht

923 2060 1135 2120 trreichendt
1167 2066 1304 2126 under
1334 2068 1411 2128 den
1441 2067 1563 2127 Jahren
1610 2056 1884 2116 verpsuzheüte

938 2148 1041 2208 undt
1055 2157 1175 2217 dieser
1233 2168 1308 2228 Ehe
1339 2177 1665 2237 auffzuheben,
1694 2164 1769 2224 Ehe
1798 2144 1901 2204 undt

932 2249 1046 2309 bevor
1076 2258 1176 2318 Wis
1204 2264 1234 2324 in
1276 2268 1348 2328 das
1392 2273 1592 2333 menitum
1650 2264 1750 2324 sanow
1794 2238 1966 2298 getelten,

935 2349 1096 2409 habendt
1122 2358 1203 2418 Wir
1230 2364 1311 2424 alle
1337 2368 1377 2428 ßo
1390 2371 1605 2431 mügliche
1632 2352 1874 2412 vorgetret

926 2442 1079 2502 Soleht
1112 2450 1165 2510 bey
1198 2457 1265 2517 dem
1284 2462 1368 2522 H.
1403 2465 1487 2525 Borg
1504 2465 1573 2525 alß
1589 2462 1658 2522 den
1675 2456 1742 2516 H.
1761 2442 1861 2502 Grial
1880 2418 2000 2478 sloen

3288 306 3413 366 461.

2284 364 2438 424 damit
2454 353 2562 413 dieser
2593 352 2640 412 Ehr
2671 355 2734 415 Ihm
2795 370 2964 430 fortgang
2996 390 3181 450 gebönmen
3212 400 3320 460 heine

2270 468 2392 528 allein
2419 456 2472 516 deß
2512 454 2567 514 H.
2594 454 2675 514 Born
2702 459 2810 519 Graad
2837 469 2959 529 Wandt
2972 481 3134 541 lediglich
3147 487 3229 547 auff
3242 487 3295 547 die

2290 555 2545 615 Qppositions
2572 547 2720 607 grundt
2734 554 2815 614 wide
2842 562 2950 622 dieser
2977 571 3044 631 Ehe
3099 583 3247 643 gesetzet,
3260 587 3300 647 so
3314 587 3354 647 daß

2300 653 2461 713 derselbe
2485 639 2559 699 alß
2597 637 2672 697 mit
2684 641 2869 701 gnugsamb
2907 664 3253 724 beVollmechtiget
3277 676 3366 736 nicht

2291 746 2446 806 darvon
2481 732 2589 792 stehe
2624 731 2780 791 wollen,
2792 738 3006 798 anderseits
3031 749 3125 809 dann
3162 757 3221 817 der
3244 763 3316 823 H.

2295 839 2422 899 Eeivel
2473 826 2575 886 auff
2588 821 2805 881 befragen,
2831 822 2868 882 ob
2894 823 2996 883 dann
3048 829 3124 889 diese
3149 834 3226 894 seine
3264 841 3419 901 Ehr¬

2292 918 2561 978 Versprechung
2607 907 2674 967 des
2697 902 2854 962 Mutter
2866 901 2956 961 nicht
3002 901 3136 961 bekent
3159 904 3249 964 war,
3282 909 3419 969 geant¬

2286 994 2448 1054 wortet,
2469 988 2566 1048 diese
2589 986 2675 1046 seine
2707 983 2848 1043 Mutter
2880 983 2956 1043 habe
2977 984 3065 1044 Ihme
3086 986 3162 1046 auff
3183 987 3215 1047 Ihr
3227 991 3367 1051 ansuchen

2296 1077 2547 1137 hingesaget,
2573 1071 2653 1131 wan
2692 1070 2732 1130 Er
2760 1068 2799 1128 Et
2812 1067 2878 1127 was
2906 1067 3117 1127 versprochen,
3130 1067 3156 1127 so
3169 1067 3250 1127 solle
3263 1067 3289 1127 so
3302 1067 3355 1127 Es

2294 1174 2447 1234 halten
2490 1167 2631 1227 dahero
2665 1162 2741 1222 Wid
2774 1159 2807 1219 zu
2839 1157 2992 1217 mehrer
3002 1153 3210 1213 erheiterung
3232 1153 3330 1213 dieser

2290 1263 2373 1323 Nach
2409 1256 2515 1316 Unser
2529 1250 2683 1310 pflicht
2718 1247 2754 1307 zu
2779 1245 2838 1305 sein
2849 1241 3029 1301 erachtet,
3052 1238 3088 1298 die
3111 1237 3183 1297 Ert
3207 1234 3349 1294 Sorpalß

2302 1351 2451 1411 Mutter
2473 1342 2542 1402 deß
2600 1333 2771 1393 Grivelo
2794 1328 2885 1388 auch
2907 1324 3023 1384 allher
3056 1321 3205 1381 beruffe
3228 1318 3401 1378 zulaßen,

2278 1441 2381 1501 welche
2406 1435 2508 1495 dann
2533 1429 2636 1489 auff
2663 1425 2713 1485 Ihr
2726 1418 2918 1478 erscheinen
2945 1412 3008 1472 den
3035 1407 3150 1467 lesten
3162 1403 3227 1463 hat
3239 1398 3392 1458 gäntzlich

2306 1523 2495 1583 Verneinet
2534 1518 2621 1578 auch
2646 1513 2862 1573 ohngeachst
2875 1504 2964 1564 alle
2989 1495 3167 1555 gethanen
3192 1483 3394 1543 forstlichen

2286 1607 2599 1667 Vorstellunge
2650 1602 2715 1662 sich
2753 1599 2781 1659 zu
2819 1593 2924 1653 dieses
2950 1588 3014 1648 Ehe
3027 1581 3145 1641 nicht
3170 1571 3352 1631 verstehen

2277 1699 2388 1759 wolle
2434 1700 2580 1760 sondern
2603 1695 2782 1755 lediglich
2805 1687 2884 1747 auff
2929 1678 3008 1738 das
3041 1672 3097 1732 den
3119 1661 3266 1721 Eltern
3289 1651 3378 1711 nach

2296 1789 2507 1849 bemelter
2540 1784 2729 1844 Ordnung
2763 1775 2942 1835 gegebene
2964 1763 3198 1823 fug-Recht
3209 1748 3422 1808 getangen.

2282 1870 2491 1930 Nachdeme
2518 1865 2591 1925 nun
2636 1861 2736 1921 Mir
2764 1855 2945 1915 Endtlichn
2954 1850 3035 1910 über
3072 1844 3172 1904 diesen
3199 1835 3416 1895 Erdauterlichen

2307 1952 2406 2012 fahl
2444 1951 2567 2011 Unser
2630 1945 2815 2005 gedauken
2828 1936 2976 1996 walten
3026 1926 3162 1986 laßen,
3174 1917 3262 1977 sindt
3274 1911 3372 1971 Wie

2297 2040 2328 2100 in
2349 2037 2495 2097 Unsern
2557 2030 2777 2090 meinung
2839 2018 3016 2078 zerfallen
3047 2009 3131 2069 undt
3152 2003 3236 2063 ward
3257 1997 3329 2057 mit

2293 2132 2362 2192 der
2374 2128 2527 2188 mehren
2550 2117 2795 2177 befunden,
2829 2103 2934 2163 Wie
2946 2096 3028 2156 gern
3051 2087 3202 2147 dieselbe
3214 2081 3319 2141 Immer

2282 2219 2458 2279 gewollt
2489 2210 2707 2270 zumahlen
2737 2199 2820 2259 alle
2852 2189 3028 2249 günstige
3058 2178 3194 2238 gründt
3214 2168 3390 2228 auseithen

2300 2306 2375 2366 der
2402 2305 2503 2365 Pehr
2542 2297 2683 2357 Domey
2708 2288 2771 2348 sich
2798 2275 3001 2335 befunden,
3026 2262 3091 2322 die
3104 2257 3141 2317 ser
3154 2253 3219 2313 sach
3231 2246 3424 2306 Einanderen

2292 2388 2503 2448 außgang
2542 2381 2727 2441 zugeben,
2740 2373 2779 2433 so
2805 2366 2858 2426 hat
2884 2359 2938 2419 doch
2964 2346 3095 2406 dieselbe
3136 2332 3201 2392 alß
3227 2324 3293 2384 ein

2283 2483 2590 2543 seibordinirte
2620 2462 2803 2522 Tribunal
2850 2442 2942 2502 nach
2973 2430 3033 2490 dem
3095 2403 3340 2463 dürfehalt

2300 2560 2382 2620 der
2414 2553 2630 2613 Ordnung
2662 2540 2811 2600 sprche
2843 2527 2976 2587 mester
2992 2509 3173 2569 folglich
3189 2490 3322 2550 hebent

3519 668 3547 728 10

3535 1036 3546 1096 4
