4032 3024
624 265 754 325 462f

836 2251 855 2311 3

810 1502 823 1562 d

951 349 1099 409 Weilen
1133 345 1182 405 die
1216 340 1513 400 Vrnambsete
1562 355 1827 415 Odnungohn
1859 402 1961 462 hie¬

930 427 1133 487 Exupation
1191 424 1248 484 den
1279 419 1467 479 Eltern,
1482 418 1555 478 van
1569 420 1628 480 sich
1656 427 1715 487 Ihm
1743 455 1977 515 kinderhui¬

933 520 1078 580 Kindes
1104 518 1197 578 ohne
1225 512 1409 572 derselben
1437 508 1649 568 vorwüßen
1675 512 1715 572 in
1729 524 1888 584 Ehelichen

927 605 1165 665 Versprechen
1186 603 1414 663 Einlaßen,
1436 602 1501 662 das
1533 604 1749 664 Eug-Recht
1761 615 1912 675 erthelet

946 681 1023 741 uit
1056 688 1133 748 Vaß
1166 689 1254 749 nicht
1287 688 1451 748 zustehet,
1474 685 1562 745 über
1584 685 1682 745 dieser
1727 687 1881 747 Ordnung

951 759 1073 819 Einiche
1104 767 1338 827 Explication
1369 765 1441 825 noch
1471 760 1737 820 Dispensation
1767 764 1900 824 zugeben

943 838 1011 898 Alß
1045 841 1125 901 solle
1160 843 1306 903 hiemit
1341 844 1399 904 der
1410 844 1580 904 Mutter
1614 846 1694 906 das
1717 849 1797 909 Cur
1819 855 1910 915 Recht

939 919 1102 979 ertheilt
1136 922 1276 982 diesere
1322 920 1380 980 Ehe
1403 920 1473 980 alß
1520 920 1613 980 nicht
1636 923 1810 983 ergangen
1822 937 1998 997 auffgehoben,

930 1001 1031 1061 Ihme
1066 1003 1133 1063 das
1167 1003 1303 1063 Kindt
1337 1001 1405 1061 Von
1428 1001 1508 1061 nun
1541 1000 1620 1060 an,
1642 1000 1711 1060 alß
1745 1002 1801 1062 der
1825 1005 1881 1065 deß

941 1080 1144 1140 beyschlaffs
1182 1082 1406 1142 bekantlich
1444 1081 1502 1141 alß
1530 1081 1744 1141 ohnEhrlich
1773 1081 1976 1141 zugesprohen

958 1164 997 1224 Er
1007 1163 1067 1223 H.
1087 1162 1216 1222 Qivel
1245 1162 1325 1222 aber
1345 1162 1443 1222 umb
1483 1160 1552 1220 alle
1593 1159 1701 1219 dieser
1731 1155 1899 1215 Procedur

949 1235 1163 1295 ergangene
1207 1235 1270 1295 auß
1313 1235 1496 1295 gehabten
1517 1234 1690 1294 Gründe
1732 1232 1807 1292 auff
1828 1229 2011 1289 Modention

932 1312 999 1372 hin
1022 1315 1181 1375 verfelt
1203 1316 1327 1376 sein:
1350 1315 1475 1375 Mit
1497 1312 1565 1372 der
1577 1307 1758 1367 mindern
1780 1296 1939 1356 meinung

953 1387 1113 1447 hingegen
1136 1388 1282 1448 Wwardt
1308 1386 1526 1446 befunden;

926 1501 1005 1561 daß
1035 1504 1099 1564 das
1129 1504 1225 1564 fuge
1256 1501 1365 1561 Recht
1383 1498 1429 1558 in
1446 1493 1634 1553 gewüßen
1665 1486 1776 1546 fähle
1807 1481 1886 1541 nicht
1901 1478 1982 1538 zu¬

943 1580 1091 1640 ertheilet
1113 1585 1215 1645 seyn,
1226 1582 1511 1642 sonderheitlich
1555 1574 1601 1634 da
1635 1571 1692 1631 die
1727 1567 1897 1627 Condition

950 1657 1032 1717 vndt
1061 1668 1269 1728 Qualitet
1312 1667 1380 1727 der
1423 1653 1728 1713 Contrahirenden
1758 1636 1938 1696 Persohn

937 1732 1065 1792 gleich,
1087 1742 1140 1802 wie
1161 1746 1225 1806 bey
1258 1748 1311 1808 der
1344 1745 1441 1805 Iyso
1472 1738 1623 1798 Romey
1666 1724 1773 1784 undt
1794 1715 1859 1775 H.
1869 1706 1976 1766 Goivel

930 1809 1026 1869 undt
1054 1819 1206 1879 hiemit
1235 1822 1290 1882 die
1331 1818 1513 1878 Ordnung
1554 1804 1734 1864 Einicher
1761 1784 1927 1844 Exgpation

941 1880 1210 1940 undertorffen
1240 1886 1371 1946 seye.

912 1981 1028 2041 diese
1057 1990 1246 2050 Ordnung
1275 1987 1334 2047 deß
1377 1981 1479 2041 fuge
1508 1970 1654 2030 Rehten
1697 1957 1754 2017 nur
1771 1951 1813 2011 zu
1828 1943 1958 2003 beschen

928 2055 1111 2115 vnfahlen,
1137 2062 1190 2122 da
1216 2063 1307 2123 Eine
1334 2062 1452 2122 große
1492 2052 1753 2112 ohngleichheit
1779 2036 1832 2096 der
1858 2022 1964 2082 Pfer¬

915 2128 1110 2188 sohnen,
1128 2138 1269 2198 Staudt
1288 2140 1358 2200 und
1375 2143 1447 2203 der
1464 2138 1679 2198 Eortensich
1714 2117 1855 2177 eitefs
1874 2095 1964 2155 undn

918 2245 1044 2305 Solche
1059 2251 1121 2311 nur
1152 2258 1216 2318 zu
1232 2266 1452 2326 verstehen,
1483 2270 1530 2330 da
1561 2266 1766 2326 Persohne,
1797 2249 1861 2309 Vor
1876 2236 1954 2296 brd

931 2339 1151 2399 geschlechten
1187 2348 1284 2408 durch
1295 2353 1381 2413 übel
1406 2353 1661 2413 berüchtigten
1685 2345 1721 2405 zu
1746 2339 1831 2399 solche
1867 2322 1978 2382 Ehe¬

927 2428 1191 2488 Verßfahungen
1224 2437 1421 2497 verbeitet
1443 2435 1605 2495 werden.

2156 387 2180 447 4

2175 1655 2222 1715 7.

2186 973 2234 1033 5.

2178 1376 2212 1436 6

3249 299 3347 359 463

2301 344 2367 404 dar
2388 336 2455 396 ach
2476 333 2805 393 ehebenen
2848 356 2981 416 dese
3002 368 3044 428 h
3089 381 3156 441 en
3198 392 3220 452 d
3286 406 3398 466 isen

2285 423 2563 483 Iequentation
2590 418 2661 478 Ihres
2688 423 2772 483 Sohns
2786 430 2856 490 mit
2870 437 2911 497 den
2939 445 3009 505 Jaso
3037 457 3134 517 komen
3148 466 3219 526 lohl
3232 472 3358 532 bekent

2290 515 2441 575 gewesen,
2455 511 2530 571 ohne
2557 511 2620 571 daß
2671 514 2735 574 Sie
2760 523 2926 583 dißfahls
2939 534 3065 594 Einiche
3092 544 3308 604 opporition

2302 594 2476 654 gemahet
2514 593 2661 653 hiemit
2689 598 2776 658 wohl
2815 604 2844 664 zu
2883 613 3106 673 praesumiren,
3125 619 3184 679 daß
3213 620 3281 680 wan
3310 619 3367 679 der

2290 679 2440 739 Mutter
2471 679 2579 739 dieser
2601 681 2676 741 sach
2697 683 2783 743 halb
2794 687 2912 747 etwas
2934 693 3095 753 obgelegen
3116 696 3245 756 gewesen
3255 694 3375 754 wäre,

2293 767 2352 827 sich
2363 766 2410 826 bey
2446 766 2551 826 zeithe
2574 767 2681 827 wunde
2704 772 2916 832 Interponirt
2928 778 3033 838 haben,
3056 784 3186 844 folglich
3197 787 3304 847 solches
3315 788 3373 848 alßo

2294 853 2356 913 Ein
2377 850 2574 910 filentium
2616 852 2875 912 affirmatioum
2937 865 3157 925 anzusehe.

2282 972 2367 1032 dher
2394 964 2479 1024 Sohn
2507 961 2577 1021 Ihra
2619 961 2717 1021 Eine
2746 964 2971 1024 fambtliche
2984 975 3279 1035 Ehrevresprehune
3309 980 3380 1040 ge¬

2268 1055 2440 1115 mnachet
2466 1051 2598 1111 selbige
2625 1051 2823 1111 nachkerts
2849 1054 2929 1114 Ihra
2969 1057 3114 1117 listiger
3127 1061 3193 1121 wiß
3221 1063 3365 1123 Cator¬

2283 1147 2392 1207 quist
2401 1143 2482 1203 aber
2501 1140 2700 1200 niemahls
2720 1138 2790 1198 hat
2820 1136 3079 1196 widerzustellen
3099 1135 3197 1195 wollen
3217 1133 3388 1193 umb¬

2284 1231 2320 1291 zu
2344 1228 2452 1288 wüßen
2477 1226 2501 1286 in
2537 1225 2609 1285 was
2633 1223 2706 1283 füd
2742 1220 3043 1280 Terminisselbige
3068 1215 3248 1275 verfaßet
3260 1210 3370 1270 were.

2303 1359 2349 1419 so
2372 1354 2455 1414 Sohn
2478 1347 2595 1407 seinem
2653 1337 2911 1397 StieffVatter
2922 1330 3005 1390 aufh
3016 1330 3051 1390 in
3074 1328 3122 1388 der
3134 1327 3378 1387 Landtscheiberey

2294 1439 2577 1499 Eehülfflichist
2613 1425 2712 1485 undt
2736 1421 2834 1481 deßen
2859 1417 2971 1477 Actis
2983 1415 3081 1475 undt
3105 1414 3216 1474 Fachis
3240 1414 3377 1474 glauben

2292 1522 2551 1582 beygemeßen
2563 1515 2700 1575 wirdt.

2299 1642 2404 1702 Wan
2427 1641 2509 1701 ohne
2543 1638 2696 1698 Einiche
2731 1632 2906 1692 außnahm
2964 1626 3081 1686 dieser
3104 1619 3408 1679 Ordnungsflat

2285 1729 2405 1789 hätte,
2427 1725 2461 1785 so
2482 1721 2592 1781 wurde
2624 1718 2701 1778 leim
2757 1714 2898 1774 finzige
2931 1710 3085 1770 Eheliche
3106 1705 3216 1765 Jogse
3239 1701 3304 1761 alß
3337 1697 3392 1757 den

2294 1811 2358 1871 die
2397 1802 2577 1862 Ordnung
2603 1799 2668 1859 mit
2706 1798 2837 1858 betruß
2888 1795 2939 1855 bey
2966 1792 3069 1852 Ehren
3108 1785 3237 1845 bleiben
3249 1769 3378 1829 können

2285 1888 2414 1948 sondern
2434 1884 2572 1944 muesten
2592 1882 2631 1942 sie
2641 1882 2701 1942 sich
2741 1880 2820 1940 von
2850 1876 2940 1936 allen
2969 1871 3098 1931 Jungen
3118 1857 3305 1917 Gesellen

2260 1984 2353 2044 vom
2387 1981 2423 2041 15
2457 1977 2515 2037 biß
2561 1973 2596 2033 25
2631 1968 2700 2028 Jahr
2735 1960 2850 2020 hüeten
2908 1947 3001 2007 oder
3012 1932 3233 1992 aberalleheit
3245 1918 3279 1978 in
3301 1911 3360 1971 der

2286 2068 2410 2128 frrcht
2435 2065 2559 2125 sehrn
2584 2058 2671 2118 von
2696 2051 2795 2111 Ihnen
2844 2034 3031 2094 betragen
3056 2019 3143 2079 über
3156 2012 3205 2072 den
3229 2003 3341 2063 Tölhel

2281 2152 2469 2212 getoeffe
2509 2138 2577 2198 und
2604 2126 2819 2186 nachterts
2845 2110 2953 2170 durch
2967 2103 3020 2163 Ihr
3047 2088 3223 2148 geoßene
3250 2071 3343 2131 undt

2289 2238 2526 2298 gelslogen
2574 2216 2733 2276 absicht
2764 2196 2970 2256 vrmituß
3003 2177 3099 2237 diese
3114 2162 3271 2222 Oredung
3289 2147 3351 2207 uach

2288 2327 2357 2387 Ver
2384 2311 2645 2371 soicenundt
2672 2279 2946 2339 Eigenfieigbeit
2959 2262 3000 2322 des
3015 2254 3137 2314 Elten,
3151 2243 3342 2303 küglichen

2270 2407 2456 2467 Sandts
2484 2398 2557 2458 die
2585 2380 2787 2440 Pfersohnen
2815 2363 2886 2423 auch
2900 2350 3001 2410 weine
3030 2334 3187 2394 leistlich
3217 2327 3246 2387 zu

2268 2491 2479 2551 Schanden
2495 2477 2706 2537 gemachet
2722 2452 2887 2512 werde.

3533 586 3581 646 c.

3522 666 3547 726 0

3536 1034 3546 1094 4

3554 1838 3611 1898 2.
