4032 3024
618 265 715 325 164
733 268 783 328 f.

873 361 930 421 8.

937 351 1009 411 Ist
1025 344 1111 404 wohl
1142 334 1404 394 zubeneben,
1420 333 1492 393 daß
1537 342 1727 402 obwohlen
1756 360 1801 420 die
1815 372 1887 432 Eel
1918 395 1992 455 on¬

952 418 1174 478 verneinet,
1198 416 1285 476 Ihrem
1322 415 1396 475 Sohn
1420 415 1544 475 gesagt
1582 419 1606 479 zu
1643 427 1766 487 haben,
1792 440 1865 500 wan
1891 453 1927 513 Er

945 506 1022 566 Ihre
1057 505 1325 565 versprochen,
1347 502 1381 562 so
1392 502 1482 562 solle
1515 502 1559 562 Er
1594 504 1660 564 Ihra
1693 514 1839 574 halten
1873 528 1907 588 o

945 581 1093 641 müeste
1126 586 1206 646 doch
1228 586 1376 646 ehtwas
1411 584 1444 644 an
1467 583 1535 643 der
1546 583 1615 643 sach
1637 584 1705 644 sein
1740 590 1864 650 sonsten
1876 600 1922 660 der

936 661 1065 721 Junge
1102 662 1231 722 Cheivel
1268 664 1386 724 solches
1421 664 1480 724 den
1540 665 1801 725 Richtesnicht
1824 670 1930 730 wurde

938 748 1152 808 angebracht
1191 752 1338 812 haben:
1397 752 1573 812 Weiben
1612 754 1681 814 nun
1719 756 1768 816 die
1789 759 1895 819 Frauw

931 844 1054 904 Bori
1099 837 1188 897 bein
1222 834 1367 894 andern
1391 833 1592 893 fündigen
1614 835 1794 895 Grundt
1816 835 1906 895 wider

960 918 1043 978 diesen
1061 917 1088 977 so
1106 917 1245 977 gleichen
1272 913 1457 973 heuterath
1502 910 1540 970 zu
1576 905 1927 965 Kindertreibung.

950 1000 1133 1060 deßelben
1147 1000 1232 1060 zum
1270 998 1380 1058 scham
1441 992 1528 1052 hat
1564 991 1650 1051 alß
1700 989 1749 1049 die
1773 993 1983 1053 offtensoger

928 1082 1171 1142 Oordnung,
1197 1078 1284 1138 allo
1320 1074 1415 1134 will
1458 1069 1545 1129 diese
1571 1067 1754 1127 meinung
1780 1072 1990 1132 außange¬

957 1159 1116 1219 brachten
1138 1159 1244 1219 setzen
1306 1154 1424 1214 dieser
1476 1150 1530 1210 Ehr
1572 1144 1827 1204 alßgültig,
1847 1141 1964 1201 hiemit

943 1247 1040 1307 beyte
1064 1249 1174 1309 sambt
1198 1247 1296 1307 dere
1332 1240 1575 1300 hübtfaucht
1599 1231 1661 1291 alß
1709 1223 1844 1283 Ehrlich
1868 1215 1954 1275 zu¬

926 1330 1047 1390 sante
1073 1331 1280 1391 gesprochen
1317 1328 1451 1388 haben,
1476 1324 1538 1384 und
1574 1320 1623 1380 da
1659 1314 1806 1374 ßumb,
1818 1308 1844 1368 so
1856 1302 1965 1362 Eheder

919 1415 1053 1475 damit
1073 1419 1146 1479 der
1186 1417 1310 1477 große
1340 1410 1526 1470 handal
1577 1401 1619 1461 zu
1650 1392 1794 1452 Gingils
1814 1385 1917 1445 gehoben

942 1494 1024 1554 undt
1047 1501 1094 1561 der
1106 1503 1211 1563 sonst
1245 1495 1516 1555 bekunnerte
1585 1475 1738 1535 Vatter
1774 1469 1867 1529 seiner
1890 1470 1984 1530 Tochter

642 1555 912 1615 4geschlechten

940 1577 994 1637 Ehr
1009 1583 1173 1643 geettet
1186 1582 1295 1642 sehen
1337 1577 1433 1637 undt
1446 1573 1488 1633 in
1528 1564 1694 1624 ferneren
1721 1554 1898 1614 seingeist

926 1674 1161 1734 fonitiones
1190 1669 1230 1729 zu
1269 1660 1544 1720 Erbauwung
1573 1649 1662 1709 seiner
1701 1640 1789 1700 Ihue
1809 1631 1957 1691 anver¬

933 1757 1098 1817 traubten
1131 1756 1242 1816 Chendt
1285 1747 1494 1807 verrichten
1539 1729 1726 1789 könne:
1748 1715 1826 1775 Ihme
1837 1710 1848 1770 H

916 1841 1051 1901 Thivel
1108 1841 1199 1901 umb
1244 1840 1312 1900 die
1335 1838 1494 1898 Kösten
1527 1831 1629 1891 auff
1664 1812 1902 1872 Moderation

927 1914 998 1974 Ein
1032 1921 1327 1981 versellende:
1375 1918 1468 1978 Alß
1527 1912 1621 1972 Wir
1645 1903 1762 1963 nunh

915 1997 1044 2057 Actl.
1069 1999 1107 2059 30
1145 2001 1339 2061 Aprilis.
1377 1996 1687 2056 Corroboratum
1738 1977 1802 2037 11.
1816 1963 1945 2023 May.

870 2107 889 2167 S

950 2117 998 2177 El
1032 2122 1096 2182 on
1146 2127 1228 2187 hat
1244 2131 1407 2191 begehet
1441 2130 1571 2190 wegen
1603 2125 1668 2185 deß
1718 2106 1930 2166 zuspreche

910 2196 965 2256 deß
1010 2205 1155 2265 kindts
1178 2213 1279 2273 undt
1312 2218 1369 2278 der
1402 2221 1536 2281 hösten
1559 2218 1603 2278 zu
1625 2212 1826 2272 recurren

931 2287 968 2347 Er
993 2291 1054 2351 ist
1080 2294 1167 2354 aber
1204 2299 1279 2359 Ston
1328 2303 1440 2363 beide
1477 2299 1839 2359 abgestanden.

628 2426 761 2486 Hengg.
775 2429 909 2489 Sanunt

969 2441 1027 2501 Ist
1056 2443 1101 2503 der
1115 2445 1261 2505 Sanuel
1289 2452 1421 2512 Heng,
1451 2455 1523 2515 vor
1538 2451 1728 2511 Erbenboch,
1743 2440 1771 2500 so
1786 2433 1831 2493 sih
1859 2420 1903 2480 ver

936 2512 1011 2572 fey
1024 2515 1125 2575 jahre
1150 2520 1227 2580 mit
1239 2527 1353 2587 seines
1378 2533 1580 2593 Germaire
1631 2518 1832 2578 bertrabet

892 2596 1001 2656 Mug
1099 2600 1257 2660 verleibet
1280 2605 1415 2665 worde.

2070 497 2091 557 R
2198 449 2306 509 bo.

2053 1915 2159 1975 Kliget
2182 1923 2231 1983 N.

2065 2099 2148 2159 harder
2169 2104 2252 2164 Ruch

2060 2187 2156 2247 Alten
2179 2194 2287 2254 Barbara

3259 314 3318 374 46
3364 333 3425 393 .

2288 346 2361 406 H.
2390 330 2550 390 Eoscheint
2578 329 2651 389 Prof
2694 336 2840 396 Bisanna
2869 352 3013 412 Blaune,
3029 367 3100 427 und
3114 377 3173 437 hat
3187 385 3246 445 sch
3260 396 3390 456 bklaget

2324 443 2392 503 Ihr
2419 430 2571 490 Schliker
2586 428 2724 488 Muttes
2738 433 2806 493 habe
2833 441 2903 501 durch
2930 450 3013 510 einer
3027 460 3151 520 Athae
3192 471 3289 531 briff
3303 474 3344 534 an

2277 533 2389 593 dhein
2414 523 2489 583 Sohn
2527 523 2715 583 gestellet
2727 532 2953 592 einfließen
2978 544 3129 604 laßen,
3141 550 3192 610 ob
3204 553 3243 613 ob
3267 553 3316 613 sie
3330 553 3392 613 mit

2280 625 2377 685 Ihren
2401 617 2596 677 bekehete
2658 621 2853 681 zuhalten
2890 628 3000 688 Cogl.
3024 633 3135 693 weilen
3171 636 3220 696 die
3244 637 3392 697 Schliger

2283 713 2455 773 Mutter
2487 704 2551 764 das
2585 703 2864 763 Eheweißthumb
2885 709 2961 769 nit
2983 711 3036 771 hat
3069 714 3144 774 über
3155 715 3210 775 sich
3231 713 3327 773 neme

2296 797 2455 857 wollen,
2468 791 2507 851 so
2535 790 2614 850 solle
2653 790 2707 850 Sie
2733 790 2799 850 Ihra
2838 792 2905 852 deß
2944 794 3077 854 Megen
3090 797 3328 857 gebührende

2284 895 2446 955 Wandel
2487 884 2619 944 thun,
2639 880 2751 940 undt
2781 880 2832 940 die
2862 880 3076 940 geschrbene
3107 883 3197 943 Wort
3229 883 3320 943 lider

2289 976 2572 1036 zurukeremen
2634 965 2708 1025 und
2734 963 2795 1023 Sie
2821 962 2895 1022 alß
2943 961 3030 1021 Eine
3055 961 3204 1021 Ehrliche
3228 958 3327 1018 fraub

2291 1062 2487 1122 erkennen,
2508 1052 2661 1112 welches
2682 1051 2738 1111 Sie
2759 1049 2847 1109 auch
2869 1049 2901 1109 in
2923 1048 3109 1108 Instanti
3130 1042 3315 1102 praestirt

2291 1154 2342 1214 da
2393 1145 2576 1205 benebens
2618 1141 2680 1201 der
2710 1139 2987 1199 Sohnsfrauw
3027 1136 3079 1196 ist
3109 1133 3211 1193 gantz
3232 1126 3376 1186 fonst¬

2292 1225 2504 1285 niemendt
2526 1225 2762 1285 anbeyfohlen
2784 1223 2918 1283 worden
2941 1220 3042 1280 allen
3064 1215 3276 1275 gebührenen

2264 1320 2481 1380 Respect
2519 1312 2634 1372 undt
2659 1305 2903 1365 gehorsamme
2941 1300 2993 1360 wie
3031 1296 3081 1356 Es
3108 1293 3210 1353 Einer
3236 1283 3403 1343 Sohns¬

2300 1409 2428 1469 frauw
2472 1403 2579 1463 gegen
2621 1397 2675 1457 die
2718 1388 2889 1448 Schwiger
2911 1377 3061 1437 Mutter
3082 1364 3264 1424 gebührt

2277 1501 2548 1561 zubewesen,
2573 1497 2639 1557 So
2651 1493 2717 1553 ist
2742 1486 2846 1546 Ihnen
2871 1479 2962 1539 auch
2987 1465 3272 1525 alleßfonsts

2297 1596 2602 1656 Eingescherpfet
2633 1588 2778 1648 worden,
2792 1580 2851 1640 sich
2865 1573 2967 1633 alles
2997 1563 3158 1623 bester-
3172 1558 3260 1618 undt
3274 1558 3421 1618 Scemuch¬

2280 1685 2404 1745 korten
2437 1676 2752 1736 gegefinandern
2798 1656 3091 1716 zumüeßiger
3125 1640 3273 1700 sonsten
3339 1630 3373 1690 in

2291 1773 2406 1833 nicht
2444 1763 2712 1823 gehirmenden
2725 1754 2827 1814 Paht
2878 1738 3172 1798 dasfählbare
3224 1715 3299 1775 mit

2291 1854 2606 1914 angeneßenes
2645 1843 2773 1903 Straff
2812 1833 2929 1893 Lunk
2969 1817 3146 1877 angesehen
3175 1796 3344 1856 werden.

2281 1933 2400 1993 Wfist
2411 1925 2453 1985 dem
2497 1914 2627 1974 Elügel
2659 1900 2897 1960 allerumbgang
2918 1890 2973 1950 mit
2994 1887 3026 1947 der
3049 1879 3168 1939 Schliger
3178 1869 3286 1929 Matte
3308 1859 3340 1919 by

2372 1972 2523 2032 Ehebuchst
2540 1958 2646 2018 stpft
2683 1944 2842 2004 verbothen
2851 1934 3002 1994 worden.

2318 2017 2437 2077 wart
2468 2010 2516 2070 der
2555 2002 2619 2062 Von
2658 1989 2912 2049 wachselwaldt
2943 1972 3204 2032 geworsämblich
3228 1963 3410 2023 hargebrachte

2279 2105 2375 2165 Rach
2400 2098 2496 2158 hande
2522 2088 2656 2148 sambt
2680 2078 2777 2138 seiner
2801 2067 2923 2127 Tienen
2959 2052 3118 2112 barbern
3142 2040 3300 2100 Altenen

2314 2198 2395 2258 auß
2426 2185 2699 2245 derchgelil,
2715 2170 2748 2230 so
2764 2162 2892 2222 fünft
2925 2147 3053 2207 kinder
3069 2132 3344 2192 ohnsomalirt¬

2277 2290 2371 2350 mit
2395 2287 2610 2347 Einanderen
2633 2271 2823 2331 erzeüget
2858 2257 2895 2317 zu
2930 2247 3001 2307 Rnd
3013 2234 3192 2294 gestellet,
3204 2222 3321 2282 welcher

2277 2387 2362 2447 dhan
2392 2385 2448 2445 sich
2462 2382 2549 2442 also
2563 2367 2878 2427 vrdentkorter,
2908 2341 3037 2401 Ersige
3065 2328 3122 2388 hin
3152 2318 3265 2378 Lorbe,
3281 2309 3365 2369 undt

2283 2483 2351 2543 seye
2394 2478 2463 2538 deß
2519 2463 2769 2523 verstorbenen
2838 2444 2922 2504 H.
2949 2430 3088 2490 Heinrich
3102 2410 3240 2470 hanbes

2305 2572 2455 2632 gehe
2507 2556 2682 2616 feh
2734 2544 2758 2604 n
2783 2539 2835 2599 he
2860 2526 3037 2586 eithe
3086 2507 3138 2567 n
3187 2487 3313 2547 lbes

2286 2669 2337 2729 84
2374 2662 2480 2722 Jaht,
2497 2653 2585 2713 undt
2602 2646 2673 2706 siye
2691 2635 2833 2695 allhie
2850 2625 2884 2685 zu
2921 2611 3061 2671 Meitten
3078 2595 3167 2655 leite
3203 2576 3363 2636 zuftig

3509 673 3537 733 10
