4032 3024
625 277 718 337 466
748 274 812 334 f.

952 332 1018 392 hab
1051 322 1287 382 oftemahl
1304 317 1387 377 sein
1422 318 1656 378 Verwandte
1672 337 1823 397 ersicht,
1840 361 1908 421 sich
1925 383 1991 443 uh

957 416 1035 476 Eine
1061 410 1311 470 hochzeitschein
1350 403 1390 463 zu
1416 401 1574 461 betereben,
1586 405 1679 465 aber
1692 412 1731 472 dan
1744 423 1849 483 nihts
1862 443 1927 503 hein

943 507 1293 567 antlorterhalten
1306 493 1488 553 können,
1513 491 1618 551 undt
1631 496 1722 556 habe
1735 502 1786 562 sich
1799 510 1852 570 biß
1878 523 1929 583 dat

964 589 1029 649 mit
1040 587 1149 647 seines
1194 583 1357 643 handt-
1368 580 1522 640 Arbeit
1543 581 1728 641 erhalten
1783 591 1848 651 und
1882 601 1958 661 Wir

949 678 1100 738 Kinder
1143 668 1208 728 seye
1262 664 1305 724 im
1338 661 1468 721 dienst
1532 662 1619 722 das
1641 668 1760 728 foste
1803 685 1988 745 barbar,

959 768 1044 828 seye
1073 754 1174 814 umb
1203 746 1333 806 Wterne
1377 745 1449 805 tag
1477 746 1522 806 15
1536 749 1621 809 jahr
1666 753 1680 813 1
1751 762 1955 822 zuerale¬

967 844 1156 904 getaufft
1193 835 1295 895 undt
1320 833 1396 893 mit
1433 834 1535 894 Hanß
1585 837 1736 897 Fuhrs
1761 841 1800 901 zu
1825 843 1912 903 trub

956 926 1269 986 gehentrethet,
1295 923 1378 983 das
1405 924 1541 984 dritte
1567 926 1676 986 Hauß
1718 930 1759 990 im
1786 934 1964 994 Majo¬

951 1025 990 1085 13
1010 1016 1159 1076 Jahralt
1188 1009 1229 1069 im
1268 1006 1466 1066 Eqgitil
1516 1004 1714 1064 gekaufft
1743 1006 1833 1066 undt
1853 1006 1882 1066 in

956 1102 1099 1162 dienste
1137 1099 1203 1159 bey
1228 1094 1384 1154 Christen
1422 1087 1669 1147 Ougsfürger
1696 1082 1721 1142 in
1760 1078 1825 1138 der
1837 1072 1943 1132 Su¬

958 1187 1163 1247 mißweld
1218 1186 1412 1246 gemeindt
1467 1183 1532 1243 G.
1554 1180 1683 1240 Anna
1727 1169 1846 1229 honder

951 1277 1040 1337 auff
1065 1274 1205 1334 Jacobs
1232 1273 1294 1333 tag
1321 1271 1397 1331 Nem
1435 1270 1526 1330 Jahr
1576 1266 1627 1326 zu
1665 1263 1768 1323 trub
1793 1256 1973 1316 getaufft,

932 1367 977 1427 in
1001 1365 1173 1425 diensten
1207 1363 1367 1423 Christen
1414 1360 1735 1420 Sigenthabes
1758 1354 1884 1414 under

929 1465 1038 1525 Trub
1076 1459 1346 1519 Kilchhöre,
1370 1454 1469 1514 Eind
1493 1449 1566 1509 all
1604 1436 1739 1496 hierin
1775 1420 1836 1480 der

914 1549 1046 1609 Insul
1082 1548 1179 1608 umb
1216 1546 1348 1606 Jacob
1407 1542 1480 1602 tag
1516 1538 1527 1598 5
1565 1534 1649 1594 Jahr
1673 1525 1744 1585 als
1769 1511 1866 1571 undt
1890 1499 1925 1559 zu

938 1636 1242 1696 rubgetaufft,
1263 1637 1361 1697 undt
1382 1635 1415 1695 hi
1447 1633 1458 1693 s
1534 1624 1730 1684 Ulloih:
1762 1608 1838 1668 das
1849 1595 1946 1655 lestn

930 1733 1151 1793 Christina
1256 1735 1295 1795 zu
1347 1727 1595 1787 rangnaut
1634 1703 1844 1763 getaufft
1857 1684 1934 1744 undt

930 1817 996 1877 se
1022 1825 1249 1885 ohnpfefret
1275 1826 1303 1886 3
1330 1824 1542 1884 Jahralt:
1583 1815 1690 1875 Cogl.
1717 1804 1850 1864 Wilen

913 1931 953 1991 so
981 1930 1076 1990 wohl
1103 1927 1158 1987 die
1200 1924 1498 1984 bestraffung,
1513 1917 1594 1977 alß
1634 1910 1689 1970 die
1716 1894 1976 1954 undersuchuig

918 2020 1036 2080 seines
1061 2020 1192 2080 burge
1205 2023 1322 2083 hten
1362 2026 1401 2086 ih
1427 2027 1480 2087 in
1492 2026 1597 2086 gnädigen
1610 2021 1714 2081 Heren
1727 2012 1819 2072 Fory,
1832 2000 1898 2060 alß

918 2117 995 2177 soll
1034 2121 1278 2181 seinethalb,
1304 2124 1382 2184 das
1407 2125 1473 2185 ober
1498 2124 1562 2184 Min
1575 2121 1678 2181 gnädigen
1691 2115 1782 2175 Herrn
1795 2108 1858 2168 umb
1871 2095 2000 2155 ständt¬

911 2215 1028 2275 nlich
1058 2217 1306 2277 vorgetragen
1334 2215 1510 2275 werden.

2072 985 2195 1045 Hoshauß
2229 976 2286 1036 H.

2101 1044 2234 1104 sühel:

2068 1120 2194 1180 verbeinge
2219 1102 2310 1162 sel.

2080 1183 2212 1243 putrila

2097 1471 2161 1531 obs

2066 1819 2135 1879 Koch
2153 1815 2283 1875 Salane

2065 1892 2212 1952 Sättman
2240 1887 2305 1947 Jan¬

3269 299 3330 359 46
3346 323 3425 383 7.

2429 339 2715 399 Vonstags
2753 342 2792 402 de
2811 347 2868 407 1.
2888 357 3021 417 May.
3039 364 3156 424 173

2683 460 2896 520 Praeses.

2380 563 2641 623 Muttl.
2658 557 2850 617 Heupcher
2867 559 3023 619 Stücke

2691 663 2966 723 Assessores.

2379 795 2495 855 MeH
2659 781 2741 841 e
2807 782 2907 842 repe
2939 785 3005 845 Duo
3037 784 3235 844 Sehemale

2321 1004 2399 1064 Ist
2427 1001 2492 1061 H.
2518 994 2690 1054 Miherl
2716 987 2927 1047 Lenghauß
2979 982 3046 1042 von
3085 978 3203 1038 allhie
3229 972 3400 1032 billiget

2319 1091 2397 1151 mit
2430 1081 2509 1141 Ehrb
2554 1071 2745 1131 Geronica
2790 1061 3037 1121 Flübinger
3070 1054 3160 1114 Eine
3193 1046 3350 1106 gebohrne

2293 1184 2511 1244 zaboleth
2556 1165 2876 1225 Kirchen-Recht
2921 1149 3037 1209 halte
3066 1144 3094 1204 zu
3125 1138 3286 1198 können

2287 1378 2471 1438 Redul
2501 1364 2549 1424 an
2610 1350 2841 1410 Meheen
2856 1340 2902 1400 do
2932 1333 3103 1393 Shunger
3119 1324 3242 1384 saimes
3272 1315 3348 1375 Sie

2300 1471 2442 1531 Eeßen
2514 1460 2556 1520 zu
2599 1446 2884 1506 bezeuchung
2926 1428 2998 1488 deß
3056 1416 3241 1476 gekohnten
3255 1405 3397 1465 Eiesugs

2304 1556 2662 1616 vreständige.

2284 1741 2575 1801 Pinettan
2616 1725 2699 1785 H.
2712 1713 2920 1773 Pfachl.
2949 1698 3059 1758 Über
3086 1681 3307 1741 deßelben

2333 1836 2508 1896 bericht
2532 1824 2732 1884 scheiben,
2771 1801 3058 1861 betreffendt
3095 1771 3282 1831 Salome

2321 1934 2493 1994 beasht
2517 1922 2615 1982 sch
2639 1904 2861 1964 nmneher
2885 1877 3155 1937 schwangen
3181 1856 3279 1916 hebt
3327 1841 3428 1901 be¬

2286 2034 2462 2094 funkt
2505 2017 2637 2077 undt
2652 2005 2769 2065 auff
2798 1995 2858 2055 die
2887 1981 3136 2041 Copulation
3165 1966 3252 2026 mit
3266 1957 3384 2017 Jacob

2302 2116 2598 2176 Guttzmann
2643 2093 2837 2153 Jringet
2860 2078 3052 2138 vollendt
3087 2066 3178 2126 Wir
3200 2058 3258 2118 dem
3315 2048 3384 2108 H.

2288 2205 2502 2265 PPfachl.
2529 2197 2555 2257 in
2583 2188 2783 2248 antwort
2811 2167 3037 2227 verdeütet
3078 2146 3212 2206 habe,
3225 2133 3319 2193 daß

2330 2293 2437 2353 ie
2468 2284 2545 2344 diß
2607 2269 2823 2329 geschäft
2853 2247 3068 2307 verschobe
3099 2229 3161 2289 biß
3208 2215 3284 2275 nach
3316 2201 3376 2261 der

2300 2377 2490 2437 gemißt
2520 2365 2563 2425 im
2622 2351 2783 2411 welchen
2811 2340 2870 2400 Sie
2884 2333 2972 2393 nach
3001 2323 3060 2383 der
3074 2304 3353 2364 Oordnung.

2286 2455 2591 2515 Praminirt
2606 2438 2678 2498 und
2751 2427 2809 2487 Me
2823 2417 2926 2477 Hen
2954 2406 3014 2466 dse
3042 2379 3377 2439 hraußkommenden

2308 2537 2359 2597 Er
2396 2534 2464 2594 dero
2483 2524 2655 2584 feuers
2691 2500 2933 2560 Berednung
2967 2468 3175 2528 berichtet
3192 2449 3296 2509 wede
3315 2435 3420 2495 solen

3541 1034 3555 1094 1
