4032 3024
604 263 687 323 468
730 260 787 320 .

946 365 1191 425 Givrins.
1218 354 1383 414 Weilen
1410 352 1517 412 laut
1559 355 1654 415 Ihrs
1667 372 1953 432 berichtschiken

981 450 1038 510 die
1061 442 1270 502 Benigne
1304 436 1477 496 Cambosog
1500 436 1581 496 nit
1593 443 1789 503 erscheinen
1800 455 1893 515 will,
1905 464 1962 524 alß

597 490 773 550 Lambohen
805 482 948 542 Benigne

964 527 1049 587 habend
1059 526 1123 586 Mein
1134 523 1218 583 gnädigen
1229 521 1346 581 Herren
1377 520 1675 580 bestätigung
1708 526 1771 586 der
1792 537 1983 597 Contumaial

599 567 801 627 Barbiere
839 554 945 614 Piem¬

934 605 1067 665 urtheil
1105 604 1263 664 erkeit,
1276 601 1348 661 daß
1398 601 1459 661 Sie
1483 601 1716 661 Bambehen
1752 608 1825 668 zur
1849 621 2022 681 ableisung

926 696 1080 756 gehalten,
1102 687 1180 747 undt
1202 681 1379 741 nachterts
1412 680 1511 740 nach
1533 680 1589 740 der
1633 687 1953 747 Ordnungambt

918 780 1020 840 Ihrn
1059 769 1264 829 Bartard
1290 765 1368 825 zum
1418 764 1573 824 Landt
1598 765 1932 825 hinaußgelesen

928 855 1072 915 werden
1083 853 1205 913 solle,
1238 851 1382 911 welches
1415 849 1526 909 Ihnen
1582 848 1615 908 zu
1670 848 1848 908 behöriges
1859 849 1982 909 Cae¬

917 944 1085 1004 peution
1148 935 1370 995 verdeütet
1401 932 1561 992 werdet.

920 1085 1155 1145 Aubonne
1193 1087 1336 1147 Praef.
1362 1092 1636 1152 zumahlen
1662 1096 1713 1156 die
1739 1099 1843 1159 Jeane
1869 1101 1973 1161 Maie

939 1165 1036 1225 Tene
1076 1165 1154 1225 von
1213 1170 1477 1230 Consirord,
1497 1174 1663 1234 welchen
1711 1172 1819 1232 wegen
1839 1166 1956 1226 diegen

613 1177 718 1237 Tene
750 1172 867 1232 Jeane

708 1240 865 1300 Marie

918 1258 1084 1318 chedigen
1096 1258 1274 1318 fähleren
1351 1261 1441 1321 Von
1466 1262 1619 1322 NG.
1644 1260 1709 1320 für
1734 1256 1887 1316 EinJahr

943 1352 1052 1412 lang
1082 1352 1111 1412 in
1162 1352 1221 1412 das
1250 1348 1738 1408 Schaltenverteshrkeit
1758 1339 1926 1399 nunmehr

940 1435 1172 1495 demittirt
1198 1438 1341 1498 worde,
1367 1438 1470 1498 alßo
1495 1435 1613 1495 werde
1651 1425 1833 1485 derselben
1845 1410 1989 1470 sreundl.

919 1516 1093 1576 ersucht,
1128 1520 1163 1580 zu
1209 1521 1557 1581 veranstalten,
1592 1513 1685 1573 daß
1730 1507 1824 1567 solbe
1870 1500 1905 1560 zu

920 1630 1124 1690 gedeüten
1158 1625 1363 1685 Longivon
1419 1616 1498 1676 vor
1533 1609 1590 1669 die
1612 1598 1840 1658 Ehebarkeit
1874 1582 1953 1642 Mit

928 1714 1028 1774 undt
1050 1717 1094 1777 zu
1128 1716 1415 1776 gebührender
1471 1692 1793 1752 Depacation
1815 1673 1958 1733 gehalten

923 1805 1040 1865 werden
1063 1804 1181 1864 solle.

936 1982 1284 2042 Guggisperg.
1297 1982 1407 2042 Ihnen
1421 1984 1533 2044 wegen
1560 1982 1616 2042 der
1643 1971 1894 2031 Elßbeth¬

939 2077 1088 2137 Stokel,
1102 2077 1132 2137 so
1163 2078 1356 2138 mobigen
1446 2081 1565 2141 satte
1595 2077 1653 2137 sich
1685 2059 1907 2119 befunden,

597 2074 749 2134 Stekl.
762 2074 914 2134 Elstbeh

942 2167 1002 2227 Ein
1032 2168 1186 2228 gleiches
1206 2175 1481 2235 aufftragen,
1501 2176 1633 2236 mitt
1653 2171 1704 2231 hie
1715 2165 1765 2225 sie
1776 2151 1908 2211 anseine

617 2216 714 2276 Risen
739 2219 887 2279 Hanß.

926 2255 988 2315 den
1000 2263 1227 2323 onwirschen
1252 2269 1341 2329 Hanß
1392 2269 1530 2329 Zisen,
1542 2265 1656 2325 undt
1693 2249 1831 2309 Christen
1844 2225 1957 2285 Gbeide

617 2296 779 2356 Ebinde
803 2299 915 2359 Christe

927 2341 953 2401 so
979 2343 1046 2403 mit
1071 2350 1256 2410 finander
1284 2358 1468 2418 Einschelt
1494 2355 1666 2415 handel
1704 2337 1797 2397 habe

916 2417 1011 2477 über
1038 2425 1080 2485 14
1120 2433 1189 2493 tag
1231 2445 1367 2505 allhar
1395 2449 1422 2509 o
1436 2451 1518 2511 Min
1531 2446 1642 2506 gnädigen
1655 2432 1764 2492 Herren
1778 2406 1888 2466 halter

933 2500 1176 2560 zulaßen.

3300 315 3430 375 469.

2318 383 2501 443 Haanen
2547 370 2670 430 Krof.
2700 370 2793 430 Aber
2808 373 2883 433 das
2899 381 3067 441 demütige
3084 396 3283 456 nahleiben
3298 407 3373 467 der

2341 478 2559 538 Margretha
2586 468 2764 528 binren,
2778 467 2847 527 daß
2874 469 2956 529 Ihre
2983 471 3052 531 das
3079 474 3134 534 den
3147 477 3216 537 Hr.
3243 481 3299 541 von

2078 512 2301 572 hrsege

2353 570 2637 630 Graffenardt
2662 562 2739 622 von
2791 565 2881 625 diog
2919 570 3163 630 zugefignete,
3177 574 3267 634 undt
3279 572 3344 632 von

2114 579 2235 639 rest.

2327 677 2498 737 MeHHre
2544 665 2592 725 ner
2623 664 2686 724 aes
2701 664 2717 724 o
2732 664 2920 724 heherlich
2935 665 2966 725 zu
2982 668 3154 728 bekente
3170 667 3279 727 kondt
3310 663 3371 723 zus

2067 668 2296 728 secheen

2115 728 2303 788 gertli.

2308 774 2488 834 Verpfleg
2520 756 2776 816 abgenommen
2829 749 2936 809 undt
2957 748 3043 808 Ihme
3074 746 3266 806 übergeben
3276 742 3383 802 werden

2319 863 2494 923 möchte
2552 850 2755 910 wollendt
2772 847 2932 907 dieselbe
2961 847 3004 907 den
3033 847 3092 907 H.
3121 847 3208 907 Draf.
3222 845 3399 905 freündl.

2307 957 2497 1017 ersucht
2522 946 2674 1006 haben,
2699 942 2775 1002 dem
2825 939 2888 999 H.
2915 936 2990 996 Sten
3040 931 3306 991 Graffenart

2318 1049 2633 1109 zubedeüten,
2667 1037 2756 1097 daß
2802 1033 2858 1093 Eo
2891 1030 2959 1090 das
2993 1025 3117 1085 hindt
3139 1020 3308 1080 aeinen

2324 1142 2420 1202 undt
2430 1141 2485 1201 sich
2506 1136 2624 1196 allhor
2656 1129 2742 1189 zur
2764 1116 3043 1176 abbüeßung
3086 1103 3216 1163 stellen
3226 1102 3356 1162 solle.

2292 1336 2515 1396 Thun:
2540 1325 2658 1385 Über
2697 1318 2763 1378 Ihr
2801 1309 3037 1369 Eingesenden
3090 1303 3233 1363 bericht
3259 1303 3428 1363 betreffend

2327 1429 2509 1489 Baobara
2548 1422 2665 1482 Int,
2692 1415 2808 1475 welche
2835 1408 2886 1468 Ihr
2926 1401 2978 1461 zue
2991 1395 3094 1455 welt
3120 1385 3328 1445 gebohrnes

2071 1458 2150 1518 Jntz
2177 1450 2325 1510 Barban¬

2327 1526 2476 1586 Kindt
2522 1519 2590 1579 dem
2659 1510 2774 1570 Jacob
2808 1496 3106 1556 Bauwmann
3141 1481 3233 1541 Ihren
3267 1469 3440 1529 Verbur¬

2067 1546 2248 1606 Hausmann

2305 1613 2453 1673 preten
2488 1601 2751 1661 zugefignet
2797 1591 2934 1651 habend
2979 1581 3140 1641 MHHe
3151 1568 3276 1628 selbige
3312 1554 3379 1614 vor

2126 1610 2240 1670 Jacob

2290 1708 2356 1768 Sie
2368 1701 2512 1761 sihtisen
2545 1692 2690 1752 laßen
2757 1682 2868 1742 welen
2879 1676 2968 1736 nun
3001 1668 3090 1728 das
3112 1661 3224 1721 Kindt
3257 1651 3324 1711 sith
3335 1646 3379 1706 leß

2297 1790 2608 1850 verstichenem
2692 1770 2847 1830 Sontag
2870 1760 3109 1820 gestorben,
3146 1748 3182 1808 Er
3217 1732 3432 1792 bautmann

2308 1881 2441 1941 dann
2466 1869 2539 1929 den
2601 1857 2809 1917 beyschloff
2857 1843 3076 1903 bekennet,
3102 1828 3174 1888 alß
3212 1811 3322 1871 sindt

2312 1973 2366 2033 sie
2388 1965 2507 2025 beyde
2562 1955 2638 2015 zud
2659 1943 2920 2003 abbießung
2953 1925 3127 1985 gehalten
3159 1905 3311 1965 worden,
3322 1886 3409 1946 undt

2314 2068 2423 2128 Ihme
2456 2046 2831 2106 Einmonatfrist
2863 2017 3081 2077 Verganet.

2290 2203 2401 2263 N.
2425 2195 2500 2255 Sein
2536 2185 2673 2245 M.
2685 2176 2747 2236 hat
2772 2165 2969 2225 angelebt
2982 2148 3203 2208 Ichwinnet
3217 2130 3377 2190 monats

2299 2292 2416 2352 frist
2432 2280 2533 2340 winder
2548 2264 2782 2324 huselben.
