<?xml version="1.0" encoding="UTF-8" standalone="yes"?>
<PcGts xmlns="http://schema.primaresearch.org/PAGE/gts/pagecontent/2013-07-15" xmlns:xsi="http://www.w3.org/2001/XMLSchema-instance" xsi:schemaLocation="http://schema.primaresearch.org/PAGE/gts/pagecontent/2013-07-15 http://schema.primaresearch.org/PAGE/gts/pagecontent/2013-07-15/pagecontent.xsd">
    <Metadata>
        <Creator>prov=READ-COOP:name=PyLaia@TranskribusPlatform:version=0.6.0:model_id=38215:lm=none:date=22_11_2021_11:09
prov=READ-COOP:name=PyLaia@Transkribus:version=0.6.0:model_id=38215:date=22_11_2021_11:05
prov=University of Rostock/Institute of Mathematics/CITlab|PLANET AI GmbH/Tobias Gruening/tobias.gruening@planet-ai.de:name=de.uros.citlab.module.baseline2polygon.B2PSeamMultiOriented:v=2.6.7</Creator>
        <Created>2021-08-09T15:16:25.405+02:00</Created>
        <LastChange>2021-11-22T11:09:41.227+01:00</LastChange>
        <TranskribusMetadata docId="746917" pageId="28279640" pageNr="235" tsid="68401239" status="IN_PROGRESS" userId="537" imgUrl="https://files.transkribus.eu/Get?id=KMHVDHUVFXKSDKUXKVDJHNQX&amp;fileType=view" xmlUrl="https://files.transkribus.eu/Get?id=RWTXXSJSRTVGMKQTWOXRJPLO" imageId="22025125"/>
    </Metadata>
    <Page imageFilename="235.jpg" imageWidth="4032" imageHeight="3024">
        <ReadingOrder>
            <OrderedGroup id="ro_1687514969492" caption="Regions reading order">
                <RegionRefIndexed index="0" regionRef="r1"/>
                <RegionRefIndexed index="1" regionRef="r2"/>
                <RegionRefIndexed index="2" regionRef="r3"/>
                <RegionRefIndexed index="3" regionRef="r4"/>
            </OrderedGroup>
        </ReadingOrder>
        <TextRegion orientation="0.0" id="r1" custom="readingOrder {index:0;}">
            <Coords points="587,269 587,2573 1980,2573 1980,269"/>
            <TextLine id="r1l1" custom="readingOrder {index:0;}">
                <Coords points="602,367 624,360 664,371 721,347 806,346 801,225 770,217 721,234 698,229 668,257 635,258 598,281"/>
                <Baseline points="608,321 635,319 662,317 689,315 716,315 743,315 770,313 797,311"/>
                <Word id="r1l1_w1" custom="readingOrder {index:0;}">
                    <Coords points="619,276 619,336 716,336 716,276"/>
                    <TextEquiv>
                        <Unicode>470</Unicode>
                    </TextEquiv>
                </Word>
                <Word id="r1l1_w2" custom="readingOrder {index:1;}">
                    <Coords points="749,272 749,332 816,332 816,272"/>
                    <TextEquiv>
                        <Unicode>f.</Unicode>
                    </TextEquiv>
                </Word>
                <TextEquiv>
                    <Unicode>470 f.</Unicode>
                </TextEquiv>
            </TextLine>
            <TextLine id="r1l2" custom="readingOrder {index:1;}">
                <Coords points="880,444 945,403 1345,402 1439,452 1697,411 1785,467 1965,440 1966,388 1513,275 1316,340 883,270"/>
                <Baseline points="888,417 941,413 995,409 1048,407 1102,404 1155,402 1209,400 1262,399 1316,398 1369,398 1423,398 1476,399 1530,401 1583,403 1637,405 1690,410 1744,414 1797,419 1851,424 1904,430 1958,438"/>
                <Word id="r1l2_w1" custom="readingOrder {index:0;}">
                    <Coords points="907,363 907,423 1316,423 1316,363"/>
                    <TextEquiv>
                        <Unicode>Prembgacten:</Unicode>
                    </TextEquiv>
                </Word>
                <Word id="r1l2_w2" custom="readingOrder {index:1;}">
                    <Coords points="1335,358 1335,418 1586,418 1586,358"/>
                    <TextEquiv>
                        <Unicode>Eumahlen</Unicode>
                    </TextEquiv>
                </Word>
                <Word id="r1l2_w3" custom="readingOrder {index:2;}">
                    <Coords points="1624,370 1624,430 1762,430 1762,370"/>
                    <TextEquiv>
                        <Unicode>Pfheter</Unicode>
                    </TextEquiv>
                </Word>
                <Word id="r1l2_w4" custom="readingOrder {index:3;}">
                    <Coords points="1781,385 1781,445 1954,445 1954,385"/>
                    <TextEquiv>
                        <Unicode>Sheinren</Unicode>
                    </TextEquiv>
                </Word>
                <TextEquiv>
                    <Unicode>Prembgacten: Eumahlen Pfheter Sheinren</Unicode>
                </TextEquiv>
            </TextLine>
            <TextLine id="r1l3" custom="readingOrder {index:2;}">
                <Coords points="934,514 1363,495 1463,525 1639,490 1824,564 1984,530 1945,469 1785,494 1611,425 1438,451 1155,406 1042,477 937,431"/>
                <Baseline points="942,504 993,502 1045,498 1097,497 1149,495 1200,494 1252,494 1304,492 1356,494 1407,494 1459,495 1511,497 1563,500 1614,501 1666,504 1718,508 1770,512 1821,516 1873,521 1925,525 1977,531"/>
                <Word id="r1l3_w1" custom="readingOrder {index:0;}">
                    <Coords points="947,462 947,522 1027,522 1027,462"/>
                    <TextEquiv>
                        <Unicode>Von</Unicode>
                    </TextEquiv>
                </Word>
                <Word id="r1l3_w2" custom="readingOrder {index:1;}">
                    <Coords points="1050,454 1050,514 1365,514 1365,454"/>
                    <TextEquiv>
                        <Unicode>Niderkindech,</Unicode>
                    </TextEquiv>
                </Word>
                <Word id="r1l3_w3" custom="readingOrder {index:2;}">
                    <Coords points="1377,454 1377,514 1528,514 1528,454"/>
                    <TextEquiv>
                        <Unicode>welchen</Unicode>
                    </TextEquiv>
                </Word>
                <Word id="r1l3_w4" custom="readingOrder {index:3;}">
                    <Coords points="1563,460 1563,520 1622,520 1622,460"/>
                    <TextEquiv>
                        <Unicode>der</Unicode>
                    </TextEquiv>
                </Word>
                <Word id="r1l3_w5" custom="readingOrder {index:4;}">
                    <Coords points="1645,474 1645,534 1970,534 1970,474"/>
                    <TextEquiv>
                        <Unicode>schwangerschafft</Unicode>
                    </TextEquiv>
                </Word>
                <TextEquiv>
                    <Unicode>Von Niderkindech, welchen der schwangerschafft</Unicode>
                </TextEquiv>
            </TextLine>
            <TextLine id="r1l4" custom="readingOrder {index:3;}">
                <Coords points="609,552 701,557 720,543 776,557 817,531 912,536 909,450 867,467 832,469 796,450 711,483 629,471 606,483"/>
                <Baseline points="615,534 641,533 667,533 694,531 720,530 746,528 773,527 799,526 825,524 852,524 878,524 905,524"/>
                <Word id="r1l4_w1" custom="readingOrder {index:0;}">
                    <Coords points="615,493 615,553 683,553 683,493"/>
                    <TextEquiv>
                        <Unicode>kan</Unicode>
                    </TextEquiv>
                </Word>
                <Word id="r1l4_w2" custom="readingOrder {index:1;}">
                    <Coords points="723,485 723,545 891,545 891,485"/>
                    <TextEquiv>
                        <Unicode>Madlen</Unicode>
                    </TextEquiv>
                </Word>
                <TextEquiv>
                    <Unicode>kan Madlen</Unicode>
                </TextEquiv>
            </TextLine>
            <TextLine id="r1l5" custom="readingOrder {index:4;}">
                <Coords points="976,591 1425,589 1554,654 1615,613 1789,604 1879,654 1967,644 1970,579 1746,526 1572,573 1390,499 1247,537 1027,495 979,522"/>
                <Baseline points="984,582 1032,581 1081,579 1130,579 1179,579 1228,579 1277,579 1325,581 1374,582 1423,584 1472,587 1521,589 1570,593 1619,597 1667,601 1716,604 1765,609 1814,614 1863,620 1912,624 1961,630"/>
                <Word id="r1l5_w1" custom="readingOrder {index:0;}">
                    <Coords points="976,541 976,601 1053,601 1053,541"/>
                    <TextEquiv>
                        <Unicode>halb</Unicode>
                    </TextEquiv>
                </Word>
                <Word id="r1l5_w2" custom="readingOrder {index:1;}">
                    <Coords points="1086,539 1086,599 1285,599 1285,539"/>
                    <TextEquiv>
                        <Unicode>beklaget</Unicode>
                    </TextEquiv>
                </Word>
                <Word id="r1l5_w3" custom="readingOrder {index:2;}">
                    <Coords points="1318,542 1318,602 1472,602 1472,542"/>
                    <TextEquiv>
                        <Unicode>Madle</Unicode>
                    </TextEquiv>
                </Word>
                <Word id="r1l5_w4" custom="readingOrder {index:3;}">
                    <Coords points="1505,550 1505,610 1582,610 1582,550"/>
                    <TextEquiv>
                        <Unicode>Ann</Unicode>
                    </TextEquiv>
                </Word>
                <Word id="r1l5_w5" custom="readingOrder {index:4;}">
                    <Coords points="1637,563 1637,623 1780,623 1780,563"/>
                    <TextEquiv>
                        <Unicode>Pfester</Unicode>
                    </TextEquiv>
                </Word>
                <Word id="r1l5_w6" custom="readingOrder {index:5;}">
                    <Coords points="1802,581 1802,641 1967,641 1967,581"/>
                    <TextEquiv>
                        <Unicode>Klfliges</Unicode>
                    </TextEquiv>
                </Word>
                <TextEquiv>
                    <Unicode>halb beklaget Madle Ann Pfester Klfliges</Unicode>
                </TextEquiv>
            </TextLine>
            <TextLine id="r1l6" custom="readingOrder {index:5;}">
                <Coords points="603,688 710,664 771,690 821,658 947,680 943,540 906,535 856,572 821,557 750,580 670,550 637,568 598,557"/>
                <Baseline points="609,632 634,629 659,627 684,627 710,626 735,626 760,625 786,624 811,624 836,623 862,623 887,621 912,619 938,617"/>
                <Word id="r1l6_w1" custom="readingOrder {index:0;}">
                    <Coords points="616,586 616,646 778,646 778,586"/>
                    <TextEquiv>
                        <Unicode>Scheier</Unicode>
                    </TextEquiv>
                </Word>
                <Word id="r1l6_w2" custom="readingOrder {index:1;}">
                    <Coords points="793,581 793,641 957,641 957,581"/>
                    <TextEquiv>
                        <Unicode>Pfetr¬</Unicode>
                    </TextEquiv>
                </Word>
                <TextEquiv>
                    <Unicode>Scheier Pfetr¬</Unicode>
                </TextEquiv>
            </TextLine>
            <TextLine id="r1l7" custom="readingOrder {index:6;}">
                <Coords points="950,664 1101,676 1139,717 1189,674 1485,656 1899,714 1924,648 1685,609 1557,652 1442,596 1207,580 952,608"/>
                <Baseline points="957,662 1004,659 1052,657 1100,656 1148,656 1196,656 1244,656 1291,657 1339,658 1387,660 1435,662 1483,664 1531,666 1579,669 1626,672 1674,676 1722,680 1770,684 1818,687 1866,692 1914,696"/>
                <Word id="r1l7_w1" custom="readingOrder {index:0;}">
                    <Coords points="951,620 951,680 1020,680 1020,620"/>
                    <TextEquiv>
                        <Unicode>von</Unicode>
                    </TextEquiv>
                </Word>
                <Word id="r1l7_w2" custom="readingOrder {index:1;}">
                    <Coords points="1056,616 1056,676 1161,676 1161,616"/>
                    <TextEquiv>
                        <Unicode>Juuk</Unicode>
                    </TextEquiv>
                </Word>
                <Word id="r1l7_w3" custom="readingOrder {index:2;}">
                    <Coords points="1184,617 1184,677 1442,677 1442,617"/>
                    <TextEquiv>
                        <Unicode>hinderlaßen</Unicode>
                    </TextEquiv>
                </Word>
                <Word id="r1l7_w4" custom="readingOrder {index:3;}">
                    <Coords points="1523,628 1523,688 1617,688 1617,628"/>
                    <TextEquiv>
                        <Unicode>mit</Unicode>
                    </TextEquiv>
                </Word>
                <Word id="r1l7_w5" custom="readingOrder {index:4;}">
                    <Coords points="1641,640 1641,700 1815,700 1815,640"/>
                    <TextEquiv>
                        <Unicode>Verdeüten</Unicode>
                    </TextEquiv>
                </Word>
                <Word id="r1l7_w6" custom="readingOrder {index:5;}">
                    <Coords points="1851,652 1851,712 1897,712 1897,652"/>
                    <TextEquiv>
                        <Unicode>Si</Unicode>
                    </TextEquiv>
                </Word>
                <TextEquiv>
                    <Unicode>von Juuk hinderlaßen mit Verdeüten Si</Unicode>
                </TextEquiv>
            </TextLine>
            <TextLine id="r1l8" custom="readingOrder {index:7;}">
                <Coords points="941,750 1119,770 1206,734 1408,778 1469,741 1957,793 1958,727 1838,694 1724,737 1484,657 1220,676 1085,728 1023,666 943,667"/>
                <Baseline points="948,746 998,746 1048,744 1098,744 1148,744 1198,744 1248,744 1298,746 1348,746 1398,747 1449,747 1499,749 1549,750 1599,752 1649,753 1699,756 1749,758 1799,761 1849,762 1899,765 1950,768"/>
                <Word id="r1l8_w1" custom="readingOrder {index:0;}">
                    <Coords points="952,704 952,764 1095,764 1095,704"/>
                    <TextEquiv>
                        <Unicode>befinde</Unicode>
                    </TextEquiv>
                </Word>
                <Word id="r1l8_w2" custom="readingOrder {index:1;}">
                    <Coords points="1139,704 1139,764 1195,764 1195,704"/>
                    <TextEquiv>
                        <Unicode>sich</Unicode>
                    </TextEquiv>
                </Word>
                <Word id="r1l8_w3" custom="readingOrder {index:2;}">
                    <Coords points="1217,704 1217,764 1283,764 1283,704"/>
                    <TextEquiv>
                        <Unicode>seith</Unicode>
                    </TextEquiv>
                </Word>
                <Word id="r1l8_w4" custom="readingOrder {index:3;}">
                    <Coords points="1305,706 1305,766 1360,766 1360,706"/>
                    <TextEquiv>
                        <Unicode>les</Unicode>
                    </TextEquiv>
                </Word>
                <Word id="r1l8_w5" custom="readingOrder {index:4;}">
                    <Coords points="1394,709 1394,769 1680,769 1680,709"/>
                    <TextEquiv>
                        <Unicode>versteichenem</Unicode>
                    </TextEquiv>
                </Word>
                <Word id="r1l8_w6" custom="readingOrder {index:5;}">
                    <Coords points="1790,722 1790,782 1912,782 1912,722"/>
                    <TextEquiv>
                        <Unicode>herbst</Unicode>
                    </TextEquiv>
                </Word>
                <TextEquiv>
                    <Unicode>befinde sich seith les versteichenem herbst</Unicode>
                </TextEquiv>
            </TextLine>
            <TextLine id="r1l9" custom="readingOrder {index:8;}">
                <Coords points="928,839 1256,870 1355,832 1707,868 1838,840 1942,876 1943,825 1886,787 1745,759 1596,808 1540,763 1391,800 1207,733 1053,791 930,766"/>
                <Baseline points="936,827 988,828 1041,830 1093,830 1146,831 1198,831 1251,833 1304,833 1356,833 1409,834 1461,834 1514,836 1566,836 1619,837 1672,839 1724,841 1777,844 1829,847 1882,850 1935,854"/>
                <Word id="r1l9_w1" custom="readingOrder {index:0;}">
                    <Coords points="940,789 940,849 1103,849 1103,789"/>
                    <TextEquiv>
                        <Unicode>manat</Unicode>
                    </TextEquiv>
                </Word>
                <Word id="r1l9_w2" custom="readingOrder {index:1;}">
                    <Coords points="1137,791 1137,851 1220,851 1220,791"/>
                    <TextEquiv>
                        <Unicode>von</Unicode>
                    </TextEquiv>
                </Word>
                <Word id="r1l9_w3" custom="readingOrder {index:2;}">
                    <Coords points="1265,793 1265,853 1358,853 1358,793"/>
                    <TextEquiv>
                        <Unicode>Ihme</Unicode>
                    </TextEquiv>
                </Word>
                <Word id="r1l9_w4" custom="readingOrder {index:3;}">
                    <Coords points="1394,795 1394,855 1615,855 1615,795"/>
                    <TextEquiv>
                        <Unicode>schwanger</Unicode>
                    </TextEquiv>
                </Word>
                <Word id="r1l9_w5" custom="readingOrder {index:4;}">
                    <Coords points="1673,800 1673,860 1754,860 1754,800"/>
                    <TextEquiv>
                        <Unicode>den</Unicode>
                    </TextEquiv>
                </Word>
                <Word id="r1l9_w6" custom="readingOrder {index:5;}">
                    <Coords points="1777,808 1777,868 1917,868 1917,808"/>
                    <TextEquiv>
                        <Unicode>weiten</Unicode>
                    </TextEquiv>
                </Word>
                <TextEquiv>
                    <Unicode>manat von Ihme schwanger den weiten</Unicode>
                </TextEquiv>
            </TextLine>
            <TextLine id="r1l10" custom="readingOrder {index:9;}">
                <Coords points="925,939 1039,919 1084,960 1350,914 1494,985 1702,918 1868,974 1987,941 1987,904 1849,849 1414,870 1355,833 1237,871 1197,842 1139,892 926,874"/>
                <Baseline points="933,914 985,915 1037,915 1090,915 1142,915 1194,915 1247,915 1299,915 1351,915 1404,915 1456,917 1508,917 1561,917 1613,918 1665,919 1718,921 1770,923 1822,926 1875,929 1927,932 1980,938"/>
                <Word id="r1l10_w1" custom="readingOrder {index:0;}">
                    <Coords points="928,875 928,935 1127,935 1127,875"/>
                    <TextEquiv>
                        <Unicode>genauen,</Unicode>
                    </TextEquiv>
                </Word>
                <Word id="r1l10_w2" custom="readingOrder {index:1;}">
                    <Coords points="1155,875 1155,935 1260,935 1260,875"/>
                    <TextEquiv>
                        <Unicode>wole</Unicode>
                    </TextEquiv>
                </Word>
                <Word id="r1l10_w3" custom="readingOrder {index:2;}">
                    <Coords points="1288,875 1288,935 1354,935 1354,875"/>
                    <TextEquiv>
                        <Unicode>min</Unicode>
                    </TextEquiv>
                </Word>
                <Word id="r1l10_w4" custom="readingOrder {index:3;}">
                    <Coords points="1367,875 1367,935 1474,935 1474,875"/>
                    <TextEquiv>
                        <Unicode>gnädigen</Unicode>
                    </TextEquiv>
                </Word>
                <Word id="r1l10_w5" custom="readingOrder {index:4;}">
                    <Coords points="1501,877 1501,937 1595,937 1595,877"/>
                    <TextEquiv>
                        <Unicode>Herrn</Unicode>
                    </TextEquiv>
                </Word>
                <Word id="r1l10_w6" custom="readingOrder {index:5;}">
                    <Coords points="1621,878 1621,938 1702,938 1702,878"/>
                    <TextEquiv>
                        <Unicode>Jhen</Unicode>
                    </TextEquiv>
                </Word>
                <Word id="r1l10_w7" custom="readingOrder {index:6;}">
                    <Coords points="1728,887 1728,947 1955,947 1955,887"/>
                    <TextEquiv>
                        <Unicode>aufgetegen</Unicode>
                    </TextEquiv>
                </Word>
                <TextEquiv>
                    <Unicode>genauen, wole min gnädigen Herrn Jhen aufgetegen</Unicode>
                </TextEquiv>
            </TextLine>
            <TextLine id="r1l11" custom="readingOrder {index:10;}">
                <Coords points="916,1026 1086,992 1511,1039 1963,1028 1963,985 1880,989 1805,925 1410,987 1273,977 1197,923 1125,975 1035,927 917,950"/>
                <Baseline points="924,1001 975,1001 1027,1002 1078,1002 1130,1004 1182,1004 1233,1005 1285,1005 1336,1005 1388,1007 1440,1007 1491,1007 1543,1008 1594,1008 1646,1010 1698,1010 1749,1011 1801,1011 1852,1013 1904,1013 1956,1014"/>
                <Word id="r1l11_w1" custom="readingOrder {index:0;}">
                    <Coords points="938,961 938,1021 1046,1021 1046,961"/>
                    <TextEquiv>
                        <Unicode>haben</Unicode>
                    </TextEquiv>
                </Word>
                <Word id="r1l11_w2" custom="readingOrder {index:1;}">
                    <Coords points="1131,964 1131,1024 1196,1024 1196,964"/>
                    <TextEquiv>
                        <Unicode>die</Unicode>
                    </TextEquiv>
                </Word>
                <Word id="r1l11_w3" custom="readingOrder {index:2;}">
                    <Coords points="1228,965 1228,1025 1303,1025 1303,965"/>
                    <TextEquiv>
                        <Unicode>kan</Unicode>
                    </TextEquiv>
                </Word>
                <Word id="r1l11_w4" custom="readingOrder {index:3;}">
                    <Coords points="1336,965 1336,1025 1368,1025 1368,965"/>
                    <TextEquiv>
                        <Unicode>in</Unicode>
                    </TextEquiv>
                </Word>
                <Word id="r1l11_w5" custom="readingOrder {index:4;}">
                    <Coords points="1422,967 1422,1027 1487,1027 1487,967"/>
                    <TextEquiv>
                        <Unicode>der</Unicode>
                    </TextEquiv>
                </Word>
                <Word id="r1l11_w6" custom="readingOrder {index:5;}">
                    <Coords points="1519,968 1519,1028 1691,1028 1691,968"/>
                    <TextEquiv>
                        <Unicode>genißt</Unicode>
                    </TextEquiv>
                </Word>
                <Word id="r1l11_w7" custom="readingOrder {index:6;}">
                    <Coords points="1724,972 1724,1032 1960,1032 1960,972"/>
                    <TextEquiv>
                        <Unicode>Examinum,</Unicode>
                    </TextEquiv>
                </Word>
                <TextEquiv>
                    <Unicode>haben die kan in der genißt Examinum,</Unicode>
                </TextEquiv>
            </TextLine>
            <TextLine id="r1l12" custom="readingOrder {index:11;}">
                <Coords points="913,1114 1313,1099 1557,1142 1672,1091 1914,1109 1934,1046 1687,1015 1210,1035 1083,993 912,1067"/>
                <Baseline points="920,1092 970,1094 1020,1095 1071,1096 1121,1097 1172,1097 1222,1097 1272,1098 1323,1098 1373,1097 1424,1097 1474,1097 1524,1095 1575,1095 1625,1094 1676,1092 1726,1091 1776,1089 1827,1088 1877,1085 1928,1083"/>
                <Word id="r1l12_w1" custom="readingOrder {index:0;}">
                    <Coords points="936,1054 936,1114 1040,1114 1040,1054"/>
                    <TextEquiv>
                        <Unicode>undt</Unicode>
                    </TextEquiv>
                </Word>
                <Word id="r1l12_w2" custom="readingOrder {index:1;}">
                    <Coords points="1074,1057 1074,1117 1260,1117 1260,1057"/>
                    <TextEquiv>
                        <Unicode>dieselben</Unicode>
                    </TextEquiv>
                </Word>
                <Word id="r1l12_w3" custom="readingOrder {index:2;}">
                    <Coords points="1318,1057 1318,1117 1399,1117 1399,1057"/>
                    <TextEquiv>
                        <Unicode>deß</Unicode>
                    </TextEquiv>
                </Word>
                <Word id="r1l12_w4" custom="readingOrder {index:3;}">
                    <Coords points="1468,1053 1468,1113 1816,1113 1816,1053"/>
                    <TextEquiv>
                        <Unicode>heraußkommende</Unicode>
                    </TextEquiv>
                </Word>
                <Word id="r1l12_w5" custom="readingOrder {index:4;}">
                    <Coords points="1863,1043 1863,1103 1945,1103 1945,1043"/>
                    <TextEquiv>
                        <Unicode>be¬</Unicode>
                    </TextEquiv>
                </Word>
                <TextEquiv>
                    <Unicode>undt dieselben deß heraußkommende be¬</Unicode>
                </TextEquiv>
            </TextLine>
            <TextLine id="r1l13" custom="readingOrder {index:12;}">
                <Coords points="891,1202 1656,1177 1782,1220 1935,1171 1935,1102 1620,1111 1444,1167 1081,1093 891,1149"/>
                <Baseline points="899,1184 950,1181 1001,1179 1053,1178 1104,1178 1156,1178 1207,1178 1259,1179 1310,1180 1362,1181 1413,1182 1464,1184 1516,1184 1567,1185 1619,1184 1670,1184 1722,1182 1773,1180 1825,1176 1876,1173 1928,1167"/>
                <Word id="r1l13_w1" custom="readingOrder {index:0;}">
                    <Coords points="914,1139 914,1199 1070,1199 1070,1139"/>
                    <TextEquiv>
                        <Unicode>ichten</Unicode>
                    </TextEquiv>
                </Word>
                <Word id="r1l13_w2" custom="readingOrder {index:1;}">
                    <Coords points="1114,1138 1114,1198 1328,1198 1328,1138"/>
                    <TextEquiv>
                        <Unicode>zulaßen</Unicode>
                    </TextEquiv>
                </Word>
                <Word id="r1l13_w3" custom="readingOrder {index:2;}">
                    <Coords points="1417,1144 1417,1204 1620,1204 1620,1144"/>
                    <TextEquiv>
                        <Unicode>mitthin</Unicode>
                    </TextEquiv>
                </Word>
                <Word id="r1l13_w4" custom="readingOrder {index:3;}">
                    <Coords points="1664,1143 1664,1203 1697,1203 1697,1143"/>
                    <TextEquiv>
                        <Unicode>zu</Unicode>
                    </TextEquiv>
                </Word>
                <Word id="r1l13_w5" custom="readingOrder {index:4;}">
                    <Coords points="1731,1136 1731,1196 1899,1196 1899,1136"/>
                    <TextEquiv>
                        <Unicode>trachten</Unicode>
                    </TextEquiv>
                </Word>
                <TextEquiv>
                    <Unicode>ichten zulaßen mitthin zu trachten</Unicode>
                </TextEquiv>
            </TextLine>
            <TextLine id="r1l14" custom="readingOrder {index:13;}">
                <Coords points="926,1351 1121,1266 1429,1320 1702,1269 1778,1309 1957,1223 1367,1179 1267,1217 1023,1184 924,1230"/>
                <Baseline points="932,1274 982,1274 1033,1274 1084,1274 1135,1274 1186,1275 1237,1275 1287,1277 1338,1277 1389,1277 1440,1278 1491,1278 1542,1277 1593,1277 1643,1275 1694,1272 1745,1269 1796,1265 1847,1260 1898,1255 1949,1247"/>
                <Word id="r1l14_w1" custom="readingOrder {index:0;}">
                    <Coords points="941,1234 941,1294 1022,1294 1022,1234"/>
                    <TextEquiv>
                        <Unicode>daß</Unicode>
                    </TextEquiv>
                </Word>
                <Word id="r1l14_w2" custom="readingOrder {index:1;}">
                    <Coords points="1064,1234 1064,1294 1241,1294 1241,1234"/>
                    <TextEquiv>
                        <Unicode>derselbe</Unicode>
                    </TextEquiv>
                </Word>
                <Word id="r1l14_w3" custom="readingOrder {index:2;}">
                    <Coords points="1268,1237 1268,1297 1486,1297 1486,1237"/>
                    <TextEquiv>
                        <Unicode>Entdebt,</Unicode>
                    </TextEquiv>
                </Word>
                <Word id="r1l14_w4" custom="readingOrder {index:3;}">
                    <Coords points="1515,1237 1515,1297 1637,1297 1637,1237"/>
                    <TextEquiv>
                        <Unicode>undt</Unicode>
                    </TextEquiv>
                </Word>
                <Word id="r1l14_w5" custom="readingOrder {index:4;}">
                    <Coords points="1666,1231 1666,1291 1733,1291 1733,1231"/>
                    <TextEquiv>
                        <Unicode>diß</Unicode>
                    </TextEquiv>
                </Word>
                <Word id="r1l14_w6" custom="readingOrder {index:5;}">
                    <Coords points="1774,1222 1774,1282 1870,1282 1870,1222"/>
                    <TextEquiv>
                        <Unicode>bshr</Unicode>
                    </TextEquiv>
                </Word>
                <TextEquiv>
                    <Unicode>daß derselbe Entdebt, undt diß bshr</Unicode>
                </TextEquiv>
            </TextLine>
            <TextLine id="r1l15" custom="readingOrder {index:14;}">
                <Coords points="904,1382 1572,1366 1682,1420 1927,1363 1927,1322 1803,1324 1700,1269 1422,1323 1315,1282 1211,1312 1122,1266 903,1348"/>
                <Baseline points="911,1367 961,1367 1011,1367 1062,1367 1112,1367 1163,1367 1213,1368 1263,1368 1314,1368 1364,1368 1415,1368 1465,1368 1515,1368 1566,1368 1616,1368 1667,1367 1717,1367 1767,1365 1818,1364 1868,1361 1919,1358"/>
                <Word id="r1l15_w1" custom="readingOrder {index:0;}">
                    <Coords points="917,1327 917,1387 954,1387 954,1327"/>
                    <TextEquiv>
                        <Unicode>zu</Unicode>
                    </TextEquiv>
                </Word>
                <Word id="r1l15_w2" custom="readingOrder {index:1;}">
                    <Coords points="993,1327 993,1387 1106,1387 1106,1327"/>
                    <TextEquiv>
                        <Unicode>Redt</Unicode>
                    </TextEquiv>
                </Word>
                <Word id="r1l15_w3" custom="readingOrder {index:2;}">
                    <Coords points="1130,1328 1130,1388 1357,1388 1357,1328"/>
                    <TextEquiv>
                        <Unicode>gestoßen</Unicode>
                    </TextEquiv>
                </Word>
                <Word id="r1l15_w4" custom="readingOrder {index:3;}">
                    <Coords points="1433,1328 1433,1388 1570,1388 1570,1328"/>
                    <TextEquiv>
                        <Unicode>werden</Unicode>
                    </TextEquiv>
                </Word>
                <Word id="r1l15_w5" custom="readingOrder {index:4;}">
                    <Coords points="1609,1327 1609,1387 1773,1387 1773,1327"/>
                    <TextEquiv>
                        <Unicode>könne,</Unicode>
                    </TextEquiv>
                </Word>
                <Word id="r1l15_w6" custom="readingOrder {index:5;}">
                    <Coords points="1798,1323 1798,1383 1861,1383 1861,1323"/>
                    <TextEquiv>
                        <Unicode>da</Unicode>
                    </TextEquiv>
                </Word>
                <TextEquiv>
                    <Unicode>zu Redt gestoßen werden könne, da</Unicode>
                </TextEquiv>
            </TextLine>
            <TextLine id="r1l16" custom="readingOrder {index:15;}">
                <Coords points="889,1491 982,1449 1634,1494 1686,1454 1765,1477 1956,1433 1912,1365 1658,1423 1558,1376 1490,1421 1428,1376 1351,1421 1161,1371 888,1404"/>
                <Baseline points="896,1452 948,1454 1001,1455 1053,1457 1106,1458 1159,1460 1211,1461 1264,1461 1317,1461 1369,1461 1422,1461 1475,1461 1527,1460 1580,1458 1633,1457 1685,1454 1738,1452 1791,1448 1843,1445 1896,1440 1949,1436"/>
                <Word id="r1l16_w1" custom="readingOrder {index:0;}">
                    <Coords points="906,1415 906,1475 1105,1475 1105,1415"/>
                    <TextEquiv>
                        <Unicode>Indeßen</Unicode>
                    </TextEquiv>
                </Word>
                <Word id="r1l16_w2" custom="readingOrder {index:1;}">
                    <Coords points="1119,1419 1119,1479 1191,1479 1191,1419"/>
                    <TextEquiv>
                        <Unicode>Sie</Unicode>
                    </TextEquiv>
                </Word>
                <Word id="r1l16_w3" custom="readingOrder {index:2;}">
                    <Coords points="1221,1421 1221,1481 1307,1481 1307,1421"/>
                    <TextEquiv>
                        <Unicode>fur</Unicode>
                    </TextEquiv>
                </Word>
                <Word id="r1l16_w4" custom="readingOrder {index:3;}">
                    <Coords points="1335,1420 1335,1480 1620,1480 1620,1420"/>
                    <TextEquiv>
                        <Unicode>abbüeßung</Unicode>
                    </TextEquiv>
                </Word>
                <Word id="r1l16_w5" custom="readingOrder {index:4;}">
                    <Coords points="1664,1412 1664,1472 1808,1472 1808,1412"/>
                    <TextEquiv>
                        <Unicode>gehaltn</Unicode>
                    </TextEquiv>
                </Word>
                <Word id="r1l16_w6" custom="readingOrder {index:5;}">
                    <Coords points="1822,1400 1822,1460 1966,1460 1966,1400"/>
                    <TextEquiv>
                        <Unicode>worden.</Unicode>
                    </TextEquiv>
                </Word>
                <TextEquiv>
                    <Unicode>Indeßen Sie fur abbüeßung gehaltn worden.</Unicode>
                </TextEquiv>
            </TextLine>
            <TextLine id="r1l17" custom="readingOrder {index:16;}">
                <Coords points="884,1615 950,1628 1127,1551 1767,1582 1887,1534 1885,1464 1841,1455 1514,1505 1438,1461 1306,1496 1149,1466 1089,1510 999,1459 881,1501"/>
                <Baseline points="890,1560 939,1557 989,1554 1038,1553 1088,1553 1137,1551 1187,1551 1236,1551 1286,1553 1335,1553 1385,1553 1434,1553 1484,1553 1533,1551 1583,1550 1632,1548 1682,1544 1731,1541 1781,1535 1830,1529 1880,1520"/>
                <Word id="r1l17_w1" custom="readingOrder {index:0;}">
                    <Coords points="899,1517 899,1577 956,1577 956,1517"/>
                    <TextEquiv>
                        <Unicode>So</Unicode>
                    </TextEquiv>
                </Word>
                <Word id="r1l17_w2" custom="readingOrder {index:1;}">
                    <Coords points="970,1513 970,1573 1071,1573 1071,1513"/>
                    <TextEquiv>
                        <Unicode>Ihnen</Unicode>
                    </TextEquiv>
                </Word>
                <Word id="r1l17_w3" custom="readingOrder {index:2;}">
                    <Coords points="1102,1511 1102,1571 1217,1571 1217,1511"/>
                    <TextEquiv>
                        <Unicode>wiker</Unicode>
                    </TextEquiv>
                </Word>
                <Word id="r1l17_w4" custom="readingOrder {index:3;}">
                    <Coords points="1246,1513 1246,1573 1520,1573 1520,1513"/>
                    <TextEquiv>
                        <Unicode>antwortlich</Unicode>
                    </TextEquiv>
                </Word>
                <Word id="r1l17_w5" custom="readingOrder {index:4;}">
                    <Coords points="1564,1501 1564,1561 1880,1561 1880,1501"/>
                    <TextEquiv>
                        <Unicode>Verdeutetieder</Unicode>
                    </TextEquiv>
                </Word>
                <TextEquiv>
                    <Unicode>So Ihnen wiker antwortlich Verdeutetieder</Unicode>
                </TextEquiv>
            </TextLine>
            <TextLine id="r1l18" custom="readingOrder {index:17;}">
                <Coords points="868,1758 982,1798 1040,1760 1362,1795 1458,1763 1611,1825 1738,1763 1848,1770 1912,1738 1912,1695 1796,1666 1738,1700 1684,1662 1469,1713 1330,1665 1170,1726 868,1721"/>
                <Baseline points="875,1763 926,1761 977,1760 1029,1758 1080,1759 1132,1760 1183,1761 1235,1763 1286,1763 1338,1764 1389,1766 1440,1767 1492,1767 1543,1767 1595,1767 1646,1766 1698,1763 1749,1760 1801,1755 1852,1750 1904,1742"/>
                <Word id="r1l18_w1" custom="readingOrder {index:0;}">
                    <Coords points="882,1718 882,1778 1200,1778 1200,1718"/>
                    <TextEquiv>
                        <Unicode>Lauppen:</Unicode>
                    </TextEquiv>
                </Word>
                <Word id="r1l18_w2" custom="readingOrder {index:1;}">
                    <Coords points="1236,1723 1236,1783 1310,1783 1310,1723"/>
                    <TextEquiv>
                        <Unicode>Es</Unicode>
                    </TextEquiv>
                </Word>
                <Word id="r1l18_w3" custom="readingOrder {index:2;}">
                    <Coords points="1358,1726 1358,1786 1456,1786 1456,1726"/>
                    <TextEquiv>
                        <Unicode>habe</Unicode>
                    </TextEquiv>
                </Word>
                <Word id="r1l18_w4" custom="readingOrder {index:3;}">
                    <Coords points="1492,1726 1492,1786 1714,1786 1714,1726"/>
                    <TextEquiv>
                        <Unicode>Endtlichen</Unicode>
                    </TextEquiv>
                </Word>
                <Word id="r1l18_w5" custom="readingOrder {index:4;}">
                    <Coords points="1738,1714 1738,1774 1872,1774 1872,1714"/>
                    <TextEquiv>
                        <Unicode>danil</Unicode>
                    </TextEquiv>
                </Word>
                <TextEquiv>
                    <Unicode>Lauppen: Es habe Endtlichen danil</Unicode>
                </TextEquiv>
            </TextLine>
            <TextLine id="r1l19" custom="readingOrder {index:18;}">
                <Coords points="939,1913 1082,1920 1232,1856 1407,1910 1457,1865 1620,1885 1915,1829 1913,1777 1741,1762 1633,1834 1494,1782 1041,1759 936,1806"/>
                <Baseline points="944,1853 992,1854 1040,1856 1088,1857 1136,1859 1184,1860 1232,1861 1281,1862 1329,1863 1377,1863 1425,1863 1473,1862 1521,1860 1569,1857 1618,1854 1666,1851 1714,1846 1762,1841 1810,1835 1858,1827 1907,1817"/>
                <Word id="r1l19_w1" custom="readingOrder {index:0;}">
                    <Coords points="940,1816 940,1876 1224,1876 1224,1816"/>
                    <TextEquiv>
                        <Unicode>Klopfensten</Unicode>
                    </TextEquiv>
                </Word>
                <Word id="r1l19_w2" custom="readingOrder {index:1;}">
                    <Coords points="1268,1822 1268,1882 1338,1882 1338,1822"/>
                    <TextEquiv>
                        <Unicode>der</Unicode>
                    </TextEquiv>
                </Word>
                <Word id="r1l19_w3" custom="readingOrder {index:2;}">
                    <Coords points="1366,1822 1366,1882 1524,1882 1524,1822"/>
                    <TextEquiv>
                        <Unicode>Magter</Unicode>
                    </TextEquiv>
                </Word>
                <Word id="r1l19_w4" custom="readingOrder {index:3;}">
                    <Coords points="1552,1810 1552,1870 1795,1870 1795,1810"/>
                    <TextEquiv>
                        <Unicode>angelobt,</Unicode>
                    </TextEquiv>
                </Word>
                <Word id="r1l19_w5" custom="readingOrder {index:4;}">
                    <Coords points="1824,1787 1824,1847 1881,1847 1881,1787"/>
                    <TextEquiv>
                        <Unicode>das</Unicode>
                    </TextEquiv>
                </Word>
                <TextEquiv>
                    <Unicode>Klopfensten der Magter angelobt, das</Unicode>
                </TextEquiv>
            </TextLine>
            <TextLine id="r1l20" custom="readingOrder {index:19;}">
                <Coords points="598,1901 680,1918 759,1866 830,1897 864,1881 905,1887 905,1791 889,1785 844,1798 809,1765 753,1786 682,1762 599,1783"/>
                <Baseline points="606,1856 632,1857 658,1858 685,1859 711,1859 738,1859 764,1860 791,1860 817,1859 844,1859 870,1859 897,1857"/>
                <Word id="r1l20_w1" custom="readingOrder {index:0;}">
                    <Coords points="601,1819 601,1879 899,1879 899,1819"/>
                    <TextEquiv>
                        <Unicode>Klopfensen</Unicode>
                    </TextEquiv>
                </Word>
                <TextEquiv>
                    <Unicode>Klopfensen</Unicode>
                </TextEquiv>
            </TextLine>
            <TextLine id="r1l21" custom="readingOrder {index:20;}">
                <Coords points="933,1977 1518,1943 1746,1995 1849,1910 1929,1912 1928,1859 1829,1843 1738,1906 1583,1868 1406,1910 1330,1869 1233,1930 1141,1877 1081,1923 932,1920"/>
                <Baseline points="939,1943 988,1943 1037,1944 1086,1944 1135,1946 1184,1947 1233,1947 1283,1949 1332,1949 1381,1950 1430,1949 1479,1949 1528,1947 1577,1945 1627,1943 1676,1938 1725,1932 1774,1926 1823,1919 1872,1911 1922,1899"/>
                <Word id="r1l21_w1" custom="readingOrder {index:0;}">
                    <Coords points="934,1903 934,1963 1048,1963 1048,1903"/>
                    <TextEquiv>
                        <Unicode>Ihme</Unicode>
                    </TextEquiv>
                </Word>
                <Word id="r1l21_w2" custom="readingOrder {index:1;}">
                    <Coords points="1085,1905 1085,1965 1176,1965 1176,1905"/>
                    <TextEquiv>
                        <Unicode>von</Unicode>
                    </TextEquiv>
                </Word>
                <Word id="r1l21_w3" custom="readingOrder {index:2;}">
                    <Coords points="1265,1909 1265,1969 1340,1969 1340,1909"/>
                    <TextEquiv>
                        <Unicode>der</Unicode>
                    </TextEquiv>
                </Word>
                <Word id="r1l21_w4" custom="readingOrder {index:3;}">
                    <Coords points="1379,1909 1379,1969 1531,1969 1531,1909"/>
                    <TextEquiv>
                        <Unicode>Maria</Unicode>
                    </TextEquiv>
                </Word>
                <Word id="r1l21_w5" custom="readingOrder {index:4;}">
                    <Coords points="1581,1896 1581,1956 1798,1956 1798,1896"/>
                    <TextEquiv>
                        <Unicode>Rupacht</Unicode>
                    </TextEquiv>
                </Word>
                <Word id="r1l21_w6" custom="readingOrder {index:5;}">
                    <Coords points="1811,1870 1811,1930 1939,1930 1939,1870"/>
                    <TextEquiv>
                        <Unicode>zuer¬</Unicode>
                    </TextEquiv>
                </Word>
                <TextEquiv>
                    <Unicode>Ihme von der Maria Rupacht zuer¬</Unicode>
                </TextEquiv>
            </TextLine>
            <TextLine id="r1l22" custom="readingOrder {index:21;}">
                <Coords points="640,1982 690,1967 719,1944 739,1958 787,1945 806,1955 845,1943 880,1949 878,1882 831,1897 816,1886 784,1886 757,1866 694,1920 658,1910 638,1922"/>
                <Baseline points="647,1955 672,1949 697,1944 722,1941 747,1941 772,1941 797,1942 822,1943 847,1941 872,1940"/>
                <Word id="r1l22_w1" custom="readingOrder {index:0;}">
                    <Coords points="677,1901 677,1961 890,1961 890,1901"/>
                    <TextEquiv>
                        <Unicode>Daniel:</Unicode>
                    </TextEquiv>
                </Word>
                <TextEquiv>
                    <Unicode>Daniel:</Unicode>
                </TextEquiv>
            </TextLine>
            <TextLine id="r1l23" custom="readingOrder {index:22;}">
                <Coords points="580,2060 701,2067 757,2022 818,2040 866,2024 933,2053 934,1937 876,1956 845,1945 772,1977 751,1965 684,1995 624,1965 581,1971"/>
                <Baseline points="587,2021 613,2020 639,2019 665,2018 691,2018 717,2019 743,2019 769,2021 795,2021 821,2021 847,2022 873,2022 899,2021 926,2021"/>
                <Word id="r1l23_w1" custom="readingOrder {index:0;}">
                    <Coords points="590,1978 590,2038 783,2038 783,1978"/>
                    <TextEquiv>
                        <Unicode>Anprech</Unicode>
                    </TextEquiv>
                </Word>
                <Word id="r1l23_w2" custom="readingOrder {index:1;}">
                    <Coords points="825,1981 825,2041 944,2041 944,1981"/>
                    <TextEquiv>
                        <Unicode>Mara¬</Unicode>
                    </TextEquiv>
                </Word>
                <TextEquiv>
                    <Unicode>Anprech Mara¬</Unicode>
                </TextEquiv>
            </TextLine>
            <TextLine id="r1l24" custom="readingOrder {index:23;}">
                <Coords points="975,2105 1103,2034 1673,2056 1967,1979 1966,1929 1838,1919 1747,1996 1305,1948 971,1996"/>
                <Baseline points="980,2027 1029,2028 1078,2030 1127,2031 1176,2033 1225,2034 1274,2035 1323,2036 1372,2037 1421,2037 1470,2036 1519,2034 1568,2033 1617,2030 1666,2026 1715,2021 1764,2015 1813,2007 1862,1998 1911,1987 1961,1976"/>
                <Word id="r1l24_w1" custom="readingOrder {index:0;}">
                    <Coords points="974,1989 974,2049 1145,2049 1145,1989"/>
                    <TextEquiv>
                        <Unicode>Eignete</Unicode>
                    </TextEquiv>
                </Word>
                <Word id="r1l24_w2" custom="readingOrder {index:1;}">
                    <Coords points="1171,1994 1171,2054 1303,2054 1303,1994"/>
                    <TextEquiv>
                        <Unicode>Kind,</Unicode>
                    </TextEquiv>
                </Word>
                <Word id="r1l24_w3" custom="readingOrder {index:2;}">
                    <Coords points="1316,1996 1316,2056 1396,2056 1396,1996"/>
                    <TextEquiv>
                        <Unicode>alß</Unicode>
                    </TextEquiv>
                </Word>
                <Word id="r1l24_w4" custom="readingOrder {index:3;}">
                    <Coords points="1462,1995 1462,2055 1527,2055 1527,1995"/>
                    <TextEquiv>
                        <Unicode>das</Unicode>
                    </TextEquiv>
                </Word>
                <Word id="r1l24_w5" custom="readingOrder {index:4;}">
                    <Coords points="1542,1990 1542,2050 1687,2050 1687,1990"/>
                    <TextEquiv>
                        <Unicode>seinige</Unicode>
                    </TextEquiv>
                </Word>
                <Word id="r1l24_w6" custom="readingOrder {index:5;}">
                    <Coords points="1713,1965 1713,2025 1924,2025 1924,1965"/>
                    <TextEquiv>
                        <Unicode>anzuwum</Unicode>
                    </TextEquiv>
                </Word>
                <TextEquiv>
                    <Unicode>Eignete Kind, alß das seinige anzuwum</Unicode>
                </TextEquiv>
            </TextLine>
            <TextLine id="r1l25" custom="readingOrder {index:24;}">
                <Coords points="913,2134 1068,2125 1242,2181 1362,2137 1735,2158 1921,2100 1920,2033 1844,2060 1565,2032 1472,2069 1083,2040 912,2107"/>
                <Baseline points="921,2129 970,2127 1020,2126 1069,2126 1119,2127 1169,2127 1218,2129 1268,2130 1317,2132 1367,2133 1417,2134 1466,2135 1516,2133 1565,2132 1615,2129 1665,2125 1714,2120 1764,2112 1813,2103 1863,2091 1913,2076"/>
                <Word id="r1l25_w1" custom="readingOrder {index:0;}">
                    <Coords points="914,2087 914,2147 994,2147 994,2087"/>
                    <TextEquiv>
                        <Unicode>darh</Unicode>
                    </TextEquiv>
                </Word>
                <Word id="r1l25_w2" custom="readingOrder {index:1;}">
                    <Coords points="1020,2086 1020,2146 1073,2146 1073,2086"/>
                    <TextEquiv>
                        <Unicode>ein</Unicode>
                    </TextEquiv>
                </Word>
                <Word id="r1l25_w3" custom="readingOrder {index:2;}">
                    <Coords points="1086,2087 1086,2147 1191,2147 1191,2087"/>
                    <TextEquiv>
                        <Unicode>gnädigen</Unicode>
                    </TextEquiv>
                </Word>
                <Word id="r1l25_w4" custom="readingOrder {index:3;}">
                    <Coords points="1204,2089 1204,2149 1309,2149 1309,2089"/>
                    <TextEquiv>
                        <Unicode>Hrren</Unicode>
                    </TextEquiv>
                </Word>
                <Word id="r1l25_w5" custom="readingOrder {index:4;}">
                    <Coords points="1322,2092 1322,2152 1388,2152 1388,2092"/>
                    <TextEquiv>
                        <Unicode>fur</Unicode>
                    </TextEquiv>
                </Word>
                <Word id="r1l25_w6" custom="readingOrder {index:5;}">
                    <Coords points="1429,2093 1429,2153 1573,2153 1573,2093"/>
                    <TextEquiv>
                        <Unicode>solches</Unicode>
                    </TextEquiv>
                </Word>
                <Word id="r1l25_w7" custom="readingOrder {index:6;}">
                    <Coords points="1600,2086 1600,2146 1693,2146 1693,2086"/>
                    <TextEquiv>
                        <Unicode>auch</Unicode>
                    </TextEquiv>
                </Word>
                <Word id="r1l25_w8" custom="readingOrder {index:7;}">
                    <Coords points="1719,2073 1719,2133 1785,2133 1785,2073"/>
                    <TextEquiv>
                        <Unicode>alß</Unicode>
                    </TextEquiv>
                </Word>
                <Word id="r1l25_w9" custom="readingOrder {index:8;}">
                    <Coords points="1824,2048 1824,2108 1916,2108 1916,2048"/>
                    <TextEquiv>
                        <Unicode>ohne</Unicode>
                    </TextEquiv>
                </Word>
                <TextEquiv>
                    <Unicode>darh ein gnädigen Hrren fur solches auch alß ohne</Unicode>
                </TextEquiv>
            </TextLine>
            <TextLine id="r1l26" custom="readingOrder {index:25;}">
                <Coords points="930,2279 1048,2221 1226,2270 1466,2238 1559,2273 1950,2180 1947,2075 1851,2088 1779,2153 1628,2132 1540,2183 1387,2149 1201,2186 1005,2128 927,2183"/>
                <Baseline points="935,2216 985,2220 1035,2226 1086,2228 1136,2232 1187,2235 1237,2237 1287,2238 1338,2240 1388,2240 1439,2238 1489,2237 1539,2235 1590,2231 1640,2227 1691,2222 1741,2216 1791,2209 1842,2199 1892,2190 1943,2178"/>
                <Word id="r1l26_w1" custom="readingOrder {index:0;}">
                    <Coords points="930,2182 930,2242 1081,2242 1081,2182"/>
                    <TextEquiv>
                        <Unicode>Ehrlich</Unicode>
                    </TextEquiv>
                </Word>
                <Word id="r1l26_w2" custom="readingOrder {index:1;}">
                    <Coords points="1121,2197 1121,2257 1410,2257 1410,2197"/>
                    <TextEquiv>
                        <Unicode>zubekennt,</Unicode>
                    </TextEquiv>
                </Word>
                <Word id="r1l26_w3" custom="readingOrder {index:2;}">
                    <Coords points="1437,2197 1437,2257 1506,2257 1506,2197"/>
                    <TextEquiv>
                        <Unicode>der</Unicode>
                    </TextEquiv>
                </Word>
                <Word id="r1l26_w4" custom="readingOrder {index:3;}">
                    <Coords points="1533,2188 1533,2248 1711,2248 1711,2188"/>
                    <TextEquiv>
                        <Unicode>Ehesprach</Unicode>
                    </TextEquiv>
                </Word>
                <Word id="r1l26_w5" custom="readingOrder {index:4;}">
                    <Coords points="1753,2161 1753,2221 1904,2221 1904,2161"/>
                    <TextEquiv>
                        <Unicode>libeirt</Unicode>
                    </TextEquiv>
                </Word>
                <TextEquiv>
                    <Unicode>Ehrlich zubekennt, der Ehesprach libeirt</Unicode>
                </TextEquiv>
            </TextLine>
            <TextLine id="r1l27" custom="readingOrder {index:26;}">
                <Coords points="924,2366 1083,2326 1448,2350 1824,2291 1857,2316 1944,2261 1941,2187 1661,2231 1558,2307 1353,2294 1298,2251 1205,2285 1053,2226 921,2284"/>
                <Baseline points="929,2324 979,2324 1029,2325 1080,2328 1130,2330 1181,2331 1231,2332 1281,2333 1332,2334 1382,2334 1433,2333 1483,2332 1533,2330 1584,2327 1634,2322 1685,2318 1735,2311 1785,2305 1836,2295 1886,2284 1937,2271"/>
                <Word id="r1l27_w1" custom="readingOrder {index:0;}">
                    <Coords points="939,2284 939,2344 997,2344 997,2284"/>
                    <TextEquiv>
                        <Unicode>die</Unicode>
                    </TextEquiv>
                </Word>
                <Word id="r1l27_w2" custom="readingOrder {index:1;}">
                    <Coords points="1026,2288 1026,2348 1171,2348 1171,2288"/>
                    <TextEquiv>
                        <Unicode>hösten</Unicode>
                    </TextEquiv>
                </Word>
                <Word id="r1l27_w3" custom="readingOrder {index:2;}">
                    <Coords points="1213,2294 1213,2354 1504,2354 1504,2294"/>
                    <TextEquiv>
                        <Unicode>Compensirt</Unicode>
                    </TextEquiv>
                </Word>
                <Word id="r1l27_w4" custom="readingOrder {index:3;}">
                    <Coords points="1532,2285 1532,2345 1663,2345 1663,2285"/>
                    <TextEquiv>
                        <Unicode>undt</Unicode>
                    </TextEquiv>
                </Word>
                <Word id="r1l27_w5" custom="readingOrder {index:4;}">
                    <Coords points="1706,2267 1706,2327 1822,2327 1822,2267"/>
                    <TextEquiv>
                        <Unicode>beyde</Unicode>
                    </TextEquiv>
                </Word>
                <Word id="r1l27_w6" custom="readingOrder {index:5;}">
                    <Coords points="1837,2245 1837,2305 1923,2305 1923,2245"/>
                    <TextEquiv>
                        <Unicode>zut</Unicode>
                    </TextEquiv>
                </Word>
                <TextEquiv>
                    <Unicode>die hösten Compensirt undt beyde zut</Unicode>
                </TextEquiv>
            </TextLine>
            <TextLine id="r1l28" custom="readingOrder {index:27;}">
                <Coords points="886,2418 1652,2462 1954,2384 1953,2314 1761,2303 1607,2375 1495,2326 1197,2397 1055,2328 885,2375"/>
                <Baseline points="893,2412 945,2411 998,2411 1050,2412 1103,2414 1156,2417 1208,2419 1261,2421 1314,2424 1366,2427 1419,2429 1472,2429 1524,2429 1577,2428 1630,2424 1682,2420 1735,2413 1788,2403 1840,2392 1893,2377 1946,2360"/>
                <Word id="r1l28_w1" custom="readingOrder {index:0;}">
                    <Coords points="905,2372 905,2432 1196,2432 1196,2372"/>
                    <TextEquiv>
                        <Unicode>abbießung</Unicode>
                    </TextEquiv>
                </Word>
                <Word id="r1l28_w2" custom="readingOrder {index:1;}">
                    <Coords points="1243,2384 1243,2444 1395,2444 1395,2384"/>
                    <TextEquiv>
                        <Unicode>halten</Unicode>
                    </TextEquiv>
                </Word>
                <Word id="r1l28_w3" custom="readingOrder {index:2;}">
                    <Coords points="1427,2389 1427,2449 1611,2449 1611,2389"/>
                    <TextEquiv>
                        <Unicode>laßen,</Unicode>
                    </TextEquiv>
                </Word>
                <Word id="r1l28_w4" custom="readingOrder {index:3;}">
                    <Coords points="1626,2382 1626,2442 1671,2442 1671,2382"/>
                    <TextEquiv>
                        <Unicode>den</Unicode>
                    </TextEquiv>
                </Word>
                <Word id="r1l28_w5" custom="readingOrder {index:4;}">
                    <Coords points="1703,2375 1703,2435 1733,2435 1733,2375"/>
                    <TextEquiv>
                        <Unicode>1</Unicode>
                    </TextEquiv>
                </Word>
                <Word id="r1l28_w6" custom="readingOrder {index:5;}">
                    <Coords points="1748,2366 1748,2426 1795,2426 1795,2366"/>
                    <TextEquiv>
                        <Unicode>deß</Unicode>
                    </TextEquiv>
                </Word>
                <Word id="r1l28_w7" custom="readingOrder {index:6;}">
                    <Coords points="1810,2345 1810,2405 1917,2405 1917,2345"/>
                    <TextEquiv>
                        <Unicode>isthe</Unicode>
                    </TextEquiv>
                </Word>
                <TextEquiv>
                    <Unicode>abbießung halten laßen, den 1 deß isthe</Unicode>
                </TextEquiv>
            </TextLine>
            <TextLine id="r1l29" custom="readingOrder {index:28;}">
                <Coords points="925,2523 1005,2481 1414,2576 1528,2515 1614,2565 1703,2494 1833,2506 1953,2451 1952,2403 1761,2404 1599,2472 1459,2433 1181,2482 1114,2423 923,2434"/>
                <Baseline points="932,2484 982,2487 1033,2492 1084,2496 1134,2499 1185,2504 1236,2508 1286,2511 1337,2514 1388,2516 1439,2517 1489,2517 1540,2516 1591,2514 1641,2509 1692,2503 1743,2495 1793,2486 1844,2473 1895,2459 1946,2442"/>
                <Word id="r1l29_w1" custom="readingOrder {index:0;}">
                    <Coords points="930,2446 930,2506 1002,2506 1002,2446"/>
                    <TextEquiv>
                        <Unicode>Var</Unicode>
                    </TextEquiv>
                </Word>
                <Word id="r1l29_w2" custom="readingOrder {index:1;}">
                    <Coords points="1041,2456 1041,2516 1151,2516 1151,2456"/>
                    <TextEquiv>
                        <Unicode>kindet</Unicode>
                    </TextEquiv>
                </Word>
                <Word id="r1l29_w3" custom="readingOrder {index:2;}">
                    <Coords points="1169,2465 1169,2525 1243,2525 1243,2465"/>
                    <TextEquiv>
                        <Unicode>sit</Unicode>
                    </TextEquiv>
                </Word>
                <Word id="r1l29_w4" custom="readingOrder {index:3;}">
                    <Coords points="1279,2475 1279,2535 1481,2535 1481,2475"/>
                    <TextEquiv>
                        <Unicode>verlflgn</Unicode>
                    </TextEquiv>
                </Word>
                <Word id="r1l29_w5" custom="readingOrder {index:4;}">
                    <Coords points="1556,2475 1556,2535 1574,2535 1574,2475"/>
                    <TextEquiv>
                        <Unicode>2</Unicode>
                    </TextEquiv>
                </Word>
                <Word id="r1l29_w6" custom="readingOrder {index:5;}">
                    <Coords points="1612,2468 1612,2528 1686,2528 1686,2468"/>
                    <TextEquiv>
                        <Unicode>Jacß</Unicode>
                    </TextEquiv>
                </Word>
                <Word id="r1l29_w7" custom="readingOrder {index:6;}">
                    <Coords points="1722,2438 1722,2498 1924,2498 1924,2438"/>
                    <TextEquiv>
                        <Unicode>überlese</Unicode>
                    </TextEquiv>
                </Word>
                <TextEquiv>
                    <Unicode>Var kindet sit verlflgn 2 Jacß überlese</Unicode>
                </TextEquiv>
            </TextLine>
            <TextLine id="r1l30" custom="readingOrder {index:29;}">
                <Coords points="934,2553 987,2567 1021,2549 1046,2564 1081,2550 1119,2570 1120,2529 1076,2533 1031,2492 999,2513 960,2509 945,2492 936,2492"/>
                <Baseline points="941,2553 969,2550 998,2549 1026,2549 1055,2551 1083,2554 1112,2559"/>
                <Word id="r1l30_w1" custom="readingOrder {index:0;}">
                    <Coords points="931,2509 931,2569 1130,2569 1130,2509"/>
                    <TextEquiv>
                        <Unicode>worden.</Unicode>
                    </TextEquiv>
                </Word>
                <TextEquiv>
                    <Unicode>worden.</Unicode>
                </TextEquiv>
            </TextLine>
            <TextEquiv>
                <Unicode></Unicode>
            </TextEquiv>
        </TextRegion>
        <TextRegion orientation="0.0" id="r2" custom="readingOrder {index:1;}">
            <Coords points="2051,325 2051,2497 3476,2497 3476,325"/>
            <TextLine id="r2l1" custom="readingOrder {index:0;}">
                <Coords points="3310,419 3333,416 3373,431 3393,421 3418,430 3443,426 3464,321 3448,319 3426,331 3410,311 3397,306 3374,318 3331,316"/>
                <Baseline points="3329,363 3357,367 3386,374 3414,381 3443,384"/>
                <Word id="r2l1_w1" custom="readingOrder {index:0;}">
                    <Coords points="3312,325 3312,385 3379,385 3379,325"/>
                    <TextEquiv>
                        <Unicode>41</Unicode>
                    </TextEquiv>
                </Word>
                <TextEquiv>
                    <Unicode>41</Unicode>
                </TextEquiv>
            </TextLine>
            <TextLine id="r2l2" custom="readingOrder {index:1;}">
                <Coords points="2347,475 2618,433 2889,473 3391,469 3392,426 2818,340 2559,369 2350,303"/>
                <Baseline points="2355,450 2406,446 2457,441 2509,439 2560,437 2612,437 2663,437 2715,437 2766,438 2818,440 2869,443 2920,444 2972,447 3023,449 3075,450 3126,453 3178,453 3229,455 3281,455 3332,455 3384,453"/>
                <Word id="r2l2_w1" custom="readingOrder {index:0;}">
                    <Coords points="2361,400 2361,460 2589,460 2589,400"/>
                    <TextEquiv>
                        <Unicode>Fraulven</Unicode>
                    </TextEquiv>
                </Word>
                <Word id="r2l2_w2" custom="readingOrder {index:1;}">
                    <Coords points="2640,397 2640,457 2855,457 2855,397"/>
                    <TextEquiv>
                        <Unicode>Cappelen:</Unicode>
                    </TextEquiv>
                </Word>
                <Word id="r2l2_w3" custom="readingOrder {index:2;}">
                    <Coords points="2881,405 2881,465 3008,465 3008,405"/>
                    <TextEquiv>
                        <Unicode>Wiler</Unicode>
                    </TextEquiv>
                </Word>
                <Word id="r2l2_w4" custom="readingOrder {index:3;}">
                    <Coords points="3032,411 3032,471 3185,471 3185,411"/>
                    <TextEquiv>
                        <Unicode>Samuel</Unicode>
                    </TextEquiv>
                </Word>
                <Word id="r2l2_w5" custom="readingOrder {index:4;}">
                    <Coords points="3210,415 3210,475 3325,475 3325,415"/>
                    <TextEquiv>
                        <Unicode>herrn</Unicode>
                    </TextEquiv>
                </Word>
                <TextEquiv>
                    <Unicode>Fraulven Cappelen: Wiler Samuel herrn</Unicode>
                </TextEquiv>
            </TextLine>
            <TextLine id="r2l3" custom="readingOrder {index:2;}">
                <Coords points="2347,568 2661,531 2828,569 3296,541 3367,577 3415,558 3416,507 3313,464 3188,525 3114,471 3021,501 2858,445 2729,483 2620,433 2348,479"/>
                <Baseline points="2354,540 2406,536 2459,533 2512,530 2564,528 2617,528 2670,527 2722,528 2775,528 2828,530 2881,531 2933,533 2986,534 3039,536 3091,537 3144,539 3197,540 3249,542 3302,543 3355,543 3408,542"/>
                <Word id="r2l3_w1" custom="readingOrder {index:0;}">
                    <Coords points="2360,494 2360,554 2512,554 2512,494"/>
                    <TextEquiv>
                        <Unicode>welchem</Unicode>
                    </TextEquiv>
                </Word>
                <Word id="r2l3_w2" custom="readingOrder {index:1;}">
                    <Coords points="2570,487 2570,547 2711,547 2711,487"/>
                    <TextEquiv>
                        <Unicode>Anna</Unicode>
                    </TextEquiv>
                </Word>
                <Word id="r2l3_w3" custom="readingOrder {index:2;}">
                    <Coords points="2745,490 2745,550 2921,550 2921,490"/>
                    <TextEquiv>
                        <Unicode>Henggel.</Unicode>
                    </TextEquiv>
                </Word>
                <Word id="r2l3_w4" custom="readingOrder {index:3;}">
                    <Coords points="2945,496 2945,556 3191,556 3191,496"/>
                    <TextEquiv>
                        <Unicode>Bor-Inn-</Unicode>
                    </TextEquiv>
                </Word>
                <Word id="r2l3_w5" custom="readingOrder {index:4;}">
                    <Coords points="3214,502 3214,562 3308,562 3308,502"/>
                    <TextEquiv>
                        <Unicode>undt</Unicode>
                    </TextEquiv>
                </Word>
                <Word id="r2l3_w6" custom="readingOrder {index:5;}">
                    <Coords points="3331,502 3331,562 3401,562 3401,502"/>
                    <TextEquiv>
                        <Unicode>noch</Unicode>
                    </TextEquiv>
                </Word>
                <TextEquiv>
                    <Unicode>welchem Anna Henggel. Bor-Inn- undt noch</Unicode>
                </TextEquiv>
            </TextLine>
            <TextLine id="r2l4" custom="readingOrder {index:3;}">
                <Coords points="2090,608 2150,566 2185,569 2279,540 2329,538 2307,426 2284,435 2255,427 2212,473 2149,483 2122,499 2098,534 2076,539"/>
                <Baseline points="2093,584 2118,575 2143,568 2169,562 2194,557 2219,553 2245,549 2270,545 2295,541 2321,536"/>
                <Word id="r2l4_w1" custom="readingOrder {index:0;}">
                    <Coords points="2084,514 2084,574 2339,574 2339,514"/>
                    <TextEquiv>
                        <Unicode>Ersankt</Unicode>
                    </TextEquiv>
                </Word>
                <TextEquiv>
                    <Unicode>Ersankt</Unicode>
                </TextEquiv>
            </TextLine>
            <TextLine id="r2l5" custom="readingOrder {index:4;}">
                <Coords points="2362,655 2607,667 2752,622 2949,667 3228,634 3336,665 3429,646 3430,609 3322,560 3168,585 2685,535 2510,610 2362,613"/>
                <Baseline points="2369,639 2421,634 2474,631 2526,627 2579,626 2632,625 2684,624 2737,624 2790,626 2842,626 2895,627 2948,629 3000,630 3053,632 3106,633 3158,635 3211,635 3264,636 3316,636 3369,635 3422,633"/>
                <Word id="r2l5_w1" custom="readingOrder {index:0;}">
                    <Coords points="2364,589 2364,649 2614,649 2614,589"/>
                    <TextEquiv>
                        <Unicode>ergenißt</Unicode>
                    </TextEquiv>
                </Word>
                <Word id="r2l5_w2" custom="readingOrder {index:1;}">
                    <Coords points="2638,584 2638,644 2701,644 2701,584"/>
                    <TextEquiv>
                        <Unicode>Iho</Unicode>
                    </TextEquiv>
                </Word>
                <Word id="r2l5_w3" custom="readingOrder {index:2;}">
                    <Coords points="2738,585 2738,645 2827,645 2827,585"/>
                    <TextEquiv>
                        <Unicode>Vnd</Unicode>
                    </TextEquiv>
                </Word>
                <Word id="r2l5_w4" custom="readingOrder {index:3;}">
                    <Coords points="2851,586 2851,646 2938,646 2938,586"/>
                    <TextEquiv>
                        <Unicode>welt</Unicode>
                    </TextEquiv>
                </Word>
                <Word id="r2l5_w5" custom="readingOrder {index:4;}">
                    <Coords points="2963,591 2963,651 3139,651 3139,591"/>
                    <TextEquiv>
                        <Unicode>gebohres</Unicode>
                    </TextEquiv>
                </Word>
                <Word id="r2l5_w6" custom="readingOrder {index:5;}">
                    <Coords points="3176,595 3176,655 3289,655 3289,595"/>
                    <TextEquiv>
                        <Unicode>Kindt</Unicode>
                    </TextEquiv>
                </Word>
                <Word id="r2l5_w7" custom="readingOrder {index:6;}">
                    <Coords points="3314,594 3314,654 3440,654 3440,594"/>
                    <TextEquiv>
                        <Unicode>zuge¬</Unicode>
                    </TextEquiv>
                </Word>
                <TextEquiv>
                    <Unicode>ergenißt Iho Vnd welt gebohres Kindt zuge¬</Unicode>
                </TextEquiv>
            </TextLine>
            <TextLine id="r2l6" custom="readingOrder {index:5;}">
                <Coords points="2094,716 2144,677 2189,680 2205,661 2327,659 2303,537 2267,544 2244,562 2222,557 2191,571 2165,562 2129,574 2078,637"/>
                <Baseline points="2090,660 2117,655 2145,650 2173,646 2201,640 2228,634 2256,628 2284,620 2312,614"/>
                <Word id="r2l6_w1" custom="readingOrder {index:0;}">
                    <Coords points="2085,610 2085,670 2203,670 2203,610"/>
                    <TextEquiv>
                        <Unicode>soph</Unicode>
                    </TextEquiv>
                </Word>
                <Word id="r2l6_w2" custom="readingOrder {index:1;}">
                    <Coords points="2220,584 2220,644 2318,644 2318,584"/>
                    <TextEquiv>
                        <Unicode>lbia</Unicode>
                    </TextEquiv>
                </Word>
                <TextEquiv>
                    <Unicode>soph lbia</Unicode>
                </TextEquiv>
            </TextLine>
            <TextLine id="r2l7" custom="readingOrder {index:6;}">
                <Coords points="2317,744 2783,710 2922,793 3018,727 3360,748 3411,739 3411,695 2752,622 2469,683 2413,648 2317,703"/>
                <Baseline points="2325,743 2381,736 2438,731 2495,726 2552,722 2608,720 2665,717 2722,716 2779,716 2836,716 2892,717 2949,718 3006,720 3063,722 3120,723 3176,725 3233,726 3290,728 3347,730 3404,731"/>
                <Word id="r2l7_w1" custom="readingOrder {index:0;}">
                    <Coords points="2339,692 2339,752 2505,752 2505,692"/>
                    <TextEquiv>
                        <Unicode>kient</Unicode>
                    </TextEquiv>
                </Word>
                <Word id="r2l7_w2" custom="readingOrder {index:1;}">
                    <Coords points="2537,680 2537,740 2655,740 2655,680"/>
                    <TextEquiv>
                        <Unicode>dieses</Unicode>
                    </TextEquiv>
                </Word>
                <Word id="r2l7_w3" custom="readingOrder {index:2;}">
                    <Coords points="2671,676 2671,736 2853,736 2853,676"/>
                    <TextEquiv>
                        <Unicode>Ankerdt</Unicode>
                    </TextEquiv>
                </Word>
                <Word id="r2l7_w4" custom="readingOrder {index:3;}">
                    <Coords points="2872,677 2872,737 2936,737 2936,677"/>
                    <TextEquiv>
                        <Unicode>sich</Unicode>
                    </TextEquiv>
                </Word>
                <Word id="r2l7_w5" custom="readingOrder {index:4;}">
                    <Coords points="2955,680 2955,740 3105,740 3105,680"/>
                    <TextEquiv>
                        <Unicode>hydlich</Unicode>
                    </TextEquiv>
                </Word>
                <Word id="r2l7_w6" custom="readingOrder {index:5;}">
                    <Coords points="3121,686 3121,746 3354,746 3354,686"/>
                    <TextEquiv>
                        <Unicode>Entschuttet</Unicode>
                    </TextEquiv>
                </Word>
                <TextEquiv>
                    <Unicode>kient dieses Ankerdt sich hydlich Entschuttet</Unicode>
                </TextEquiv>
            </TextLine>
            <TextLine id="r2l8" custom="readingOrder {index:7;}">
                <Coords points="2309,910 2604,827 2672,871 2802,819 2951,857 3333,837 3379,822 3378,752 3074,731 2919,793 2786,710 2493,766 2306,743"/>
                <Baseline points="2316,854 2368,847 2421,841 2474,837 2527,833 2580,830 2632,828 2685,827 2738,825 2791,824 2844,824 2896,824 2949,824 3002,824 3055,824 3108,824 3160,824 3213,824 3266,822 3319,821 3372,819"/>
                <Word id="r2l8_w1" custom="readingOrder {index:0;}">
                    <Coords points="2310,808 2310,868 2400,868 2400,808"/>
                    <TextEquiv>
                        <Unicode>Alß</Unicode>
                    </TextEquiv>
                </Word>
                <Word id="r2l8_w2" custom="readingOrder {index:1;}">
                    <Coords points="2445,796 2445,856 2507,856 2507,796"/>
                    <TextEquiv>
                        <Unicode>oan</Unicode>
                    </TextEquiv>
                </Word>
                <Word id="r2l8_w3" custom="readingOrder {index:2;}">
                    <Coords points="2537,792 2537,852 2552,852 2552,792"/>
                    <TextEquiv>
                        <Unicode>e</Unicode>
                    </TextEquiv>
                </Word>
                <Word id="r2l8_w4" custom="readingOrder {index:3;}">
                    <Coords points="2582,789 2582,849 2629,849 2629,789"/>
                    <TextEquiv>
                        <Unicode>e</Unicode>
                    </TextEquiv>
                </Word>
                <Word id="r2l8_w5" custom="readingOrder {index:4;}">
                    <Coords points="2659,787 2659,847 2704,847 2704,787"/>
                    <TextEquiv>
                        <Unicode>ie</Unicode>
                    </TextEquiv>
                </Word>
                <Word id="r2l8_w6" custom="readingOrder {index:5;}">
                    <Coords points="2734,784 2734,844 2841,844 2841,784"/>
                    <TextEquiv>
                        <Unicode>ere</Unicode>
                    </TextEquiv>
                </Word>
                <Word id="r2l8_w7" custom="readingOrder {index:6;}">
                    <Coords points="2886,784 2886,844 2963,844 2963,784"/>
                    <TextEquiv>
                        <Unicode>nen</Unicode>
                    </TextEquiv>
                </Word>
                <Word id="r2l8_w8" custom="readingOrder {index:7;}">
                    <Coords points="2978,784 2978,844 3068,844 3068,784"/>
                    <TextEquiv>
                        <Unicode>halb</Unicode>
                    </TextEquiv>
                </Word>
                <Word id="r2l8_w9" custom="readingOrder {index:8;}">
                    <Coords points="3085,784 3085,844 3190,844 3190,784"/>
                    <TextEquiv>
                        <Unicode>alleß</Unicode>
                    </TextEquiv>
                </Word>
                <Word id="r2l8_w10" custom="readingOrder {index:9;}">
                    <Coords points="3237,781 3237,841 3372,841 3372,781"/>
                    <TextEquiv>
                        <Unicode>Gott</Unicode>
                    </TextEquiv>
                </Word>
                <TextEquiv>
                    <Unicode>Alß oan e e ie ere nen halb alleß Gott</Unicode>
                </TextEquiv>
            </TextLine>
            <TextLine id="r2l9" custom="readingOrder {index:8;}">
                <Coords points="2321,955 2665,927 2833,981 3014,921 3376,917 3418,899 3415,825 3146,867 2804,820 2718,873 2538,839 2320,927"/>
                <Baseline points="2328,950 2382,944 2436,939 2490,935 2544,932 2598,929 2652,927 2707,926 2761,924 2815,923 2869,921 2923,921 2977,920 3031,918 3086,917 3140,915 3194,914 3248,911 3302,909 3356,905 3411,900"/>
                <Word id="r2l9_w1" custom="readingOrder {index:0;}">
                    <Coords points="2334,903 2334,963 2433,963 2433,903"/>
                    <TextEquiv>
                        <Unicode>und</Unicode>
                    </TextEquiv>
                </Word>
                <Word id="r2l9_w2" custom="readingOrder {index:1;}">
                    <Coords points="2470,890 2470,950 2657,950 2657,890"/>
                    <TextEquiv>
                        <Unicode>derheit</Unicode>
                    </TextEquiv>
                </Word>
                <Word id="r2l9_w3" custom="readingOrder {index:2;}">
                    <Coords points="2681,881 2681,941 3030,941 3030,881"/>
                    <TextEquiv>
                        <Unicode>heimbgestellt,</Unicode>
                    </TextEquiv>
                </Word>
                <Word id="r2l9_w4" custom="readingOrder {index:3;}">
                    <Coords points="3042,877 3042,937 3129,937 3129,877"/>
                    <TextEquiv>
                        <Unicode>Ihre</Unicode>
                    </TextEquiv>
                </Word>
                <Word id="r2l9_w5" custom="readingOrder {index:4;}">
                    <Coords points="3154,874 3154,934 3229,934 3229,874"/>
                    <TextEquiv>
                        <Unicode>dat</Unicode>
                    </TextEquiv>
                </Word>
                <Word id="r2l9_w6" custom="readingOrder {index:5;}">
                    <Coords points="3253,868 3253,928 3377,928 3377,868"/>
                    <TextEquiv>
                        <Unicode>kindt</Unicode>
                    </TextEquiv>
                </Word>
                <TextEquiv>
                    <Unicode>und derheit heimbgestellt, Ihre dat kindt</Unicode>
                </TextEquiv>
            </TextLine>
            <TextLine id="r2l10" custom="readingOrder {index:9;}">
                <Coords points="2316,1054 2558,1036 2672,1080 2739,1021 3152,1009 3225,1054 3386,1031 3384,942 3252,922 2938,989 2782,946 2723,971 2662,927 2314,973"/>
                <Baseline points="2324,1043 2376,1038 2429,1036 2482,1032 2534,1029 2587,1025 2640,1023 2692,1021 2745,1019 2798,1017 2851,1016 2903,1014 2956,1013 3009,1013 3061,1013 3114,1013 3167,1013 3219,1013 3272,1014 3325,1015 3378,1017"/>
                <Word id="r2l10_w1" custom="readingOrder {index:0;}">
                    <Coords points="2328,997 2328,1057 2476,1057 2476,997"/>
                    <TextEquiv>
                        <Unicode>sambt</Unicode>
                    </TextEquiv>
                </Word>
                <Word id="r2l10_w2" custom="readingOrder {index:1;}">
                    <Coords points="2513,985 2513,1045 2651,1045 2651,985"/>
                    <TextEquiv>
                        <Unicode>deßen</Unicode>
                    </TextEquiv>
                </Word>
                <Word id="r2l10_w3" custom="readingOrder {index:2;}">
                    <Coords points="2675,977 2675,1037 2886,1037 2886,977"/>
                    <TextEquiv>
                        <Unicode>erhaltung</Unicode>
                    </TextEquiv>
                </Word>
                <Word id="r2l10_w4" custom="readingOrder {index:3;}">
                    <Coords points="2911,973 2911,1033 3146,1033 3146,973"/>
                    <TextEquiv>
                        <Unicode>überlaßen</Unicode>
                    </TextEquiv>
                </Word>
                <Word id="r2l10_w5" custom="readingOrder {index:4;}">
                    <Coords points="3184,973 3184,1033 3233,1033 3233,973"/>
                    <TextEquiv>
                        <Unicode>Sie</Unicode>
                    </TextEquiv>
                </Word>
                <Word id="r2l10_w6" custom="readingOrder {index:5;}">
                    <Coords points="3258,975 3258,1035 3396,1035 3396,975"/>
                    <TextEquiv>
                        <Unicode>zur¬</Unicode>
                    </TextEquiv>
                </Word>
                <TextEquiv>
                    <Unicode>sambt deßen erhaltung überlaßen Sie zur¬</Unicode>
                </TextEquiv>
            </TextLine>
            <TextLine id="r2l11" custom="readingOrder {index:10;}">
                <Coords points="2314,1146 2809,1143 2913,1099 3061,1148 3440,1126 3438,1044 3392,1032 3131,1058 2986,1014 2668,1082 2548,1037 2487,1090 2409,1039 2312,1062"/>
                <Baseline points="2321,1133 2376,1130 2432,1127 2487,1123 2543,1119 2598,1116 2654,1113 2709,1112 2765,1109 2820,1107 2876,1105 2932,1104 2987,1103 3043,1101 3098,1101 3154,1101 3209,1101 3265,1103 3320,1103 3376,1104 3432,1106"/>
                <Word id="r2l11_w1" custom="readingOrder {index:0;}">
                    <Coords points="2325,1084 2325,1144 2621,1144 2621,1084"/>
                    <TextEquiv>
                        <Unicode>abbüeßung</Unicode>
                    </TextEquiv>
                </Word>
                <Word id="r2l11_w2" custom="readingOrder {index:1;}">
                    <Coords points="2644,1070 2644,1130 2834,1130 2834,1070"/>
                    <TextEquiv>
                        <Unicode>gehalten</Unicode>
                    </TextEquiv>
                </Word>
                <Word id="r2l11_w3" custom="readingOrder {index:2;}">
                    <Coords points="2857,1064 2857,1124 2975,1124 2975,1064"/>
                    <TextEquiv>
                        <Unicode>undt</Unicode>
                    </TextEquiv>
                </Word>
                <Word id="r2l11_w4" custom="readingOrder {index:3;}">
                    <Coords points="2999,1061 2999,1121 3105,1121 3105,1061"/>
                    <TextEquiv>
                        <Unicode>Hho.</Unicode>
                    </TextEquiv>
                </Word>
                <Word id="r2l11_w5" custom="readingOrder {index:4;}">
                    <Coords points="3129,1061 3129,1121 3295,1121 3295,1061"/>
                    <TextEquiv>
                        <Unicode>Vedleiden</Unicode>
                    </TextEquiv>
                </Word>
                <Word id="r2l11_w6" custom="readingOrder {index:5;}">
                    <Coords points="3318,1064 3318,1124 3450,1124 3450,1064"/>
                    <TextEquiv>
                        <Unicode>laßen.</Unicode>
                    </TextEquiv>
                </Word>
                <TextEquiv>
                    <Unicode>abbüeßung gehalten undt Hho. Vedleiden laßen.</Unicode>
                </TextEquiv>
            </TextLine>
            <TextLine id="r2l12" custom="readingOrder {index:11;}">
                <Coords points="2270,1225 3303,1183 3363,1165 3361,1118 3027,1140 2951,1102 2774,1163 2401,1126 2267,1164"/>
                <Baseline points="2276,1212 2330,1208 2384,1204 2438,1199 2492,1196 2546,1192 2600,1189 2654,1185 2708,1182 2762,1179 2816,1176 2870,1173 2924,1172 2978,1169 3032,1167 3086,1164 3140,1163 3194,1161 3248,1160 3302,1158 3356,1157"/>
                <Word id="r2l12_w1" custom="readingOrder {index:0;}">
                    <Coords points="2275,1167 2275,1227 2405,1227 2405,1167"/>
                    <TextEquiv>
                        <Unicode>MVon</Unicode>
                    </TextEquiv>
                </Word>
                <Word id="r2l12_w2" custom="readingOrder {index:1;}">
                    <Coords points="2423,1158 2423,1218 2488,1218 2488,1158"/>
                    <TextEquiv>
                        <Unicode>schre</Unicode>
                    </TextEquiv>
                </Word>
                <Word id="r2l12_w3" custom="readingOrder {index:2;}">
                    <Coords points="2517,1151 2517,1211 2581,1211 2581,1151"/>
                    <TextEquiv>
                        <Unicode>issie</Unicode>
                    </TextEquiv>
                </Word>
                <Word id="r2l12_w4" custom="readingOrder {index:3;}">
                    <Coords points="2600,1148 2600,1208 2618,1208 2618,1148"/>
                    <TextEquiv>
                        <Unicode>2</Unicode>
                    </TextEquiv>
                </Word>
                <Word id="r2l12_w5" custom="readingOrder {index:4;}">
                    <Coords points="2638,1141 2638,1201 2786,1201 2786,1141"/>
                    <TextEquiv>
                        <Unicode>Vaglange,</Unicode>
                    </TextEquiv>
                </Word>
                <Word id="r2l12_w6" custom="readingOrder {index:5;}">
                    <Coords points="2795,1135 2795,1195 2842,1195 2842,1135"/>
                    <TextEquiv>
                        <Unicode>alß</Unicode>
                    </TextEquiv>
                </Word>
                <Word id="r2l12_w7" custom="readingOrder {index:6;}">
                    <Coords points="2869,1132 2869,1192 2907,1192 2907,1132"/>
                    <TextEquiv>
                        <Unicode>die</Unicode>
                    </TextEquiv>
                </Word>
                <Word id="r2l12_w8" custom="readingOrder {index:7;}">
                    <Coords points="2935,1126 2935,1186 3149,1186 3149,1126"/>
                    <TextEquiv>
                        <Unicode>Ordinoristost</Unicode>
                    </TextEquiv>
                </Word>
                <Word id="r2l12_w9" custom="readingOrder {index:8;}">
                    <Coords points="3167,1120 3167,1180 3325,1180 3325,1120"/>
                    <TextEquiv>
                        <Unicode>außzrieset,</Unicode>
                    </TextEquiv>
                </Word>
                <Word id="r2l12_w10" custom="readingOrder {index:9;}">
                    <Coords points="3334,1117 3334,1177 3362,1177 3362,1117"/>
                    <TextEquiv>
                        <Unicode>in</Unicode>
                    </TextEquiv>
                </Word>
                <TextEquiv>
                    <Unicode>MVon schre issie 2 Vaglange, alß die Ordinoristost außzrieset, in</Unicode>
                </TextEquiv>
            </TextLine>
            <TextLine id="r2l13" custom="readingOrder {index:12;}">
                <Coords points="2683,1251 2752,1262 2831,1235 2863,1252 2952,1225 3009,1243 3099,1215 3146,1240 3195,1220 3266,1236 3262,1166 3191,1188 3149,1164 3043,1198 2959,1172 2777,1214 2680,1196"/>
                <Baseline points="2690,1235 2718,1235 2746,1233 2775,1232 2803,1232 2831,1230 2860,1229 2888,1227 2916,1226 2945,1224 2973,1222 3001,1220 3030,1218 3058,1217 3086,1215 3115,1212 3143,1211 3171,1208 3200,1208 3228,1206 3257,1205"/>
                <Word id="r2l13_w1" custom="readingOrder {index:0;}">
                    <Coords points="2677,1195 2677,1255 2723,1255 2723,1195"/>
                    <TextEquiv>
                        <Unicode>dig</Unicode>
                    </TextEquiv>
                </Word>
                <Word id="r2l13_w2" custom="readingOrder {index:1;}">
                    <Coords points="2738,1188 2738,1248 2991,1248 2991,1188"/>
                    <TextEquiv>
                        <Unicode>gefangschafft</Unicode>
                    </TextEquiv>
                </Word>
                <Word id="r2l13_w3" custom="readingOrder {index:2;}">
                    <Coords points="3006,1177 3006,1237 3106,1237 3106,1177"/>
                    <TextEquiv>
                        <Unicode>erfegt</Unicode>
                    </TextEquiv>
                </Word>
                <Word id="r2l13_w4" custom="readingOrder {index:3;}">
                    <Coords points="3145,1168 3145,1228 3244,1228 3244,1168"/>
                    <TextEquiv>
                        <Unicode>worden</Unicode>
                    </TextEquiv>
                </Word>
                <TextEquiv>
                    <Unicode>dig gefangschafft erfegt worden</Unicode>
                </TextEquiv>
            </TextLine>
            <TextLine id="r2l14" custom="readingOrder {index:13;}">
                <Coords points="2262,1343 2966,1255 3346,1277 3410,1264 3408,1227 2530,1264 2453,1222 2257,1258"/>
                <Baseline points="2268,1323 2324,1317 2381,1311 2438,1304 2494,1297 2551,1292 2608,1286 2664,1282 2721,1277 2778,1272 2835,1269 2891,1265 2948,1263 3005,1261 3061,1259 3118,1259 3175,1259 3231,1259 3288,1260 3345,1262 3402,1265"/>
                <Word id="r2l14_w1" custom="readingOrder {index:0;}">
                    <Coords points="2333,1252 2333,1312 2758,1312 2758,1252"/>
                    <TextEquiv>
                        <Unicode>Malpersweilb.</Unicode>
                    </TextEquiv>
                </Word>
                <Word id="r2l14_w2" custom="readingOrder {index:1;}">
                    <Coords points="2776,1227 2776,1287 2941,1287 2941,1227"/>
                    <TextEquiv>
                        <Unicode>Weilen</Unicode>
                    </TextEquiv>
                </Word>
                <Word id="r2l14_w3" custom="readingOrder {index:2;}">
                    <Coords points="2993,1219 2993,1279 3089,1279 3089,1219"/>
                    <TextEquiv>
                        <Unicode>laut</Unicode>
                    </TextEquiv>
                </Word>
                <Word id="r2l14_w4" custom="readingOrder {index:3;}">
                    <Coords points="3123,1219 3123,1279 3367,1279 3367,1219"/>
                    <TextEquiv>
                        <Unicode>Einkomener</Unicode>
                    </TextEquiv>
                </Word>
                <TextEquiv>
                    <Unicode>Malpersweilb. Weilen laut Einkomener</Unicode>
                </TextEquiv>
            </TextLine>
            <TextLine id="r2l15" custom="readingOrder {index:14;}">
                <Coords points="2354,1418 2691,1376 2822,1407 3003,1345 3185,1407 3255,1346 3355,1344 3323,1268 3009,1316 2767,1289 2676,1335 2615,1295 2349,1351"/>
                <Baseline points="2360,1403 2409,1398 2458,1392 2508,1386 2557,1382 2606,1376 2656,1372 2705,1368 2754,1362 2804,1359 2853,1355 2902,1351 2952,1349 3001,1345 3050,1343 3100,1340 3149,1338 3198,1337 3248,1335 3297,1335 3347,1335"/>
                <Word id="r2l15_w1" custom="readingOrder {index:0;}">
                    <Coords points="2361,1347 2361,1407 2626,1407 2626,1347"/>
                    <TextEquiv>
                        <Unicode>Atestation</Unicode>
                    </TextEquiv>
                </Word>
                <Word id="r2l15_w2" custom="readingOrder {index:1;}">
                    <Coords points="2706,1321 2706,1381 2810,1381 2810,1321"/>
                    <TextEquiv>
                        <Unicode>Von</Unicode>
                    </TextEquiv>
                </Word>
                <Word id="r2l15_w3" custom="readingOrder {index:2;}">
                    <Coords points="2833,1313 2833,1373 2903,1373 2903,1313"/>
                    <TextEquiv>
                        <Unicode>H.</Unicode>
                    </TextEquiv>
                </Word>
                <Word id="r2l15_w4" custom="readingOrder {index:3;}">
                    <Coords points="2926,1305 2926,1365 3075,1365 3075,1305"/>
                    <TextEquiv>
                        <Unicode>Vicano</Unicode>
                    </TextEquiv>
                </Word>
                <Word id="r2l15_w5" custom="readingOrder {index:4;}">
                    <Coords points="3098,1296 3098,1356 3340,1356 3340,1296"/>
                    <TextEquiv>
                        <Unicode>daselbsten</Unicode>
                    </TextEquiv>
                </Word>
                <TextEquiv>
                    <Unicode>Atestation Von H. Vicano daselbsten</Unicode>
                </TextEquiv>
            </TextLine>
            <TextLine id="r2l16" custom="readingOrder {index:15;}">
                <Coords points="2072,1478 2109,1458 2134,1461 2175,1433 2186,1442 2250,1436 2289,1450 2318,1432 2306,1346 2281,1356 2235,1335 2208,1343 2189,1365 2153,1348 2073,1409 2062,1407"/>
                <Baseline points="2076,1458 2102,1453 2128,1448 2154,1442 2180,1438 2206,1435 2232,1431 2258,1430 2284,1428 2310,1428"/>
                <Word id="r2l16_w1" custom="readingOrder {index:0;}">
                    <Coords points="2078,1410 2078,1470 2156,1470 2156,1410"/>
                    <TextEquiv>
                        <Unicode>Kob</Unicode>
                    </TextEquiv>
                </Word>
                <Word id="r2l16_w2" custom="readingOrder {index:1;}">
                    <Coords points="2183,1390 2183,1450 2328,1450 2328,1390"/>
                    <TextEquiv>
                        <Unicode>Jacob:</Unicode>
                    </TextEquiv>
                </Word>
                <TextEquiv>
                    <Unicode>Kob Jacob:</Unicode>
                </TextEquiv>
            </TextLine>
            <TextLine id="r2l17" custom="readingOrder {index:16;}">
                <Coords points="2369,1552 2483,1482 2764,1463 2820,1493 3213,1417 3418,1420 3415,1373 3309,1349 3182,1408 3032,1365 2923,1408 2740,1375 2594,1417 2450,1392 2362,1442"/>
                <Baseline points="2372,1484 2423,1481 2475,1478 2527,1474 2579,1470 2631,1467 2683,1463 2735,1459 2787,1455 2839,1451 2891,1446 2942,1443 2994,1439 3046,1435 3098,1431 3150,1428 3202,1424 3254,1421 3306,1418 3358,1415 3410,1412"/>
                <Word id="r2l17_w1" custom="readingOrder {index:0;}">
                    <Coords points="2378,1441 2378,1501 2444,1501 2444,1441"/>
                    <TextEquiv>
                        <Unicode>deß</Unicode>
                    </TextEquiv>
                </Word>
                <Word id="r2l17_w2" custom="readingOrder {index:1;}">
                    <Coords points="2511,1430 2511,1490 2629,1490 2629,1430"/>
                    <TextEquiv>
                        <Unicode>Jacob</Unicode>
                    </TextEquiv>
                </Word>
                <Word id="r2l17_w3" custom="readingOrder {index:2;}">
                    <Coords points="2655,1420 2655,1480 2789,1480 2789,1420"/>
                    <TextEquiv>
                        <Unicode>Torbs</Unicode>
                    </TextEquiv>
                </Word>
                <Word id="r2l17_w4" custom="readingOrder {index:3;}">
                    <Coords points="2816,1409 2816,1469 2896,1469 2896,1409"/>
                    <TextEquiv>
                        <Unicode>vor</Unicode>
                    </TextEquiv>
                </Word>
                <Word id="r2l17_w5" custom="readingOrder {index:4;}">
                    <Coords points="2961,1391 2961,1451 3215,1451 3215,1391"/>
                    <TextEquiv>
                        <Unicode>Buehlmnt</Unicode>
                    </TextEquiv>
                </Word>
                <Word id="r2l17_w6" custom="readingOrder {index:5;}">
                    <Coords points="3241,1376 3241,1436 3413,1436 3413,1376"/>
                    <TextEquiv>
                        <Unicode>Elisebeth</Unicode>
                    </TextEquiv>
                </Word>
                <TextEquiv>
                    <Unicode>deß Jacob Torbs vor Buehlmnt Elisebeth</Unicode>
                </TextEquiv>
            </TextLine>
            <TextLine id="r2l18" custom="readingOrder {index:17;}">
                <Coords points="2075,1569 2102,1568 2142,1530 2163,1540 2188,1524 2227,1554 2285,1569 2340,1530 2333,1459 2308,1466 2277,1448 2260,1462 2203,1472 2155,1442 2122,1468 2100,1463 2067,1485"/>
                <Baseline points="2079,1536 2104,1534 2129,1532 2154,1529 2179,1527 2205,1525 2230,1523 2255,1519 2280,1516 2305,1513 2331,1509"/>
                <Word id="r2l18_w1" custom="readingOrder {index:0;}">
                    <Coords points="2081,1491 2081,1551 2190,1551 2190,1491"/>
                    <TextEquiv>
                        <Unicode>Rohlter</Unicode>
                    </TextEquiv>
                </Word>
                <Word id="r2l18_w2" custom="readingOrder {index:1;}">
                    <Coords points="2203,1476 2203,1536 2350,1536 2350,1476"/>
                    <TextEquiv>
                        <Unicode>Elisaben.</Unicode>
                    </TextEquiv>
                </Word>
                <TextEquiv>
                    <Unicode>Rohlter Elisaben.</Unicode>
                </TextEquiv>
            </TextLine>
            <TextLine id="r2l19" custom="readingOrder {index:18;}">
                <Coords points="2362,1622 2612,1558 2672,1583 2717,1539 2790,1573 2835,1529 3451,1506 3446,1445 3332,1423 3158,1480 3078,1449 3008,1490 2934,1455 2803,1502 2353,1508"/>
                <Baseline points="2366,1577 2419,1572 2473,1567 2527,1562 2581,1556 2635,1550 2689,1545 2742,1540 2796,1534 2850,1530 2904,1524 2958,1520 3012,1515 3066,1511 3119,1508 3173,1505 3227,1502 3281,1500 3335,1499 3389,1499 3443,1499"/>
                <Word id="r2l19_w1" custom="readingOrder {index:0;}">
                    <Coords points="2366,1530 2366,1590 2499,1590 2499,1530"/>
                    <TextEquiv>
                        <Unicode>Lohler</Unicode>
                    </TextEquiv>
                </Word>
                <Word id="r2l19_w2" custom="readingOrder {index:1;}">
                    <Coords points="2534,1515 2534,1575 2631,1575 2631,1515"/>
                    <TextEquiv>
                        <Unicode>Ihrer</Unicode>
                    </TextEquiv>
                </Word>
                <Word id="r2l19_w3" custom="readingOrder {index:2;}">
                    <Coords points="2643,1500 2643,1560 2835,1560 2835,1500"/>
                    <TextEquiv>
                        <Unicode>außaag</Unicode>
                    </TextEquiv>
                </Word>
                <Word id="r2l19_w4" custom="readingOrder {index:3;}">
                    <Coords points="2870,1482 2870,1542 2967,1542 2967,1482"/>
                    <TextEquiv>
                        <Unicode>von</Unicode>
                    </TextEquiv>
                </Word>
                <Word id="r2l19_w5" custom="readingOrder {index:4;}">
                    <Coords points="3014,1466 3014,1526 3267,1526 3267,1466"/>
                    <TextEquiv>
                        <Unicode>Langnauw</Unicode>
                    </TextEquiv>
                </Word>
                <Word id="r2l19_w6" custom="readingOrder {index:5;}">
                    <Coords points="3328,1459 3328,1519 3461,1519 3461,1459"/>
                    <TextEquiv>
                        <Unicode>Nor¬</Unicode>
                    </TextEquiv>
                </Word>
                <TextEquiv>
                    <Unicode>Lohler Ihrer außaag von Langnauw Nor¬</Unicode>
                </TextEquiv>
            </TextLine>
            <TextLine id="r2l20" custom="readingOrder {index:19;}">
                <Coords points="2165,1588 2184,1587 2199,1594 2210,1606 2224,1609 2224,1533 2196,1530 2189,1524 2177,1532 2165,1532"/>
                <Baseline points="2172,1578 2217,1578"/>
                <Word id="r2l20_w1" custom="readingOrder {index:0;}">
                    <Coords points="2164,1538 2164,1598 2234,1598 2234,1538"/>
                    <TextEquiv>
                        <Unicode>6)</Unicode>
                    </TextEquiv>
                </Word>
                <TextEquiv>
                    <Unicode>6)</Unicode>
                </TextEquiv>
            </TextLine>
            <TextLine id="r2l21" custom="readingOrder {index:20;}">
                <Coords points="2340,1690 2583,1640 2729,1668 2796,1627 3007,1668 3059,1614 3453,1584 3391,1518 3174,1552 3100,1515 3001,1586 2722,1538 2616,1611 2529,1580 2336,1639"/>
                <Baseline points="2345,1667 2400,1662 2455,1658 2510,1653 2565,1647 2620,1643 2675,1637 2730,1632 2785,1628 2840,1622 2895,1618 2950,1613 3005,1609 3060,1604 3115,1600 3170,1597 3225,1592 3280,1590 3335,1587 3390,1586 3446,1583"/>
                <Word id="r2l21_w1" custom="readingOrder {index:0;}">
                    <Coords points="2349,1618 2349,1678 2552,1678 2552,1618"/>
                    <TextEquiv>
                        <Unicode>habenden</Unicode>
                    </TextEquiv>
                </Word>
                <Word id="r2l21_w2" custom="readingOrder {index:1;}">
                    <Coords points="2612,1599 2612,1659 2696,1659 2696,1599"/>
                    <TextEquiv>
                        <Unicode>Ehe</Unicode>
                    </TextEquiv>
                </Word>
                <Word id="r2l21_w3" custom="readingOrder {index:2;}">
                    <Coords points="2756,1588 2756,1648 2803,1648 2803,1588"/>
                    <TextEquiv>
                        <Unicode>zu</Unicode>
                    </TextEquiv>
                </Word>
                <Word id="r2l21_w4" custom="readingOrder {index:3;}">
                    <Coords points="2851,1569 2851,1629 3139,1629 3139,1569"/>
                    <TextEquiv>
                        <Unicode>dreynmahlen</Unicode>
                    </TextEquiv>
                </Word>
                <Word id="r2l21_w5" custom="readingOrder {index:4;}">
                    <Coords points="3163,1553 3163,1613 3258,1613 3258,1553"/>
                    <TextEquiv>
                        <Unicode>ohne</Unicode>
                    </TextEquiv>
                </Word>
                <Word id="r2l21_w6" custom="readingOrder {index:5;}">
                    <Coords points="3282,1546 3282,1606 3463,1606 3463,1546"/>
                    <TextEquiv>
                        <Unicode>wider¬</Unicode>
                    </TextEquiv>
                </Word>
                <TextEquiv>
                    <Unicode>habenden Ehe zu dreynmahlen ohne wider¬</Unicode>
                </TextEquiv>
            </TextLine>
            <TextLine id="r2l22" custom="readingOrder {index:21;}">
                <Coords points="2337,1775 2805,1720 3110,1751 3163,1708 3406,1687 3399,1597 3306,1644 3139,1608 3009,1667 2946,1629 2789,1676 2689,1653 2589,1719 2450,1667 2333,1732"/>
                <Baseline points="2342,1757 2394,1754 2447,1750 2500,1747 2553,1743 2606,1739 2658,1736 2711,1731 2764,1726 2817,1722 2870,1717 2922,1712 2975,1708 3028,1704 3081,1700 3134,1694 3186,1690 3239,1685 3292,1682 3345,1678 3398,1673"/>
                <Word id="r2l22_w1" custom="readingOrder {index:0;}">
                    <Coords points="2347,1713 2347,1773 2446,1773 2446,1713"/>
                    <TextEquiv>
                        <Unicode>Vndt</Unicode>
                    </TextEquiv>
                </Word>
                <Word id="r2l22_w2" custom="readingOrder {index:1;}">
                    <Coords points="2483,1696 2483,1756 2806,1756 2806,1696"/>
                    <TextEquiv>
                        <Unicode>verkündet</Unicode>
                    </TextEquiv>
                </Word>
                <Word id="r2l22_w3" custom="readingOrder {index:2;}">
                    <Coords points="2832,1672 2832,1732 2992,1732 2992,1672"/>
                    <TextEquiv>
                        <Unicode>worden,</Unicode>
                    </TextEquiv>
                </Word>
                <Word id="r2l22_w4" custom="readingOrder {index:3;}">
                    <Coords points="3030,1661 3030,1721 3104,1721 3104,1661"/>
                    <TextEquiv>
                        <Unicode>alß</Unicode>
                    </TextEquiv>
                </Word>
                <Word id="r2l22_w5" custom="readingOrder {index:4;}">
                    <Coords points="3166,1643 3166,1703 3353,1703 3353,1643"/>
                    <TextEquiv>
                        <Unicode>habende</Unicode>
                    </TextEquiv>
                </Word>
                <TextEquiv>
                    <Unicode>Vndt verkündet worden, alß habende</Unicode>
                </TextEquiv>
            </TextLine>
            <TextLine id="r2l23" custom="readingOrder {index:22;}">
                <Coords points="2310,1892 2385,1864 2447,1907 2583,1841 2756,1888 2844,1834 2925,1874 2978,1825 3130,1862 3223,1792 3431,1776 3164,1710 3070,1776 2915,1726 2857,1772 2695,1740 2303,1801"/>
                <Baseline points="2315,1869 2370,1863 2426,1857 2481,1851 2537,1845 2592,1840 2648,1835 2703,1829 2759,1823 2814,1818 2870,1815 2925,1810 2981,1805 3036,1802 3092,1798 3147,1795 3203,1793 3258,1791 3314,1789 3369,1788 3425,1787"/>
                <Word id="r2l23_w1" custom="readingOrder {index:0;}">
                    <Coords points="2322,1816 2322,1876 2541,1876 2541,1816"/>
                    <TextEquiv>
                        <Unicode>MeHH.n</Unicode>
                    </TextEquiv>
                </Word>
                <Word id="r2l23_w2" custom="readingOrder {index:1;}">
                    <Coords points="2557,1798 2557,1858 2659,1858 2659,1798"/>
                    <TextEquiv>
                        <Unicode>auf</Unicode>
                    </TextEquiv>
                </Word>
                <Word id="r2l23_w3" custom="readingOrder {index:2;}">
                    <Coords points="2690,1786 2690,1846 2762,1846 2762,1786"/>
                    <TextEquiv>
                        <Unicode>der</Unicode>
                    </TextEquiv>
                </Word>
                <Word id="r2l23_w4" custom="readingOrder {index:3;}">
                    <Coords points="2791,1770 2791,1830 3058,1830 3058,1770"/>
                    <TextEquiv>
                        <Unicode>Pfartheyen</Unicode>
                    </TextEquiv>
                </Word>
                <Word id="r2l23_w5" custom="readingOrder {index:4;}">
                    <Coords points="3101,1752 3101,1812 3352,1812 3352,1752"/>
                    <TextEquiv>
                        <Unicode>Erscheinen</Unicode>
                    </TextEquiv>
                </Word>
                <TextEquiv>
                    <Unicode>MeHH.n auf der Pfartheyen Erscheinen</Unicode>
                </TextEquiv>
            </TextLine>
            <TextLine id="r2l24" custom="readingOrder {index:23;}">
                <Coords points="2321,1984 3082,1975 3251,1886 3469,1903 3463,1818 3335,1808 3077,1867 2842,1838 2752,1889 2673,1842 2592,1886 2543,1852 2436,1926 2317,1923"/>
                <Baseline points="2327,1955 2383,1952 2440,1948 2497,1943 2553,1938 2610,1933 2667,1927 2723,1922 2780,1916 2837,1911 2894,1905 2950,1900 3007,1896 3064,1892 3120,1889 3177,1886 3234,1884 3290,1883 3347,1883 3404,1884 3461,1887"/>
                <Word id="r2l24_w1" custom="readingOrder {index:0;}">
                    <Coords points="2323,1912 2323,1972 2419,1972 2419,1912"/>
                    <TextEquiv>
                        <Unicode>vemn</Unicode>
                    </TextEquiv>
                </Word>
                <Word id="r2l24_w2" custom="readingOrder {index:1;}">
                    <Coords points="2453,1896 2453,1956 2696,1956 2696,1896"/>
                    <TextEquiv>
                        <Unicode>bedenkend</Unicode>
                    </TextEquiv>
                </Word>
                <Word id="r2l24_w3" custom="readingOrder {index:2;}">
                    <Coords points="2728,1872 2728,1932 2909,1932 2909,1872"/>
                    <TextEquiv>
                        <Unicode>getragen</Unicode>
                    </TextEquiv>
                </Word>
                <Word id="r2l24_w4" custom="readingOrder {index:3;}">
                    <Coords points="2941,1856 2941,1916 3071,1916 3071,1856"/>
                    <TextEquiv>
                        <Unicode>dieser</Unicode>
                    </TextEquiv>
                </Word>
                <Word id="r2l24_w5" custom="readingOrder {index:4;}">
                    <Coords points="3103,1848 3103,1908 3167,1908 3167,1848"/>
                    <TextEquiv>
                        <Unicode>Ehr</Unicode>
                    </TextEquiv>
                </Word>
                <Word id="r2l24_w6" custom="readingOrder {index:5;}">
                    <Coords points="3202,1843 3202,1903 3479,1903 3479,1843"/>
                    <TextEquiv>
                        <Unicode>zubelillig.</Unicode>
                    </TextEquiv>
                </Word>
                <TextEquiv>
                    <Unicode>vemn bedenkend getragen dieser Ehr zubelillig.</Unicode>
                </TextEquiv>
            </TextLine>
            <TextLine id="r2l25" custom="readingOrder {index:24;}">
                <Coords points="2351,2161 2452,2114 2621,2114 2715,2167 2850,2083 3247,2072 3365,2030 3361,1974 3255,1950 3159,2002 2898,1975 2635,2039 2533,1999 2340,2038"/>
                <Baseline points="2354,2120 2404,2120 2454,2119 2504,2117 2555,2115 2605,2112 2655,2108 2706,2102 2756,2098 2806,2093 2857,2087 2907,2082 2957,2076 3007,2072 3058,2066 3108,2062 3158,2058 3209,2055 3259,2052 3309,2051 3360,2051"/>
                <Word id="r2l25_w1" custom="readingOrder {index:0;}">
                    <Coords points="2346,2079 2346,2139 2476,2139 2476,2079"/>
                    <TextEquiv>
                        <Unicode>Gedi</Unicode>
                    </TextEquiv>
                </Word>
                <Word id="r2l25_w2" custom="readingOrder {index:1;}">
                    <Coords points="2557,2073 2557,2133 2591,2133 2591,2073"/>
                    <TextEquiv>
                        <Unicode>n</Unicode>
                    </TextEquiv>
                </Word>
                <Word id="r2l25_w3" custom="readingOrder {index:2;}">
                    <Coords points="2639,2057 2639,2117 2884,2117 2884,2057"/>
                    <TextEquiv>
                        <Unicode>MeHren</Unicode>
                    </TextEquiv>
                </Word>
                <Word id="r2l25_w4" custom="readingOrder {index:3;}">
                    <Coords points="2900,2038 2900,2098 2965,2098 2965,2038"/>
                    <TextEquiv>
                        <Unicode>der</Unicode>
                    </TextEquiv>
                </Word>
                <Word id="r2l25_w5" custom="readingOrder {index:4;}">
                    <Coords points="2999,2024 2999,2084 3161,2084 3161,2024"/>
                    <TextEquiv>
                        <Unicode>Bourges</Unicode>
                    </TextEquiv>
                </Word>
                <Word id="r2l25_w6" custom="readingOrder {index:5;}">
                    <Coords points="3178,2012 3178,2072 3308,2072 3308,2012"/>
                    <TextEquiv>
                        <Unicode>Hammer</Unicode>
                    </TextEquiv>
                </Word>
                <TextEquiv>
                    <Unicode>Gedi n MeHren der Bourges Hammer</Unicode>
                </TextEquiv>
            </TextLine>
            <TextLine id="r2l26" custom="readingOrder {index:25;}">
                <Coords points="2060,2147 2100,2138 2168,2182 2230,2136 2299,2146 2298,2083 2249,2058 2226,2066 2200,2057 2168,2058 2124,2089 2059,2086"/>
                <Baseline points="2067,2139 2095,2139 2123,2139 2151,2138 2179,2136 2207,2135 2235,2135 2263,2136 2291,2138"/>
                <Word id="r2l26_w1" custom="readingOrder {index:0;}">
                    <Coords points="2069,2099 2069,2159 2124,2159 2124,2099"/>
                    <TextEquiv>
                        <Unicode>Och</Unicode>
                    </TextEquiv>
                </Word>
                <Word id="r2l26_w2" custom="readingOrder {index:1;}">
                    <Coords points="2145,2095 2145,2155 2276,2155 2276,2095"/>
                    <TextEquiv>
                        <Unicode>Nosia</Unicode>
                    </TextEquiv>
                </Word>
                <TextEquiv>
                    <Unicode>Och Nosia</Unicode>
                </TextEquiv>
            </TextLine>
            <TextLine id="r2l27" custom="readingOrder {index:26;}">
                <Coords points="2354,2279 2507,2202 2663,2254 2741,2196 2945,2167 3389,2194 3469,2141 3466,2097 3306,2074 3254,2111 3154,2064 3064,2130 3010,2087 2713,2171 2426,2130 2346,2165"/>
                <Baseline points="2357,2213 2412,2211 2467,2207 2522,2204 2578,2201 2633,2198 2688,2193 2743,2188 2799,2185 2854,2180 2909,2175 2964,2171 3020,2166 3075,2162 3130,2159 3185,2154 3241,2151 3296,2148 3351,2145 3406,2144 3462,2142"/>
                <Word id="r2l27_w1" custom="readingOrder {index:0;}">
                    <Coords points="2348,2170 2348,2230 2498,2230 2498,2170"/>
                    <TextEquiv>
                        <Unicode>Rosina</Unicode>
                    </TextEquiv>
                </Word>
                <Word id="r2l27_w2" custom="readingOrder {index:1;}">
                    <Coords points="2536,2161 2536,2221 2598,2221 2598,2161"/>
                    <TextEquiv>
                        <Unicode>Och,</Unicode>
                    </TextEquiv>
                </Word>
                <Word id="r2l27_w3" custom="readingOrder {index:2;}">
                    <Coords points="2610,2158 2610,2218 2649,2218 2649,2158"/>
                    <TextEquiv>
                        <Unicode>so</Unicode>
                    </TextEquiv>
                </Word>
                <Word id="r2l27_w4" custom="readingOrder {index:3;}">
                    <Coords points="2674,2151 2674,2211 2737,2211 2737,2151"/>
                    <TextEquiv>
                        <Unicode>Ein</Unicode>
                    </TextEquiv>
                </Word>
                <Word id="r2l27_w5" custom="readingOrder {index:4;}">
                    <Coords points="2787,2139 2787,2199 2938,2199 2938,2139"/>
                    <TextEquiv>
                        <Unicode>Kindt</Unicode>
                    </TextEquiv>
                </Word>
                <Word id="r2l27_w6" custom="readingOrder {index:5;}">
                    <Coords points="2963,2127 2963,2187 3038,2187 3038,2127"/>
                    <TextEquiv>
                        <Unicode>von</Unicode>
                    </TextEquiv>
                </Word>
                <Word id="r2l27_w7" custom="readingOrder {index:6;}">
                    <Coords points="3075,2118 3075,2178 3202,2178 3202,2118"/>
                    <TextEquiv>
                        <Unicode>Einem</Unicode>
                    </TextEquiv>
                </Word>
                <Word id="r2l27_w8" custom="readingOrder {index:7;}">
                    <Coords points="3251,2105 3251,2165 3440,2165 3440,2105"/>
                    <TextEquiv>
                        <Unicode>Htalicnis</Unicode>
                    </TextEquiv>
                </Word>
                <TextEquiv>
                    <Unicode>Rosina Och, so Ein Kindt von Einem Htalicnis</Unicode>
                </TextEquiv>
            </TextLine>
            <TextLine id="r2l28" custom="readingOrder {index:27;}">
                <Coords points="2044,2235 2080,2223 2156,2255 2188,2240 2234,2252 2248,2237 2273,2238 2317,2213 2316,2155 2281,2142 2221,2141 2166,2183 2087,2146 2043,2162"/>
                <Baseline points="2051,2216 2076,2214 2102,2214 2128,2214 2154,2214 2180,2214 2205,2214 2231,2214 2257,2214 2283,2213 2309,2213"/>
                <Word id="r2l28_w1" custom="readingOrder {index:0;}">
                    <Coords points="2053,2174 2053,2234 2179,2234 2179,2174"/>
                    <TextEquiv>
                        <Unicode>Abani</Unicode>
                    </TextEquiv>
                </Word>
                <Word id="r2l28_w2" custom="readingOrder {index:1;}">
                    <Coords points="2200,2174 2200,2234 2305,2234 2305,2174"/>
                    <TextEquiv>
                        <Unicode>Michel</Unicode>
                    </TextEquiv>
                </Word>
                <TextEquiv>
                    <Unicode>Abani Michel</Unicode>
                </TextEquiv>
            </TextLine>
            <TextLine id="r2l29" custom="readingOrder {index:28;}">
                <Coords points="2317,2349 2562,2292 2621,2333 2798,2258 3414,2255 3409,2187 3112,2165 2717,2211 2662,2254 2553,2210 2311,2266"/>
                <Baseline points="2322,2306 2376,2300 2430,2295 2484,2291 2538,2285 2592,2281 2646,2276 2700,2271 2754,2268 2808,2263 2863,2259 2917,2256 2971,2252 3025,2247 3079,2244 3133,2241 3187,2238 3241,2234 3295,2231 3349,2228 3404,2225"/>
                <Word id="r2l29_w1" custom="readingOrder {index:0;}">
                    <Coords points="2325,2256 2325,2316 2510,2316 2510,2256"/>
                    <TextEquiv>
                        <Unicode>Hafele</Unicode>
                    </TextEquiv>
                </Word>
                <Word id="r2l29_w2" custom="readingOrder {index:1;}">
                    <Coords points="2560,2227 2560,2287 2954,2287 2954,2227"/>
                    <TextEquiv>
                        <Unicode>machtsnahmens</Unicode>
                    </TextEquiv>
                </Word>
                <Word id="r2l29_w3" custom="readingOrder {index:2;}">
                    <Coords points="3004,2202 3004,2262 3201,2262 3201,2202"/>
                    <TextEquiv>
                        <Unicode>Michel</Unicode>
                    </TextEquiv>
                </Word>
                <Word id="r2l29_w4" custom="readingOrder {index:3;}">
                    <Coords points="3237,2189 3237,2249 3398,2249 3398,2189"/>
                    <TextEquiv>
                        <Unicode>Albani</Unicode>
                    </TextEquiv>
                </Word>
                <TextEquiv>
                    <Unicode>Hafele machtsnahmens Michel Albani</Unicode>
                </TextEquiv>
            </TextLine>
            <TextLine id="r2l30" custom="readingOrder {index:29;}">
                <Coords points="2304,2440 2616,2363 2870,2387 2973,2342 3406,2316 3402,2265 3232,2241 3168,2280 2944,2263 2852,2302 2770,2268 2626,2336 2563,2292 2298,2350"/>
                <Baseline points="2307,2385 2361,2382 2416,2380 2470,2376 2525,2373 2579,2370 2634,2367 2688,2363 2743,2360 2797,2356 2852,2352 2907,2348 2961,2344 3016,2338 3070,2334 3125,2330 3179,2325 3234,2319 3288,2315 3343,2309 3398,2304"/>
                <Word id="r2l30_w1" custom="readingOrder {index:0;}">
                    <Coords points="2314,2339 2314,2399 2528,2399 2528,2339"/>
                    <TextEquiv>
                        <Unicode>gerheüget,</Unicode>
                    </TextEquiv>
                </Word>
                <Word id="r2l30_w2" custom="readingOrder {index:1;}">
                    <Coords points="2541,2328 2541,2388 2664,2388 2664,2328"/>
                    <TextEquiv>
                        <Unicode>undt</Unicode>
                    </TextEquiv>
                </Word>
                <Word id="r2l30_w3" custom="readingOrder {index:2;}">
                    <Coords points="2703,2321 2703,2381 2743,2381 2743,2321"/>
                    <TextEquiv>
                        <Unicode>Er</Unicode>
                    </TextEquiv>
                </Word>
                <Word id="r2l30_w4" custom="readingOrder {index:3;}">
                    <Coords points="2771,2311 2771,2371 2946,2371 2946,2311"/>
                    <TextEquiv>
                        <Unicode>darauff</Unicode>
                    </TextEquiv>
                </Word>
                <Word id="r2l30_w5" custom="readingOrder {index:4;}">
                    <Coords points="2959,2301 2959,2361 3011,2361 3011,2301"/>
                    <TextEquiv>
                        <Unicode>hin</Unicode>
                    </TextEquiv>
                </Word>
                <Word id="r2l30_w6" custom="readingOrder {index:5;}">
                    <Coords points="3053,2292 3053,2352 3119,2352 3119,2292"/>
                    <TextEquiv>
                        <Unicode>den</Unicode>
                    </TextEquiv>
                </Word>
                <Word id="r2l30_w7" custom="readingOrder {index:6;}">
                    <Coords points="3160,2278 3160,2338 3322,2338 3322,2278"/>
                    <TextEquiv>
                        <Unicode>weiten</Unicode>
                    </TextEquiv>
                </Word>
                <TextEquiv>
                    <Unicode>gerheüget, undt Er darauff hin den weiten</Unicode>
                </TextEquiv>
            </TextLine>
            <TextLine id="r2l31" custom="readingOrder {index:30;}">
                <Coords points="2304,2520 2407,2474 2544,2523 2623,2471 3188,2494 3483,2427 3480,2366 3325,2323 3061,2402 2984,2370 2867,2421 2751,2378 2570,2444 2300,2445"/>
                <Baseline points="2309,2478 2367,2477 2425,2474 2484,2470 2542,2467 2600,2463 2659,2459 2717,2455 2775,2450 2834,2445 2892,2441 2950,2436 3009,2433 3067,2429 3125,2425 3184,2423 3242,2420 3300,2418 3359,2417 3417,2418 3476,2418"/>
                <Word id="r2l31_w1" custom="readingOrder {index:0;}">
                    <Coords points="2314,2434 2314,2494 2533,2494 2533,2434"/>
                    <TextEquiv>
                        <Unicode>Genammen,</Unicode>
                    </TextEquiv>
                </Word>
                <Word id="r2l31_w2" custom="readingOrder {index:1;}">
                    <Coords points="2557,2423 2557,2483 2617,2483 2617,2423"/>
                    <TextEquiv>
                        <Unicode>ist</Unicode>
                    </TextEquiv>
                </Word>
                <Word id="r2l31_w3" custom="readingOrder {index:2;}">
                    <Coords points="2641,2418 2641,2478 2678,2478 2678,2418"/>
                    <TextEquiv>
                        <Unicode>in</Unicode>
                    </TextEquiv>
                </Word>
                <Word id="r2l31_w4" custom="readingOrder {index:3;}">
                    <Coords points="2714,2413 2714,2473 2762,2473 2762,2413"/>
                    <TextEquiv>
                        <Unicode>die</Unicode>
                    </TextEquiv>
                </Word>
                <Word id="r2l31_w5" custom="readingOrder {index:4;}">
                    <Coords points="2788,2404 2788,2464 2897,2464 2897,2404"/>
                    <TextEquiv>
                        <Unicode>Ober</Unicode>
                    </TextEquiv>
                </Word>
                <Word id="r2l31_w6" custom="readingOrder {index:5;}">
                    <Coords points="2921,2390 2921,2450 3176,2450 3176,2390"/>
                    <TextEquiv>
                        <Unicode>Chorgächtl.</Unicode>
                    </TextEquiv>
                </Word>
                <Word id="r2l31_w7" custom="readingOrder {index:6;}">
                    <Coords points="3188,2377 3188,2437 3479,2437 3479,2377"/>
                    <TextEquiv>
                        <Unicode>gfangeschafften</Unicode>
                    </TextEquiv>
                </Word>
                <TextEquiv>
                    <Unicode>Genammen, ist in die Ober Chorgächtl. gfangeschafften</Unicode>
                </TextEquiv>
            </TextLine>
            <TextEquiv>
                <Unicode></Unicode>
            </TextEquiv>
        </TextRegion>
        <TextRegion orientation="0.0" id="r3" custom="readingOrder {index:2;}">
            <Coords points="3534,530 3534,683 3555,683 3555,530"/>
            <TextLine id="r3l1" custom="readingOrder {index:0;}">
                <Coords points="3527,631 3534,632 3538,636 3561,636 3568,596 3560,595 3557,590 3548,586 3546,582 3534,582"/>
                <Baseline points="3534,630 3555,633"/>
                <TextEquiv>
                    <Unicode></Unicode>
                </TextEquiv>
            </TextLine>
            <TextEquiv>
                <Unicode></Unicode>
            </TextEquiv>
        </TextRegion>
        <TextRegion orientation="0.0" id="r4" custom="readingOrder {index:3;}">
            <Coords points="3558,463 3558,613 3573,613 3573,463"/>
            <TextLine id="r4l1" custom="readingOrder {index:0;}">
                <Coords points="3551,583 3558,583 3562,578 3580,578 3580,466 3564,463 3558,469 3551,469"/>
                <Baseline points="3558,563 3573,563"/>
                <TextEquiv>
                    <Unicode></Unicode>
                </TextEquiv>
            </TextLine>
            <TextEquiv>
                <Unicode></Unicode>
            </TextEquiv>
        </TextRegion>
    </Page>
</PcGts>
