4032 3024
607 266 699 326 472
722 271 792 331 f.

918 335 954 395 zu
990 327 1185 387 gewohntes
1209 325 1490 385 abbüeßung
1514 337 1685 397 gesetzet
1709 354 1854 414 worden,
1866 370 1928 430 da

928 425 1011 485 Me
1038 419 1121 479 ge
1149 415 1288 475 eret,
1316 415 1384 475 daß
1427 418 1496 478 Sie
1523 422 1606 482 nach
1649 436 1941 496 Verfließung

918 505 1029 565 dieses
1052 505 1152 565 heith
1174 503 1209 563 in
1242 504 1309 564 der
1342 506 1465 566 Statt
1499 509 1578 569 mit
1600 515 1746 575 feuers
1768 528 1936 588 geluldet

914 596 1061 656 sonchen
1075 591 1148 651 den
1179 589 1340 649 fürmig
1369 591 1458 651 nach
1487 594 1560 654 auß
1605 600 1678 660 dem
1723 609 1957 669 landtgeite

917 684 1043 744 werden
1056 682 1207 742 sollte.

964 872 1122 932 Gedul
1150 871 1208 931 an
1266 871 1424 931 Mareh
1510 871 1654 931 helffer
1696 876 1898 936 Gehender

618 890 888 950 WeißHanß

982 967 1051 1027 Vür
1067 968 1248 1028 ersuchen
1305 970 1375 1030 den
1403 972 1529 1032 Hanß
1585 971 1711 1031 Wyß
1768 967 1853 1027 von

598 980 736 1040 kerman
770 969 932 1029 Susanna

923 1060 1244 1120 Wietlißfach
1279 1062 1393 1122 undt
1429 1067 1636 1127 Susanna
1681 1067 1842 1127 Heman

922 1155 1016 1215 Von
1042 1154 1191 1214 Atzeln
1204 1155 1340 1215 sorff
1366 1156 1407 1216 um
1460 1155 1622 1215 gebett
1663 1151 1757 1211 diese
1799 1143 1919 1203 abendt

915 1240 958 1300 zu
1013 1234 1262 1294 Copulirn.

941 1421 1221 1481 Utzenstorff
1259 1421 1311 1481 In
1336 1420 1553 1480 antwort
1579 1417 1668 1477 Ihre
1694 1418 1924 1478 witkeustigen

912 1516 1224 1576 brichtschreibens
1251 1517 1425 1577 volenmine
1438 1517 1538 1577 gnädigen
1563 1516 1651 1576 Herren
1676 1513 1739 1573 hie
1764 1504 1916 1564 lindtes¬

914 1603 1203 1663 gantwortlich
1252 1606 1466 1666 verdeütt
1504 1601 1667 1661 haben.

930 1719 1065 1779 daß
1109 1729 1199 1789 näie
1213 1732 1334 1792 hen
1348 1730 1409 1790 den
1438 1725 1558 1785 Hanß
1602 1715 1721 1775 Wyß
1767 1703 1827 1763 ve
1841 1692 1977 1752 Mitt¬

663 1719 813 1779 oble.

933 1811 1049 1871 sach
1084 1812 1177 1872 mit
1211 1811 1421 1871 Susanna
1478 1803 1665 1863 herman
1699 1793 1792 1853 Ihren
1815 1780 1977 1840 angehörig

933 1901 1029 1961 heüt
1053 1900 1222 1960 abendts
1246 1900 1281 1960 im
1307 1900 1426 1960 gebett
1463 1897 1547 1957 habe
1583 1888 1763 1948 Copalien
1788 1870 1921 1930 laßen.

1017 2030 1302 2090 Shetroffendt
1331 2029 1436 2089 dann
1525 2025 1586 2085 die
1617 2016 1796 2076 Elßbeth
1810 1994 1975 2054 Seidiger

949 2114 1027 2174 auch
1040 2113 1172 2173 füwer
1211 2117 1530 2177 angehonge,
1556 2118 1647 2178 vtor
1675 2111 1792 2171 zweyn
1806 2101 1899 2161 Jahre

596 2116 805 2176 Scheidegge
828 2117 881 2177 Elß

705 2191 712 2251 1
736 2186 830 2246 betl.

937 2203 1020 2263 dem
1060 2202 1171 2262 Jacob
1198 2204 1308 2264 Fary
1350 2209 1461 2269 auff
1488 2209 1557 2269 dem
1612 2201 1735 2261 Mott
1751 2182 1902 2242 krshor

616 2254 703 2314 Frey
741 2255 858 2315 Jacob

924 2287 1098 2347 Stroff
1144 2290 1423 2350 Groffenind
1482 2287 1621 2347 undt
1656 2275 1761 2335 fost
1795 2260 1889 2320 vor

626 2330 788 2390 Eberbard
825 2339 913 2399 Jacob

926 2371 959 2431 14
992 2372 1104 2432 Tagen
1148 2375 1259 2435 auch
1293 2378 1358 2438 dem
1425 2377 1547 2437 Jacob
1581 2364 1814 2424 Eberhardt
1835 2336 1902 2396 von

931 2457 1215 2517 Graffenand
1260 2465 1321 2525 die
1350 2468 1425 2528 Ehe
1455 2462 1770 2522 Versprochen
1830 2427 1890 2487 der

2086 955 2206 1015 Khistes
2219 925 2340 985 Mara¬

2086 1043 2202 1103 Klose
2220 1019 2336 1079 Ehiste

2094 2140 2359 2200 Egg3bald,

2083 2230 2170 2290 Poß
2199 2221 2316 2281 Cat.

2089 2315 2218 2375 Kobel
2250 2306 2325 2366 Hauß

3330 324 3409 384 423
3420 332 3466 392 .

2352 394 2412 454 Die
2437 377 2645 437 Scheyderger
2669 373 2730 433 auch
2754 375 2950 435 bekantlich,
2962 383 3048 443 undt
3084 390 3181 450 beyde
3205 396 3255 456 Sie
3279 403 3437 463 heutrethe

2345 475 2462 535 solen
2490 470 2568 530 ol
2594 470 2661 530 mein
2674 472 2778 532 gnädigen
2791 475 2883 535 Hern
2909 480 2989 540 Jeren
3015 489 3263 549 auffgetragen
3291 494 3382 554 haben

2346 565 2560 625 allhsteitige
2598 563 2811 623 Pfartheyn
2862 565 2951 625 von
2975 567 3063 627 hent
3076 570 3151 630 über
3164 572 3202 632 14
3240 575 3303 635 tag

2365 669 2577 729 farhalten
2603 663 2643 723 zu
2668 657 2855 717 laßen.

2323 805 2397 865 G.
2422 792 2636 852 Ausehendt
2660 781 2748 841 dann
2761 776 2874 836 Maria
2911 771 3048 831 Kuster
3086 769 3149 829 Son
3186 770 3299 830 Achso
3324 772 3373 832 der

2357 892 2650 952 schwängerung
2679 876 2766 936 halb
2797 870 2973 930 beklaget
2987 865 3149 925 Cchristen
3177 860 3324 920 blaser

2387 998 2459 1058 von
2492 976 2732 1036 Laugnauw
2794 963 2878 1023 mit
2908 955 3107 1015 verdeüten,
3128 950 3160 1010 so
3191 946 3263 1006 habe
3296 942 3358 1002 Sie

2369 1080 2565 1140 freylichen
2606 1062 2689 1122 Vor
2730 1053 2958 1113 Wienachst
2978 1048 3009 1108 zu
3061 1044 3257 1104 Limpachin
3288 1032 3413 1092 beysein¬

2388 1174 2476 1234 daß
2535 1146 2842 1206 Withemagdt
2886 1132 3134 1192 beschlaffen,
3165 1122 3223 1182 der
3252 1114 3339 1174 aber

2359 1255 2515 1315 dieser
2540 1240 2734 1300 anklegdt
2757 1225 2939 1285 laugnet
2962 1214 3120 1274 volenin
3144 1206 3240 1266 gnädigen
3252 1203 3337 1263 Heren
3360 1199 3398 1259 hr

2352 1343 2619 1403 auffgetragen
2646 1326 2748 1386 haben
2824 1310 2965 1370 selbige
2991 1301 3016 1361 in
3043 1296 3105 1356 Ihr
3132 1288 3285 1348 heimach
3310 1282 3387 1342 noch

2340 1450 2444 1510 Ahrch
2488 1441 2530 1501 zu
2571 1421 2888 1481 ambsfelhend
2930 1395 3078 1455 ense
3099 1384 3164 1444 hr.
3206 1370 3375 1430 Batinu

2325 1539 2455 1599 sibe
2519 1520 2763 1580 hinweisen,
2797 1497 2943 1557 fahle
2959 1484 3025 1544 Sie
3057 1472 3155 1532 aber
3171 1458 3333 1518 daunde
3349 1445 3463 1505 side

2345 1631 2457 1691 Shue
2506 1611 2668 1671 kindts
2699 1597 2814 1657 ligen
2829 1584 3006 1644 wollte,
3038 1572 3071 1632 so
3103 1560 3264 1620 wedindt
3280 1546 3345 1606 Sie

2354 1699 2671 1759 angesamen,
2720 1680 2784 1740 die
2822 1664 3075 1724 Kusternach
3100 1649 3163 1709 des
3201 1633 3416 1693 Ordnung

2358 1804 2418 1864 de
2455 1796 2527 1856 No
2551 1787 2636 1847 1712
2683 1770 2888 1830 Examinir
2925 1757 2961 1817 und
2972 1750 3045 1810 Mein
3057 1743 3153 1803 gnädigen
3165 1733 3262 1793 Herren
3274 1727 3323 1787 deß

2352 1878 2721 1938 hraußkommenen
2752 1852 2928 1912 berichten
2961 1832 3200 1892 zulaßen.

2336 2042 2396 2102 4.
2408 2030 2661 2090 zumahlen
2708 2014 2768 2074 der
2792 2001 3033 2061 LOßwaldt
3044 1992 3080 2052 an
3116 1988 3165 2048 der
3189 1984 3248 2044 Ehe
3272 1982 3416 2042 welchen

2380 2138 2486 2198 sati
2525 2128 2630 2188 Jost
2657 2117 2722 2177 zur
2762 2099 3065 2159 Kundtschafft
3091 2082 3198 2142 vndes
3224 2077 3329 2137 Hanß

2382 2230 2512 2290 Kobel
2551 2217 2591 2277 in
2617 2206 2721 2266 Ihrem
2759 2185 3007 2245 Consistorial
3047 2165 3177 2225 handel
3203 2152 3424 2212 nambset

2394 2312 2641 2372 behentlich
2661 2293 2712 2353 si
2732 2276 2925 2336 mußen
2962 2250 3209 2310 Vorkeuffig
3226 2235 3297 2295 den
3317 2227 3388 2287 f.

2348 2410 2582 2470 Sandato
2599 2391 2763 2451 Ghreiff
2780 2372 2943 2432 gesagt
2961 2358 3014 2418 zu
3034 2348 3142 2408 habe,
3159 2338 3212 2398 der
3232 2327 3375 2387 wolben
