4032 3024
612 280 708 340 474
740 274 806 334 f.

929 348 1033 408 wahr
1048 350 1137 410 Ihne
1167 350 1271 410 Lobel
1300 350 1331 410 in
1360 350 1464 410 diesen
1493 352 1643 412 handel
1672 361 1822 421 frügen
1851 379 1955 439 undt

956 437 1101 497 beyder
1127 439 1221 499 Caty
1262 440 1394 500 Jostim
1448 446 1567 506 holtz
1580 455 1832 515 angetroffen
1859 467 1967 527 wohen

931 543 971 603 so
998 541 1146 601 finden
1173 539 1255 599 e
1268 539 1348 599 e,
1375 539 1443 599 daß
1483 540 1605 600 dieser
1619 542 1632 602 s
1700 548 1849 608 sabd
1876 556 1969 616 nicht

946 634 1228 694 admissibilius
1255 629 1408 689 sondern
1422 631 1512 691 soll
1563 634 1640 694 zur
1679 643 1974 703 Kundtrschaffte

926 724 1123 784 außang
1148 719 1370 779 abgeleisen
1382 721 1494 781 sein.

936 839 1014 899 Da
1062 832 1296 892 kndtlicher
1328 830 1391 890 der
1422 831 1500 891 H.
1531 833 1766 893 Pfendicnt
1782 840 1954 900 Ersicht

924 922 1051 982 windt,
1074 922 1109 982 zu
1155 921 1446 981 Verhüetung
1505 920 1772 980 Confusionen
1819 922 1934 982 nicht

933 1013 965 1073 so
997 1012 1094 1072 viel
1137 1009 1364 1069 ohngleiche
1406 1007 1623 1067 materin
1633 1008 1677 1068 in
1709 1012 1785 1072 Ein
1839 1021 2000 1081 beieffen

906 1099 1201 1159 zusetzoen,
1225 1096 1390 1156 sondern
1402 1093 1520 1153 selbe
1557 1090 1804 1150 separatim
1841 1090 1876 1150 im

934 1187 1144 1247 besonder
1188 1182 1368 1242 brieffe
1414 1175 1760 1235 Einzutheilen.

921 1381 1050 1441 Noch
1081 1379 1145 1439 Sie
1176 1378 1242 1438 deß
1305 1376 1370 1436 3.
1386 1376 1609 1436 Pfuncer
1625 1376 1770 1436 obigen
1785 1375 1946 1435 schikes

929 1465 1150 1525 ansehende
1185 1466 1349 1526 Maria
1395 1466 1559 1526 Kuster
1594 1463 1676 1523 Ihre
1699 1452 1933 1512 angehorigen

924 1549 1032 1609 undt
1053 1549 1231 1609 Christen
1280 1552 1457 1612 blaser
1498 1549 1567 1609 von
1616 1537 1873 1597 Langnauw

918 1637 1012 1697 auch
1041 1638 1461 1698 verständigen:

871 1844 1217 1904 Härglen.
1232 1835 1326 1895 Iho
1357 1832 1530 1892 bericht
1545 1826 1703 1886 scheiben
1718 1818 1797 1878 habe
1828 1807 1955 1867 Meh.

959 1929 1108 1989 rofnet
1142 1931 1302 1991 welcher
1326 1925 1555 1985 gestalten
1600 1912 1726 1972 Anna
1771 1898 1909 1958 Vögel.

619 1955 777 2015 Böydl.
788 1952 898 2012 Anna

947 2014 1031 2074 Von
1088 2023 1343 2083 Gallmis,
1358 2022 1400 2082 so
1428 2018 1513 2078 sich
1541 2011 1698 2071 glmiche
1740 1998 1839 2058 heith
1853 1985 1982 2045 lag¬

621 2048 824 2108 Schindler
859 2060 916 2120 1.

930 2099 1067 2159 sinder
1094 2103 1217 2163 Ihaen
1271 2107 1584 2167 auffgehalten
1680 2083 1925 2143 egesundte

925 2185 1129 2245 darinder
1154 2189 1282 2249 komen
1346 2194 1447 2254 ohne
1472 2194 1561 2254 daß
1625 2187 1688 2247 Sie
1727 2168 1880 2228 Vorher

914 2272 982 2332 Ihr
1031 2285 1651 2345 schwangerschaffteröffet,
1686 2266 1786 2326 nach
1802 2245 1919 2305 torts
1953 2217 2005 2277 ¬

928 2366 1037 2426 Einen
1070 2375 1258 2435 gelusen
1289 2379 1492 2439 Schindes
1525 2373 1587 2433 vten
1618 2363 1729 2423 Work
1760 2346 1839 2406 zum

920 2455 1093 2515 Statter
1129 2466 1336 2526 deßelben
1353 2470 1633 2530 vonambset,
1667 2451 1806 2511 herwoh
1823 2428 1911 2488 aber

3306 328 3370 388 42
3395 336 3460 396 .

2325 388 2450 448 selte
2465 381 2590 441 spwrach
2607 380 2811 440 gefindert
2842 385 2920 445 und
2951 393 3124 453 honemnet
3155 403 3249 463 fünre
3266 411 3437 471 gewüßen

2335 481 2444 541 herrn
2468 470 2554 530 von
2578 468 2712 528 allhiet
2736 476 2967 536 dießmalen
2980 486 3053 546 aber
3077 492 3161 552 habe
3187 494 3235 554 die
3259 493 3393 553 Mutter

2368 576 2431 636 sich
2456 568 2592 628 sambt
2618 565 2667 625 dem
2718 565 2817 625 Kindt
2842 567 2917 627 auß
2941 571 3004 631 den
3028 576 3128 636 staub
3153 583 3315 643 gemachet
3327 588 3414 648 auch

2343 662 2601 722 behlaußendt,
2614 655 2665 715 wo
2690 655 2756 715 Sie
2768 657 3026 717 hingekommen,
3052 665 3117 725 beß
3155 672 3297 732 wegen
3322 679 3426 739 Ihnen

2345 752 2652 812 auffgetragen
2675 746 2787 806 werden
2834 748 3027 808 trachten
3049 752 3267 812 zuheheleben,
3289 754 3334 814 wo
3357 752 3402 812 die

2314 859 2492 919 Stögel.
2523 844 2744 904 dißmahl
2775 842 2973 902 auffhalte
3016 842 3120 902 undt
3141 840 3255 900 fahls
3276 836 3339 896 Sie

2340 954 2616 1014 zubetretten
2683 941 2840 1001 wäre,
2866 938 2971 998 selbe
2997 937 3154 997 nognädie
3167 933 3260 993 Heren
3273 929 3378 989 halben

2341 1054 2596 1114 zulasen.

2303 1265 2613 1325 Elenbach.
2654 1238 2738 1298 Ver
2758 1226 2903 1286 Elwand
2923 1218 3007 1278 het
3048 1211 3129 1271 hab
3150 1207 3213 1267 sch
3234 1203 3463 1263 beysagen

2377 1355 2541 1415 angeben
2597 1340 2791 1400 Samuel
2846 1320 3011 1380 hengg.
3040 1306 3107 1366 Pt
3121 1293 3384 1353 angehöriges

2084 1413 2201 1473 Halg.
2217 1399 2367 1459 Samit¬

2365 1465 2409 1525 so
2440 1453 2513 1513 vor
2544 1440 2663 1500 baad
2709 1423 2843 1483 Jahre
2872 1410 2962 1470 mit
2978 1399 3112 1459 seines
3141 1382 3381 1442 Germanne

2075 1505 2184 1565 Peine,
2206 1492 2337 1552 Borbau

2359 1549 2422 1609 Ein
2461 1539 2602 1599 Kundt
2616 1523 2821 1583 erzeuget,
2846 1505 2962 1565 undt
2975 1492 3142 1552 selbiges
3169 1477 3296 1537 hinder
3310 1470 3361 1530 Ihm

2337 1634 2629 1694 verlaßen,
2654 1613 2793 1673 undt
2832 1601 2895 1661 hat
2921 1589 3073 1649 begehrt
3098 1576 3162 1636 sich
3174 1570 3263 1630 mit
3276 1561 3377 1621 seines

2329 1729 2624 1789 Schwänigen
2645 1702 2838 1762 bebarn
2879 1682 3048 1742 Seine
3089 1669 3174 1729 vor
3195 1661 3323 1721 Seudb
3344 1653 3473 1713 Ker¬

2334 1819 2495 1879 Ehtliche
2524 1809 2554 1869 zu
2583 1801 2701 1861 kömen
2715 1793 2787 1853 Mine
2804 1786 2921 1846 gnädigen
2935 1776 3053 1836 Herren
3067 1767 3125 1827 beo
3154 1757 3286 1817 habend
3317 1745 3374 1805 diß

2326 1912 2573 1972 gerschft
2595 1897 2733 1957 haub
2755 1881 3002 1941 gescheben
3027 1866 3093 1926 bi
3162 1850 3275 1910 isch
3322 1832 3413 1892 den

2329 2022 2435 2082 Iich
2456 2012 2565 2072 ibes
2586 2002 2627 2062 si
2672 1985 2908 2045 verbechen
2928 1966 3035 2026 wonde
3079 1953 3227 2013 deadit
3250 1943 3398 2003 haben

2333 2111 2515 2171 gedeßen
2542 2102 2632 2162 aber
2660 2092 2750 2152 Ihne
2764 2086 2803 2146 in
2841 2077 2907 2137 die
2933 2069 3012 2129 Hr
3037 2057 3155 2117 Kicht
3206 2041 3443 2101 gefangen¬

2324 2198 2628 2258 schaftsetzen
2693 2166 2933 2226 laßen.
2965 2151 3062 2211 Nun
3093 2139 3253 2199 habende
3269 2127 3381 2187 Mags

2330 2294 2403 2354 die
2435 2281 2748 2341 Nätherkeit,
2762 2264 2837 2324 daß
2869 2255 2927 2315 er
2956 2245 3092 2305 hengg
3136 2233 3242 2293 fünff
3271 2227 3422 2287 tag¬

2321 2385 2482 2445 Länger
2505 2372 2644 2432 darein
2679 2364 2748 2424 alß
2795 2355 2841 2415 die
2876 2346 3060 2406 Ordinayi
3072 2335 3199 2395 straff
3235 2325 3407 2385 Veblich

2331 2466 2491 2526 solle.
2513 2454 2616 2514 Wie
2628 2445 2731 2505 nun
2765 2426 3119 2486 nachverttumb
3164 2399 3415 2459 deßhenggit
