4032 3024
618 258 704 318 476
738 261 791 321 f.

917 322 1160 382 Copulation
1217 320 1264 380 zu
1287 320 1380 380 thun
1414 320 1472 380 sein
1507 322 1647 382 wirdt,
1658 328 1738 388 alß
1785 340 1890 400 wede

923 415 1027 475 Ihnen
1050 422 1352 482 auffgetragen
1411 424 1492 484 Ihne
1539 426 1713 486 heuggi
1748 434 1957 494 Entloders

938 513 1210 573 fortfahren,
1226 515 1312 575 oder
1326 517 1427 577 omen
1441 518 1557 578 gnädigen
1571 520 1671 580 Herer
1701 520 1787 580 Ihro
1801 521 1945 581 weigen

937 598 1369 658 rnngs-grunden,
1403 607 1551 667 fahls
1585 610 1641 670 Sie
1665 611 1767 671 deren
1789 611 1950 671 gsatz¬

924 685 1095 745 meßig
1131 685 1277 745 zuhaben
1350 696 1729 756 vermeinten,
1753 709 1924 769 berichten

939 772 1180 832 zulaßen.

908 964 1008 1024 Sr.
1025 959 1225 1019 Hchaide
1241 961 1390 1021 Jnsul
1441 965 1490 1025 an
1525 969 1590 1029 H.
1625 978 1841 1038 Pffarch.
1858 987 2007 1047 Ehshoff

619 1018 764 1078 ofhl

947 1049 1139 1109 Kelled:
1166 1054 1295 1114 Ihme
1333 1057 1487 1117 obiges
1512 1058 1564 1118 zu
1604 1060 1719 1120 seinen
1783 1064 1900 1124 bacht

932 1132 1392 1192 wüßendtmachen.

899 1328 1256 1388 Lausanne:
1282 1328 1384 1388 Auß
1421 1327 1791 1387 mittkammender
1816 1325 1984 1385 Sappl.

955 1406 1048 1466 undt
1068 1408 1346 1468 beygelegeten
1378 1409 1584 1469 schafften
1616 1402 1895 1462 verdindeten

601 1419 863 1479 Massiust

696 1484 915 1544 Philibert

927 1495 1137 1555 zuersehen
1181 1496 1336 1556 haben,
1369 1498 1447 1558 wie
1481 1496 1568 1556 daß
1613 1491 1680 1551 sich
1712 1479 1901 1539 Philitert

609 1574 833 1634 Fontanet
853 1568 961 1628 Anc.

969 1586 1165 1646 sassicat
1189 1589 1325 1649 Einwer
1362 1587 1584 1647 Verburger
1608 1577 1669 1637 vnd
1707 1562 1916 1622 beschwert

687 1631 886 1691 Maire.

935 1670 1019 1730 daß
1072 1672 1135 1732 Ihr
1168 1672 1273 1732 seine
1315 1667 1590 1727 vorhabenden
1621 1653 1684 1713 Ehe
1758 1635 1854 1695 mit

898 1761 996 1821 Anne
1035 1757 1173 1817 Maie
1222 1753 1458 1813 Fontanet
1506 1745 1545 1805 de
1585 1738 1634 1798 la
1674 1728 1772 1788 Ville
1801 1714 1851 1774 de

894 1834 1111 1894 Finiere
1163 1831 1246 1891 mit
1276 1826 1545 1886 verbünden
1586 1812 1742 1872 laßen
1762 1795 1887 1855 wollet

926 1915 1014 1975 Wie
1038 1913 1077 1973 in
1089 1913 1165 1973 Mein
1177 1912 1278 1972 gnädigen
1290 1912 1390 1972 Herren
1403 1909 1654 1969 hebekant,
1667 1894 1755 1954 was
1767 1881 1843 1941 für

911 1996 1430 2056 weigerungs-goundt
1471 1991 1526 2051 Ihr
1553 1985 1676 2045 wider
1704 1974 1758 2034 die
1772 1955 1963 2015 behiehung

915 2081 1041 2141 dieser
1065 2078 1140 2138 Ehe
1203 2078 1315 2138 haben
1341 2080 1540 2140 möget,
1566 2072 1641 2132 Alß
1690 2056 1816 2116 weider
1828 2039 1854 2099 d

899 2167 1010 2227 Jern
1041 2170 1359 2230 auffgetragen
1374 2170 1661 2230 Pfartheyen
1692 2139 1899 2199 Envetes

890 2260 1174 2320 fortfähren,
1188 2264 1287 2324 oder
1315 2264 1401 2324 aber
1543 2252 1644 2312 n
1672 2229 1842 2289 deselbe

906 2343 1027 2403 fehts
1072 2351 1148 2411 Sie
1178 2353 1254 2413 den
1315 2343 1663 2403 gesatzmeßig
1693 2309 1875 2369 zuhaben

911 2428 1214 2488 komente,
1237 2441 1492 2501 fondelich
1517 2426 1725 2486 berichte
1773 2375 1984 2435 sungen

2079 455 2312 515 Alibia

2101 524 2299 584 pelseo.

2070 651 2120 711 de
2213 600 2288 660 ser

2066 734 2150 794 scg
2183 698 2315 758 Saul

2073 1963 2217 2023 Marsi
2230 1957 2317 2017 Anma

2065 2039 2179 2099 Veliter
2204 2026 2345 2086 fhriden,

3267 316 3351 376 42
3379 324 3436 384 .

2353 395 2494 455 Anna
2535 381 2717 441 Barbara
2746 382 2900 442 Schnell
2941 388 2998 448 den
3041 397 3180 457 Pe.
3195 403 3236 463 de.
3250 405 3293 465 30
3306 410 3420 470 Apr.

2341 492 2486 552 hesthin
2527 474 2651 534 uider
2672 472 2734 532 den
2776 474 2992 534 Vorbehalt,
3014 478 3076 538 daß
3117 481 3169 541 Sie
3179 480 3232 540 sich
3252 476 3367 536 vor¬

2336 594 2386 654 20
2425 575 2526 635 wohe
2576 561 2704 621 nicht
2729 559 2869 619 ehrliche
2919 560 2996 620 undt
3008 563 3098 623 umb
3123 564 3173 624 die
3200 563 3427 623 Erwilligung

2363 676 2425 736 sich
2458 666 2520 726 bey
2553 657 2663 717 Macht
2694 649 2869 709 anmelden
2886 644 2981 704 solle
2996 644 3091 704 vinder
3107 645 3186 705 Ihre
3202 648 3376 708 Ehemann

2352 762 2415 822 den
2451 746 2587 806 Baron
2642 730 2878 790 Vormonitz
2886 724 3067 784 ertheilt,
3085 721 3130 781 ist
3148 720 3401 780 widermahlen

2331 832 2594 892 erschinnen,
2619 813 2727 873 undt
2750 808 2810 868 hat
2836 804 2894 864 sich
2906 802 3111 862 erleütert
3134 799 3350 859 schwenger

2347 928 2483 988 Zusein
2524 912 2608 972 Ston
2660 896 2847 956 Samull
2889 882 3066 942 Tannah
3097 874 3181 934 Son
3201 866 3390 926 Wibli¬

2322 1016 2503 1076 sefuig,
2533 998 2594 1058 der
2624 989 2701 1049 Ihra
2745 978 2837 1038 auch
2866 972 2913 1032 die
2928 968 2988 1028 Ehe
3002 956 3260 1016 Verspreche,
3276 941 3366 1001 und

2351 1120 2416 1180 at
2431 1100 2576 1160 gantz
2592 1078 2783 1138 dtmutig
2816 1057 3072 1117 angehalten,
3104 1044 3168 1104 daß
3201 1037 3281 1097 Ihr
3313 1025 3424 1085 obiges

2327 1201 2495 1261 Genin
2516 1169 2832 1229 nochgelaßen
2873 1145 2979 1205 vndt
3000 1135 3104 1195 Ihre
3148 1116 3440 1176 belilligten

2331 1294 2460 1354 hede
2500 1272 2687 1332 mahten
2742 1247 2874 1307 dieser
2892 1233 2969 1293 Ehr
2987 1222 3079 1282 mit
3098 1213 3174 1273 dem
3211 1201 3398 1261 Tannan

2331 1396 2399 1456 zur
2420 1374 2709 1434 Wolchiefen
2755 1344 2866 1404 Eol.
2887 1324 3044 1384 Retsch
3090 1291 3425 1351 keinrenberder

2351 1470 2795 1530 Eherechtesahzung
2816 1432 2900 1492 nit
2923 1406 3154 1466 diesanaiy
3198 1375 3432 1435 demese¬

2351 1577 2457 1637 soll
2500 1563 2562 1623 des
2585 1546 2734 1606 sapuis
2755 1522 2861 1582 at
2925 1477 3285 1537 farrabliant
3308 1454 3434 1514 aller

2330 1653 2638 1713 umbstnde
2676 1618 2889 1678 Mag.
2908 1596 2965 1656 die
2984 1577 3137 1637 Söcher
3156 1560 3235 1620 per
3253 1544 3445 1604 Vortrag

2332 1740 2457 1800 hutr
2480 1726 2711 1786 beliebige
2752 1677 3172 1737 Erekeunguntigeh
3215 1637 3427 1697 veder.

2363 1888 2581 1948 Erscheit
2614 1871 2748 1931 Keina
2798 1850 2933 1910 Martz
2966 1835 3051 1895 Von
3068 1816 3387 1876 Ottewensingen

2376 1981 2467 2041 und
2530 1962 2700 2022 bringt
2732 1946 2778 2006 an
2809 1937 2871 1997 sie
2887 1922 3056 1982 befinde
3072 1907 3134 1967 sich
3150 1899 3228 1959 sith
3319 1886 3428 1946 wohre

2350 2057 2613 2117 schwanger
2645 2038 2727 2098 Vor
2761 2015 2976 2075 Scheitnoch
3009 1993 3091 2053 Ede
3107 1982 3205 2042 libe
3240 1970 3370 2030 einem

2345 2145 2596 2205 Preostiner
2616 2120 2742 2180 undt
2783 2085 3117 2145 Keibsmache,
3138 2056 3201 2116 de
3244 2041 3328 2101 hre
3348 2028 3431 2088 auch

2349 2237 2398 2297 de
2450 2223 2527 2283 he
2551 2199 2805 2259 sigschet
2830 2174 2906 2234 de
2958 2152 3108 2212 deste
3160 2136 3185 2196 e
3237 2117 3467 2177 bisese

2336 2311 2691 2371 beungesten
2740 2274 2817 2334 de
2842 2242 3144 2302 Keuchemahr
3169 2200 3422 2260 dechesich

2327 2408 2411 2468 des
2470 2382 2727 2442 elesen
2782 2348 2952 2408 shete
3011 2324 3067 2384 i
3122 2307 3181 2367 e
3237 2276 3411 2336 eser

2345 2483 2507 2543 ieter
2537 2466 2672 2526 erte
2699 2440 2947 2500 geset
3000 2411 3056 2471 be
3139 2373 3440 2433 eshleten

2365 2558 2663 2618 dehete
2813 2518 2870 2578 e
2903 2502 3021 2562 ede
3082 2482 3139 2542 e
3200 2463 3351 2523 be¬

3549 526 3563 586 1
