4032 3024
660 251 749 311 478
774 249 852 309 f.

1251 374 1544 434 Montags
1582 369 1637 429 de.
1654 374 1747 434 11.
1765 392 1892 452 Mari
1930 423 2023 483 173

1363 503 1609 563 Prases.

1036 610 1293 670 Mndge
1309 604 1406 664 Hrug
1438 602 1535 662 hero
1584 602 1760 662 Stucke

1436 703 1629 763 sessores

1060 859 1076 919 W
1178 844 1261 904 H.
1294 839 1362 899 d.
1395 839 1530 899 Caup.
1563 846 1613 906 den
1665 862 1899 922 Schrnialet
1915 886 2050 946 deoat

676 1060 880 1120 Fachenon
914 1063 982 1123 Erb

1041 1060 1105 1120 das
1139 1058 1386 1118 Einkommen
1434 1067 1617 1127 schreiben
1665 1074 1763 1134 von
1798 1079 2029 1139 Willschig

660 1155 812 1215 Bretton
842 1150 985 1210 David.

1017 1153 1228 1213 betoffendt
1265 1153 1328 1213 die
1352 1153 1452 1213 Ihres
1490 1156 1664 1216 Tachuron
1739 1159 1813 1219 und
1839 1156 2000 1216 Davib¬

990 1255 1140 1315 Bretton
1174 1253 1255 1313 soll
1278 1252 1359 1312 H.
1382 1249 1577 1309 Grehender
1611 1244 1693 1304 von
1751 1239 1923 1299 Rostens

983 1345 1184 1405 sopeglich
1210 1346 1479 1406 Com̅unicirt
1505 1341 1654 1401 werden.

952 1552 1215 1612 Burins.
1231 1555 1330 1615 Ißs
1363 1558 1545 1618 bericht
1561 1557 1743 1617 schreiben
1792 1554 1875 1614 habe
1907 1550 2006 1610 Mahs

662 1639 842 1699 Hopeaus
884 1650 1001 1710 Daniul

1028 1644 1196 1704 rofnet
1240 1650 1308 1710 sie
1354 1654 1431 1714 daß
1476 1657 1544 1717 der
1577 1653 1757 1713 Daniel
1802 1634 1982 1694 Arpeaut

651 1733 821 1793 Oberlgg
848 1737 993 1797 Barbarn

1022 1736 1129 1796 durch
1144 1741 1236 1801 sein
1251 1745 1449 1805 schreiben
1481 1744 1573 1804 auß
1633 1738 1756 1798 Arnao
1786 1729 1848 1789 die
1863 1721 1940 1781 Ston

1584 1795 1741 1855 geklagte
1759 1780 1870 1840 that¬

973 1830 1064 1890 der
1099 1841 1318 1901 Bakbarn
1356 1850 1575 1910 Aanberfy
1630 1842 1794 1902 gantzich
1812 1820 1996 1880 Merren,

977 1926 1049 1986 bey
1075 1934 1196 1994 solchem
1258 1942 1538 2002 umbstandt
1574 1938 1781 1998 wollende
1807 1926 1867 1986 Hr

978 2015 1113 2075 Ihmn
1131 2029 1398 2089 vndemahlen
1437 2038 1743 2098 auffgetragen
1762 2025 1878 2085 habe
1897 2007 1973 2067 den

976 2115 1181 2175 Arpeaua
1226 2128 1314 2188 noch
1328 2133 1504 2193 mahlen
1534 2122 1843 2182 zuzuschrieben,
1857 2092 1931 2152 und
1945 2077 1974 2137 en

953 2207 1052 2267 Ihnr
1068 2216 1169 2276 hub
1201 2229 1368 2289 keäten,
1403 2236 1468 2296 daß
1518 2235 1569 2295 Er
1602 2229 1684 2289 sehr
1703 2218 1785 2278 wohl
1818 2191 1951 2251 thate

957 2295 1050 2355 wan
1098 2314 1333 2374 frinland
1379 2331 1538 2391 käme
1584 2328 1694 2388 undt
1725 2314 1788 2374 sich
1804 2288 1929 2348 dieser

972 2397 1199 2457 anklegdt
1216 2419 1461 2479 surtificren
1495 2426 1652 2486 wurd,
1689 2416 1740 2476 da
1793 2392 1967 2452 Jedesen

941 2512 1108 2572 Rhn
1140 2512 1189 2572 der
1224 2517 1440 2577 Klägern
1474 2521 1558 2581 der
1590 2516 1723 2576 Kindt
1741 2504 1790 2564 so
1806 2486 1924 2546 larg

2124 893 2280 953 Gubolo,
2303 878 2400 938 Mais

2107 982 2265 1042 Mehome
2286 966 2318 1026 12

2115 2101 2233 2161 Rrin
2261 2107 2380 2167 linsen

2107 2176 2222 2236 Sässer
2242 2181 2369 2241 Elß.

2174 2254 2186 2314 1
2234 2254 2339 2314 beth.

3362 379 3514 439 479.

2380 460 2603 520 überlaßen
2640 460 2686 520 biß
2721 460 2770 520 Sie
2793 463 2888 523 furn
2935 472 3171 532 geständigen
3230 483 3359 543 Vatter
3384 487 3489 547 deßen

2385 566 2484 626 Vor
2508 562 2557 622 dem
2595 560 2753 620 Richter
2778 561 2901 621 stellen
2913 565 3071 625 werde.

2396 749 2561 809 Atract:
2588 742 2657 802 Auß
2699 739 2795 799 Ihrer
2808 739 2959 799 Predus
2986 742 3111 802 habind
3138 745 3193 805 Me
3206 746 3233 806 H
3302 751 3427 811 Genamm

2409 837 2483 897 wie
2504 832 2569 892 daß
2632 828 2782 888 Marie
2815 829 2985 889 Dubolon
3006 830 3059 890 der
3080 837 3444 897 schwangerschafft

2402 935 2495 995 halb
2521 918 2707 978 Eerklager
2733 913 2854 973 Einen
2893 916 3079 976 geküßten
3107 921 3306 981 Mehome
3333 922 3426 982 füren

2396 1014 2670 1074 Schärddiens
2698 1003 2737 1063 zu
2776 1003 2907 1063 Keuff
2933 1003 2972 1063 in
3000 1005 3170 1065 diensten
3196 1009 3446 1069 gelesen,

2404 1118 2471 1178 der
2493 1107 2582 1167 aber
2593 1101 2660 1161 sich
2682 1097 2759 1157 auß
2803 1094 2859 1154 den
2881 1094 2993 1154 Staub
3026 1094 3203 1154 gemachst
3259 1097 3447 1157 deroweyen

2393 1204 2582 1264 dieselben
2644 1189 2769 1249 Ihnen
2794 1181 3109 1241 auffgetragen
3147 1178 3273 1238 haben
3285 1180 3475 1240 wollend,

2360 1304 2434 1364 Sie
2457 1297 2493 1357 in
2517 1292 2566 1352 der
2590 1285 2749 1345 Geußet
2773 1279 2870 1339 nach
2895 1276 2955 1336 der
2992 1273 3174 1333 Ordnung
3210 1273 3246 1333 de
3271 1273 3319 1333 No
3343 1274 3416 1334 172

2365 1383 2603 1443 Examinis,
2628 1379 2729 1439 undt
2766 1376 2905 1436 Hhehls
2942 1372 2992 1432 die
3018 1368 3193 1428 belegern
3218 1363 3306 1423 auff
3331 1356 3432 1416 Ihme

2360 1484 2543 1544 Verharre
2569 1475 2704 1535 wurde
2741 1471 2803 1531 Sie
2815 1469 2902 1529 noch
2926 1466 2988 1526 der
3012 1460 3222 1520 Oordnung
3258 1452 3407 1512 sambt

2397 1577 2463 1637 dem
2492 1567 2667 1627 Bartard
2694 1561 2762 1621 auß
2802 1558 2871 1618 dem
2911 1555 3046 1615 landt
3073 1551 3290 1611 hrwiesen,
3303 1547 3451 1607 andern

2385 1668 2521 1728 fahls
2557 1657 2656 1717 aber,
2668 1651 2780 1711 undt
2804 1645 2866 1705 da
2903 1642 2965 1702 Sie
2989 1639 3101 1699 Eine
3151 1633 3336 1693 andern

2403 1750 2586 1810 beklagn
2610 1741 2658 1801 ud
2682 1738 2743 1798 Mein
2755 1734 2853 1794 gnädigen
2865 1730 2963 1790 Herren
2975 1727 3096 1787 deßer
3134 1723 3463 1783 verständigen

2380 1838 2627 1898 zulaßen.

2372 2007 2679 2067 Ramprent.
2707 1996 2810 2056 auff
2839 1990 2928 2050 das
2942 1985 3189 2045 gesimmende
3220 1977 3452 2037 nachterben

2408 2105 2513 2165 Ihres
2539 2093 2882 2153 Herrschafftehen
2933 2080 2999 2140 oan
3012 2077 3078 2137 min
3091 2071 3197 2131 gnädigen
3210 2064 3314 2124 Herren
3327 2060 3380 2120 den

2393 2199 2575 2259 Liechandt
2608 2187 2756 2247 Gonm,
2768 2181 2882 2241 welchen
2916 2173 3086 2233 Elßbeth
3120 2166 3234 2226 böhler
3257 2163 3315 2223 der
3337 2162 3405 2222 Ehe

2394 2281 2779 2341 undtschwängeung
2813 2273 2915 2333 halb
2948 2269 3187 2329 beklaget,
3198 2266 3469 2326 Einenmonat

2375 2386 2457 2446 Euth
2482 2380 2721 2440 vergannet,
2744 2373 2875 2433 Jehdoch
2910 2368 2970 2428 daß
3006 2365 3054 2425 Er
3078 2363 3150 2423 sich
3173 2359 3447 2419 derzumahlen

2370 2482 2535 2542 allhier
2548 2479 2686 2539 stellen
2699 2476 2825 2536 solle,
2838 2468 3003 2528 welches
3030 2462 3100 2522 Sie
3113 2457 3210 2517 Ihme
3237 2453 3293 2513 zu
3320 2449 3458 2509 seinen

2379 2574 2561 2634 verhalt
2583 2565 2743 2625 eröffnen
2776 2554 2936 2614 verdind
