4032 3024
633 272 724 332 480
750 268 803 328 f.

928 394 1166 454 Lantzburg
1202 386 1332 446 Rraf.
1350 387 1478 447 Med
1496 394 1698 454 Rundolff
1716 406 1826 466 Nogt
1862 421 1975 481 o¬

988 483 1213 543 Troffburg
1249 478 1285 538 in
1309 476 1391 536 den
1440 476 1522 536 mit
1546 478 1606 538 der
1641 486 1831 546 Elisabeth
1856 503 1962 563 Conder

647 528 769 588 Nops
793 518 964 578 Rudolff.

1008 578 1204 638 habenden
1257 569 1505 629 steithande
1518 569 1584 629 Mine
1596 571 1702 631 gnädigen
1715 576 1819 636 Herrn
1832 586 1976 646 Kagendte

652 624 824 684 Hernder
851 609 971 669 Elisa¬

971 681 1185 741 vorstellen
1248 668 1449 728 laßen,
1474 663 1574 723 das
1613 664 1763 724 beliebe
1802 671 1851 731 der
1876 677 1939 737 H.

724 697 737 757 1
762 689 825 749 bech
850 679 889 739 d.

960 775 1221 835 Landtvogt
1255 767 1334 827 auß
1379 760 1538 820 denßen
1573 754 1993 814 hiermittkommender

930 865 1076 925 Sup.
1090 863 1133 923 in
1148 859 1367 919 mehreer
1410 851 1644 911 zuersehen
1673 848 1804 908 haben,
1833 850 1993 910 hirüber

956 958 1145 1018 wollendt
1170 959 1233 1019 den
1245 958 1321 1018 H.
1347 955 1497 1015 Praef.
1524 949 1788 1009 freundtlich
1800 940 1964 1000 ersuchte

954 1048 1141 1108 habenden
1164 1049 1223 1109 dem
1271 1051 1447 1111 Nopt,
1458 1051 1494 1111 in
1517 1050 1552 1110 so
1576 1048 1681 1108 lidt
1728 1043 1764 1103 Er
1787 1034 1939 1094 begändt

937 1147 1050 1207 sein
1080 1150 1221 1210 wirdt,
1250 1151 1490 1211 deßelben
1533 1144 1803 1204 Ambtliche
1846 1124 2003 1184 handt¬

945 1247 1171 1307 bietung
1194 1247 1421 1307 angeder
1516 1235 1789 1295 zulaßen.

959 1448 1172 1508 Murten
1208 1445 1397 1505 Consuli.
1421 1439 1633 1499 Naderm
1684 1434 1734 1494 13
1759 1430 1846 1490 Jarb.
1858 1425 1960 1485 1727.

975 1535 1047 1595 hat
1071 1535 1285 1595 Fhridenrich
1334 1531 1466 1591 fogger
1490 1528 1562 1588 von
1609 1524 1681 1584 St.
1706 1521 1848 1581 Galler
1873 1518 1932 1578 mit

646 1567 781 1627 Hoges
800 1561 951 1621 Fhrider

974 1619 1031 1679 nie
1060 1619 1136 1679 Vor
1165 1619 1242 1679 Unß
1289 1617 1500 1677 bekennet
1539 1611 1595 1671 der
1634 1602 1912 1662 vegstorbenen

785 1618 938 1678 griche.

945 1697 1012 1757 hate
1052 1703 1177 1763 Bigler
1206 1705 1284 1765 von
1362 1697 1614 1757 Wilbingen
1672 1683 1721 1743 die
1750 1675 1808 1735 Ehe
1828 1666 1944 1726 ver¬

648 1727 772 1787 bigleo
785 1721 896 1781 Catr,

951 1789 1129 1849 sprochen,
1142 1786 1294 1846 sondern
1307 1784 1390 1844 auch
1404 1781 1555 1841 selbige
1584 1766 1872 1826 geschwänget
1886 1747 1913 1807 zu

958 1874 1070 1934 haben
1100 1876 1170 1936 und
1211 1876 1353 1936 nahme
1381 1873 1466 1933 auch
1508 1868 1593 1928 Ihr
1635 1862 1707 1922 vor
1735 1845 1960 1905 ohngeehrte

927 1958 1027 2018 Sied
1052 1958 1176 2018 Jahren
1226 1960 1301 2020 zur
1326 1961 1425 2021 welt
1452 1956 1650 2016 gebohrne
1676 1934 1889 1994 Knäblin¬

943 2035 1134 2095 nahmens
1170 2041 1349 2101 Fröidenaich
1373 2039 1420 2099 alß
1457 2035 1588 2095 Ehelich
1611 2027 1672 2087 an,
1683 2020 1767 2080 undt
1779 2012 1826 2072 hat
1838 2000 1933 2060 deßen

934 2115 1263 2175 angelobt:
1289 2125 1526 2185 Dißmahl
1552 2118 1618 2178 ist
1643 2111 1697 2171 der
1722 2099 1827 2159 Mann
1855 2079 1906 2139 bey

938 2196 1041 2256 denn
1070 2201 1115 2261 der
1143 2207 1289 2267 Junge
1320 2211 1451 2271 Corger
1480 2204 1744 2264 Wertischgelt,
1759 2182 1832 2242 und
1861 2167 1906 2227 hat

929 2286 1175 2346 verlauget,
1189 2293 1271 2353 daß
1312 2297 1490 2357 dermehlr
1532 2288 1709 2348 deselbe
1751 2271 1819 2331 und
1847 2251 1944 2311 die¬

924 2377 1253 2437 Verfösigung
1301 2385 1547 2445 befeidiget
1566 2371 1680 2431 werde
1712 2346 1844 2406 möchte

909 2459 1038 2519 undt
1060 2469 1147 2529 hat
1171 2475 1213 2535 in
1234 2479 1388 2539 seinen
1409 2472 1804 2532 angebaht,dese
1825 2421 1958 2481 se

907 2533 1025 2593 4Bor
1048 2540 1112 2600 Unß
1156 2550 1328 2610 ebscheinech

3327 359 3417 419 484
3442 364 3495 424 .

2369 461 2418 521 sey
2469 457 2519 517 Ein
2544 453 2793 513 Goldtschundt,
2806 454 2893 514 undt
2905 456 3029 516 befinde
3055 457 3104 517 sich
3129 461 3315 521 dißmahlen
3341 464 3378 524 zu

2363 550 2524 610 Murten
2535 543 2569 603 in
2591 539 2763 599 diensten,
2785 541 2968 601 derowegen
2981 545 3073 605 Ihme
3095 548 3278 608 anbefehlen
3301 544 3428 604 werde.

2362 634 2472 694 diese
2499 627 2637 687 Höpper
2664 626 2733 686 von
2760 626 2843 686 heit
2857 628 2940 688 über
2954 629 3037 689 aicht
3064 631 3147 691 tage
3160 628 3354 688 horhalten

2378 716 2609 776 zulßer.

2394 868 2594 928 Worb.
2626 856 2857 916 Suersuche,
2872 853 3012 913 Ineße
3042 851 3088 911 der
3103 849 3195 909 Jung
3227 843 3365 903 höyger

2150 924 2276 984 .

2359 958 2488 1018 hinder
2516 951 2601 1011 Ihnn
2631 940 2916 1000 zuegedalten.

2361 1118 2551 1178 Gaobara
2587 1114 2730 1174 Gkrob
2742 1113 2777 1173 in
2802 1111 2921 1171 dieste
2944 1108 3016 1168 Hr
3040 1106 3170 1166 Samuel
3207 1104 3302 1164 dicker,
3314 1103 3338 1163 so
3349 1102 3398 1162 sich

2385 1202 2592 1262 schwangern
2642 1196 2740 1256 leibe
2776 1192 2947 1252 befinden
2959 1189 3059 1249 soll,
3071 1186 3156 1246 soll
3181 1186 3266 1246 auff
3290 1184 3488 1244 künfftigen

2116 1201 2229 1261 Werb
2256 1181 2354 1241 barbe

2199 1239 2281 1299 ra.

2352 1291 2526 1351 Montag
2556 1284 2672 1344 Eitiet
2686 1279 2861 1339 worten:

2367 1440 2516 1500 bringt
2540 1431 2591 1491 die
2603 1426 2665 1486 vas
2689 1414 2964 1474 Mhemuttran
3025 1405 3088 1465 die
3100 1402 3224 1462 Uosula
3261 1399 3434 1459 Ganting

2112 1533 2271 1593 Ganting
2283 1529 2358 1589 lesil
2370 1525 2443 1585 seye
2481 1521 2517 1581 den
2541 1517 2578 1577 5.
2602 1513 2652 1573 diß
2701 1504 2836 1564 Kindts
2860 1495 2995 1555 gnosen,
3021 1486 3106 1546 undt
3118 1481 3217 1541 auff
3229 1477 3291 1537 dem

2373 1604 2667 1664 Lostbeklagten
2703 1589 2850 1649 Heinrich
2874 1579 3021 1639 Ekhart
3046 1571 3106 1631 auß
3156 1562 3291 1622 Sachsen
3315 1551 3426 1611 Ver¬

2096 1610 2353 1670 Ehartheich.

2385 1702 2495 1762 haret
2508 1694 2618 1754 seye.
2632 1685 2729 1745 Conl.
2756 1678 2825 1738 ol
2839 1671 2922 1731 nach
2935 1666 2990 1726 der
3017 1654 3237 1714 Kindtbett,
3252 1641 3430 1701 erscheinen

2386 1865 2522 1925 Wardt
2553 1861 2604 1921 H.
2615 1858 2698 1918 Hean
2740 1853 2865 1913 Henri
2906 1844 3093 1904 Quilibert
3114 1838 3188 1898 Vor
3208 1830 3459 1890 Nükenburg.

2085 1883 2263 1943 Geilibert
2275 1873 2366 1933 San¬

2377 1951 2605 2011 bewilliget
2626 1941 2689 2001 mit
2730 1934 2835 1994 Igfr.
2845 1926 3001 1986 Catrina
3042 1916 3293 1976 Wittenbach
3323 1911 3397 1971 von

2152 1941 2305 2001 Henri.

2386 2035 2534 2095 allhier
2557 2022 2694 2082 Kirchen
2716 2013 2807 2073 Reht
2853 2003 2978 2063 halte
3013 1993 3206 2053 zukömen
3240 1983 3399 2043 Jehdoh

2077 2024 2315 2084 Weittenbach

2131 2075 2361 2135 Cathanila:

2371 2123 2449 2183 daß
2490 2115 2529 2175 Er
2555 2109 2595 2169 zu
2621 2103 2714 2163 Vor
2740 2096 2792 2156 den
2805 2092 2871 2152 H.
2897 2081 3134 2141 fordianten,
3160 2067 3291 2127 umb
3319 2060 3384 2120 die

2371 2198 2617 2258 Einseynung
2640 2183 2781 2243 ersucht
2804 2173 2909 2233 ward,
2945 2163 3027 2223 eine
3062 2146 3415 2206 bewilligungs¬

2361 2287 2551 2347 Altuna
2577 2270 2645 2330 Ste
2684 2253 2915 2313 Neülenburg
2942 2235 3171 2295 auffweisen
3184 2221 3335 2281 solle.

2344 2423 2483 2483 Shdul
2522 2411 2560 2471 an
2597 2401 2827 2461 mnHHen
2840 2394 2917 2454 Hol
3004 2385 3195 2445 Magner,
3209 2377 3285 2437 Ihne
3311 2371 3349 2431 zu

2093 2464 2241 2524 obI.

2355 2497 2601 2557 Erzeüchung
2627 2488 2688 2548 deß
2725 2480 2899 2540 gewohnt
2924 2466 3097 2526 abhugs
3121 2458 3184 2518 deß
3221 2449 3345 2509 obigen

2374 2560 2605 2620 berichte.
