4032 3024
677 261 777 321 482
807 250 865 310 f.

676 514 686 574 v
722 511 913 571 Käuel:

675 1622 802 1682 lagen
830 1617 957 1677 Eother.

965 380 1283 440 Rechenbaus
1312 370 1364 430 be
1416 370 1552 430 el.
1578 388 1895 448 Hamnserch
1950 426 2032 486 e.

1004 467 1172 527 frgenuß
1233 458 1341 518 wegen
1365 457 1438 517 deß
1487 459 1655 519 allhier
1667 464 1739 524 sich
1775 479 1982 539 befindenden

1008 558 1093 618 Von
1128 546 1298 606 Kauebe
1335 544 1420 604 Ihre
1443 549 1733 609 angehöngen
1794 565 1975 625 somitseire

993 636 1291 696 obnsopulirten
1335 632 1478 692 Tianen
1534 636 1648 696 schon
1690 649 2004 709 Kinderezeiget

983 723 1137 783 gehoben
1151 718 1305 778 werden:
1329 718 1508 778 Wollind
1520 721 1592 781 Mein
1604 724 1699 784 gnädigen
1711 729 1807 789 Herren
1820 736 1916 796 Ihnen

1002 809 1272 869 auffgetragen
1309 803 1481 863 haben,
1519 805 1777 865 Entweders
1801 819 2035 879 Siefortsahren

1001 898 1098 958 vndt
1134 896 1195 956 Ihr
1232 895 1303 955 Ehe
1352 897 1583 957 bezeuchen
1619 900 1656 960 zu
1692 901 1838 961 laßen
1861 900 1934 960 oder

985 986 1010 1046 ab
1034 988 1084 1048 en
1096 988 1184 1048 gndgen
1196 989 1309 1049 Hrrn
1321 989 1408 1049 Ihoro
1446 989 1957 1049 veigerungs-grunden

991 1084 1115 1144 fahls
1139 1081 1188 1141 Sie
1226 1079 1324 1139 dern
1362 1076 1671 1136 gsatzmeßig
1720 1074 1758 1134 zu
1782 1073 1882 1133 haben
1894 1072 2006 1132 ver¬

998 1169 1171 1229 meite,
1195 1169 1416 1229 fürderlich
1453 1171 1601 1231 brichten
1650 1166 1871 1226 zulaßen.

984 1285 1187 1345 Nobige
1213 1285 1334 1345 beyde
1361 1285 1483 1345 sollen
1510 1286 1631 1346 durch
1644 1284 1712 1344 den
1739 1280 1941 1340 Ehorweibl

978 1367 1072 1427 über
1086 1369 1126 1429 14
1167 1370 1234 1430 tag
1262 1372 1396 1432 Cotirt
1424 1372 1599 1432 werdern

983 1534 1228 1594 Morsel.
1243 1535 1335 1595 Auß
1397 1537 1489 1597 Ihre
1519 1534 1797 1594 Eingesandter
1812 1528 1966 1588 Krander

987 1621 1137 1681 Pundt
1160 1622 1516 1682 darbeygelegene
1586 1613 1885 1673 Kundtschafft
1908 1603 2035 1663 außagen

976 1702 1131 1762 habende
1158 1703 1234 1763 Me
1261 1705 1352 1765 He
1378 1707 1390 1767 e
1403 1708 1547 1768 seher,
1559 1706 1637 1766 wie
1663 1704 1741 1764 daß
1792 1697 1857 1757 die
1870 1688 1986 1748 Citler

992 1783 1095 1843 hagen
1131 1785 1216 1845 von
1262 1788 1476 1848 Ferreire
1522 1787 1597 1847 der
1634 1779 1839 1839 Violation
1887 1760 1951 1820 halb

991 1871 1171 1931 Beklage
1204 1873 1317 1933 wern
1386 1873 1554 1933 herren,
1577 1868 1690 1928 dern
1712 1857 1881 1917 nahmen
1892 1842 2005 1902 solichs

971 1959 1045 2019 Ihra
1089 1961 1149 2021 alß
1193 1963 1252 2023 die
1282 1966 1608 2026 Kundtschafft
1639 1951 1832 2011 außags
1846 1924 2041 1984 Rabtwost¬

972 2041 1085 2101 Wie
1101 2047 1182 2107 nun
1216 2053 1344 2113 dieser
1376 2056 1473 2116 sochn
1491 2054 1620 2114 mahr
1685 2041 1847 2101 nochandt
1863 2024 1944 2084 geg

975 2130 1201 2190 erheiteret
1228 2146 1479 2206 anscheinet,
1493 2150 1556 2210 alß
1606 2142 1784 2202 wollendt
1809 2120 1960 2180 dieselbe

979 2218 1091 2278 Ihne
1121 2233 1402 2293 auffgetragen
1430 2235 1544 2295 haben
1586 2230 1656 2290 die
1700 2205 1995 2265 Kundtschaffte

957 2308 1157 2368 Geneütder
1199 2319 1292 2379 undt
1319 2324 1413 2384 auch
1441 2325 1508 2385 Sie
1534 2323 1602 2383 die
1628 2314 1789 2374 Klegein
1817 2289 1938 2349 gantz

947 2390 1260 2450 ernstmeinendt
1303 2405 1359 2465 zu
1387 2411 1616 2471 vernemnen
1659 2401 1759 2461 undt
1787 2385 1858 2445 das
1872 2353 2045 2413 hreußa¬

974 2484 1182 2544 kommende
1245 2495 1428 2555 berichte
1480 2495 1518 2555 zu
1543 2487 1751 2547 laßen.

3388 358 3480 418 483

2387 400 2652 460 Demnach
2676 397 2762 457 Jean
2798 397 2908 457 Piere
2944 400 2992 460 Du
3017 404 3174 464 Monlin
3187 410 3247 470 son
3283 415 3393 475 Mitlit
3405 418 3489 478 undt

2402 481 2621 541 taequelitre
2648 475 2774 535 dubvis
2800 473 2885 533 Eine
2910 475 3131 535 Wittfrauw
3181 476 3300 536 allhier
3317 479 3494 539 wohnhafft

2422 556 2633 616 Einandern
2655 553 2800 613 hiewos
2843 553 2888 613 die
2921 554 2977 614 ehe
3010 558 3288 618 versprechen
3333 556 3400 616 von

2144 558 2350 618 JecMaulin

2155 636 2232 696 Gern
2254 616 2351 676 Pere

2435 644 2539 704 dieses
2562 638 2655 698 Ihrer
2678 635 3013 695 EheVerpfachung
3035 637 3117 697 aber
3151 637 3418 697 guttwillig¬

2125 714 2248 774 Dubris
2261 684 2411 744 Sougue.

2402 742 2514 802 beyde
2544 730 2768 790 widerumb
2788 724 3132 784 abgestanden,
3154 721 3234 781 Unß
3286 721 3376 781 aber

2173 758 2303 818 plirs.

2395 827 2523 887 anbey
2554 819 2597 879 der
2629 810 2820 870 daharigen
2841 803 2990 863 kösten
3043 797 3138 857 halb
3169 792 3276 852 alleß
3318 788 3361 848 im

2382 906 2697 966 freundtlichkeit
2716 892 2815 952 undt
2844 883 3031 943 absolute
3091 874 3326 934 beyzulegen
3357 866 3525 926 antrr¬

2399 985 2580 1045 traulet
2606 973 2709 1033 undt
2722 968 2928 1028 ersuchet,
2954 965 3031 1025 daß
3082 960 3276 1020 dherolegen
3289 947 3379 1007 Wir

2384 1070 2416 1130 in
2459 1057 2643 1117 bedenken
2685 1047 2859 1107 beyderen
2923 1040 3203 1100 guttwilligen
3213 1027 3419 1087 abstehend

2386 1151 2560 1211 sothane
2585 1132 2972 1192 Eheversprechung
3009 1120 3271 1180 auffgehoben
3295 1108 3409 1168 undt

2386 1245 2556 1305 beydein
2601 1229 2771 1289 vorige
2838 1219 3031 1279 Erbeyheit
3054 1211 3223 1271 gesetzet,
3247 1196 3440 1256 worbey¬

2369 1335 2520 1395 Wie
2539 1320 2610 1380 die
2640 1309 2800 1369 Wittib
2851 1300 2991 1360 Dubois
3021 1287 3393 1347 außerheblichen

2383 1411 2544 1471 grunden
2609 1395 2726 1455 dahin
2758 1384 2962 1444 vrrfelt,
2994 1376 3080 1436 daß
3134 1369 3197 1429 Sie
3220 1360 3295 1420 der
3327 1345 3467 1405 dn¬

2372 1488 2543 1548 Montin
2571 1478 2648 1538 für
2677 1472 2771 1532 seine
2801 1463 3019 1523 distörtige
3047 1447 3363 1507 Versaumbnuß
3391 1428 3485 1488 undt

2370 1576 2516 1636 Köstel
2538 1567 2569 1627 in
2610 1560 2714 1620 allen
2788 1548 2966 1608 dießtig
2986 1540 3113 1600 thaler
3154 1527 3363 1587 bezahlen,
3384 1516 3467 1576 das

2374 1658 2448 1718 was
2481 1650 2533 1710 Sie
2566 1644 2631 1704 von
2684 1638 2769 1698 Ihme
2801 1630 3068 1690 Empfangen
3112 1617 3304 1677 Entwedes
3325 1609 3336 1669 w

2386 1738 2531 1798 natura
2568 1722 2813 1782 restituiren
2886 1712 2968 1772 oder
2995 1706 3141 1766 billiche
3159 1694 3376 1754 ersetzung

2384 1819 2464 1879 noch
2512 1806 2791 1866 verständiges
2827 1798 2966 1858 leüthen
2989 1790 3165 1850 schetzung
3199 1780 3293 1840 thun
3339 1767 3444 1827 undt

2384 1913 2463 1973 die
2489 1900 2659 1960 heutige
2686 1883 2961 1943 Emolumenta
2987 1869 3185 1929 enbuchten
3198 1860 3330 1920 solle:

2360 2072 2677 2132 Kilchdorff.
2691 2058 2743 2118 Sie
2756 2056 2956 2116 ersuchen,
2969 2054 3074 2114 wegen
3100 2053 3154 2113 daß
3180 2044 3391 2104 fngesetzten

2410 2168 2498 2228 habn
2532 2162 2708 2222 Wäber,
2730 2156 2797 2216 den
2830 2152 2962 2212 nahern
3028 2145 3160 2205 beacht,
3171 2142 3227 2202 wo
3260 2138 3304 2198 Es
3327 2135 3371 2195 sich

2125 2185 2258 2245 Wäber
2283 2183 2381 2243 bab.

2370 2248 2615 2308 auffgehalten,
2626 2241 2722 2301 undt
2744 2237 2808 2297 was
2829 2235 2872 2295 Er
2894 2232 2958 2292 für
2980 2230 3043 2290 fir
3075 2225 3301 2285 bewandtnuß
3333 2222 3375 2282 er
3408 2220 3482 2280 mit

2368 2333 2489 2393 dhenen
2513 2323 2745 2383 zweylesten
2770 2317 2904 2377 Kinder
2940 2314 3049 2374 habe,
3073 2311 3269 2371 Vonheit
3293 2309 3366 2369 über
3390 2309 3476 2369 acht

2387 2419 2454 2479 tag
2493 2401 2744 2461 huüberseide
2783 2394 2880 2454 undt
2899 2393 2966 2453 hinn
2985 2392 3265 2452 außgeschoßen
3313 2385 3372 2445 der
3401 2379 3478 2439 von

2366 2499 2471 2559 dise
2486 2491 2547 2551 soch
2578 2480 2851 2540 weßerschaft
2866 2473 2971 2533 hatt,
2988 2467 3322 2527 midthuschibe.
