4032 3024
635 256 843 316 4846.

943 385 1266 445 Insoltingen:
1303 385 1411 445 Babi
1446 391 1591 451 Wäber
1614 402 1710 462 von
1734 423 1974 483 Mählidorf

984 477 1063 537 Kog
1096 473 1159 533 des
1177 469 1464 529 schwängrung
1498 474 1578 534 sith
1594 479 1657 539 dem
1690 491 1818 551 besten
1834 513 1980 573 Hoß¬

627 489 736 549 Mioso
751 485 956 545 Haubtemön¬

985 564 1101 624 nechst
1125 559 1310 619 Märitan
1379 557 1449 617 der
1495 562 1762 622 haubtmann
1785 574 1889 634 Moste

639 578 775 638 Mäber
798 571 934 631 babi.

952 656 1000 716 an
1024 652 1085 712 der
1121 647 1340 707 Glüsch.
1364 644 1497 704 dahero
1533 645 1630 705 Ihne
1655 650 1909 710 auffgetogen

970 734 1099 794 werde,
1111 736 1216 796 selbs
1227 735 1323 795 über
1357 733 1462 793 acht
1487 731 1557 791 tag
1592 731 1781 791 forhalten
1815 740 1993 800 zulaßen.

954 884 1203 944 Vollingen
1254 893 1467 953 Bendicht
1491 902 1641 962 Röhrer
1692 913 1755 973 Ihr
1767 926 1966 986 angehünger

1001 981 1245 1041 Mithshauß
1307 979 1479 1039 Knecht
1527 979 1588 1039 bey
1626 981 1686 1041 der
1723 992 1967 1052 Popernicht

643 999 773 1059 Rohres
811 989 966 1049 bendicht

644 1081 781 1141 Waber
810 1069 910 1129 bobe.

962 1075 1040 1135 soll
1078 1078 1183 1138 durch
1196 1078 1248 1138 de
1274 1078 1520 1138 Profosen
1638 1081 1741 1141 Von
1781 1089 1950 1149 bolligen

963 1164 996 1224 in
1018 1162 1074 1222 der
1096 1160 1252 1220 Scheüter
1297 1159 1387 1219 auff
1409 1159 1464 1219 dem
1520 1160 1643 1220 Heute
1665 1163 1698 1223 in
1732 1168 1910 1228 flaganti

955 1248 1105 1308 Relito
1132 1247 1201 1307 mit
1228 1250 1324 1310 Eine
1393 1256 1558 1316 Weibs
1585 1261 1598 1321 3
1625 1264 1790 1324 Persohn
1844 1261 1913 1321 von

953 1331 1241 1391 Mühlidooff
1263 1339 1459 1399 nahmens
1506 1347 1667 1407 babl.
1702 1346 1840 1406 Wäber

959 1421 1205 1481 angetroffen
1216 1426 1357 1486 worden
1394 1432 1498 1492 sein,
1523 1433 1605 1493 alß
1653 1428 1817 1488 sollendt
1840 1416 1887 1476 bie

941 1510 1067 1570 selben
1083 1513 1178 1573 über
1209 1519 1304 1579 acht
1319 1522 1415 1582 stag
1461 1527 1793 1587 harhalten.

1097 1766 1394 1826 Montags
1426 1772 1473 1832 den
1488 1775 1567 1835 18.
1582 1778 1708 1838 May
1754 1776 1879 1836 1732.

971 1888 1233 1948 Uubenstatt
1251 1891 1365 1951 sond.
1399 1892 1447 1952 So
1481 1892 1563 1952 bald
1595 1894 1679 1954 wir
1711 1895 1827 1955 Eaber
1859 1898 1960 1958 etc.

622 1900 759 1960 Charles
778 1901 827 1961 Atre
847 1906 955 1966 Marie.

944 1986 1109 2046 schreiben
1150 1992 1222 2052 vom
1264 1994 1347 2054 13.
1367 1993 1429 2053 diß
1492 1987 1719 2047 erhalten,
1729 1979 1844 2039 haben
1884 1971 1967 2031 sis

931 2071 1011 2131 also
1039 2077 1121 2137 bald
1148 2080 1201 2140 sen
1243 2085 1515 2145 genesenen
1542 2083 1706 2143 befelch
1719 2080 1881 2140 erteiltn
1896 2076 1992 2136 laßen

932 2169 988 2229 daß
1046 2173 1101 2233 sie
1131 2179 1230 2239 And
1258 2185 1385 2245 Marie
1429 2189 1597 2249 Charles
1611 2185 1697 2245 von
1711 2177 1824 2237 Mer
1867 2158 1953 2218 So¬

914 2264 1018 2324 Vnß
1048 2270 1198 2330 cittiert
1213 2278 1378 2338 berde,
1392 2281 1588 2341 dieselbe
1603 2276 1678 2336 ist
1693 2271 1768 2331 auch
1797 2261 1873 2321 heit
1887 2250 1962 2310 daso

911 2365 980 2425 vor
1010 2370 1093 2430 Vnß
1122 2379 1345 2439 erschunen,
1374 2383 1443 2443 und
1471 2382 1569 2442 hatt
1599 2378 1682 2438 auf
1709 2364 1920 2424 anhörung

903 2469 1067 2529 Eübers
1115 2479 1198 2539 Ser
1262 2485 1525 2545 versprochen
1557 2481 1623 2541 sich
1655 2476 1720 2536 vor
1754 2456 1950 2516 fuberenen

3299 341 3362 401 48
3408 351 3504 411 e.

2515 418 2797 478 Montags
2813 424 2857 484 den
2871 427 2931 487 18.
2961 435 3064 495 May.
3080 437 3200 497 1733.

2730 541 2919 601 Pheres.

2378 667 2569 727 Mar.
2627 661 2646 721 r
2685 661 2762 721 her
2799 657 2953 717 Stückr

2737 772 2960 832 Assessores

2386 941 2575 1001 Me.
2616 937 2701 997 er.
2724 937 2893 997 Aagst.
2913 939 2975 999 Ger
3018 942 3144 1002 Grent
3187 947 3228 1007 oh
3251 952 3421 1012 sestes.

2541 1044 2601 1104 H.
2614 1028 2774 1088 Sigmund
2798 1024 2922 1084 Stiger
2958 1027 3192 1087 Statthalter

2343 1148 2544 1208 Tribunal
2569 1142 2618 1202 zu
2657 1138 2832 1198 stellen,
2858 1135 3059 1195 benebens
3097 1135 3172 1195 Wes
3197 1137 3436 1197 hemuetigst

2353 1239 2565 1299 Ersucht,
2589 1230 2683 1290 wir
2718 1222 2872 1282 geruhen
2896 1216 3061 1276 möchten
3085 1214 3133 1274 sie
3168 1214 3227 1274 als
3239 1214 3334 1274 eine

2333 1327 2569 1387 mittellose
2626 1318 2681 1378 bey
2726 1312 2806 1372 Euch
2828 1308 2873 1368 etc.
2896 1304 2974 1364 dahy
2997 1301 3043 1361 an
3076 1299 3110 1359 zu
3154 1294 3436 1354 Recomendieren

2327 1423 2408 1483 daß
2464 1413 2561 1473 ihre
2602 1405 2671 1465 das
2699 1400 2795 1460 kind
2836 1396 2863 1456 zu
2919 1390 3126 1450 veroflag,
3140 1387 3194 1447 deß
3237 1387 3442 1447 beklagten

2336 1508 2502 1568 fübers
2559 1492 2861 1552 verbürgerten
2907 1476 3152 1536 abgenommen
3174 1471 3309 1531 werden
3342 1471 3443 1531 möchte

2324 1600 2410 1660 Wie
2452 1592 2559 1652 nun
2624 1581 2784 1641 diesere
2827 1573 2912 1633 sach
2945 1568 3008 1628 sich
3041 1565 3115 1625 auf
3148 1563 3212 1623 alle
3243 1562 3436 1622 billichkeit

2335 1681 2579 1741 gründet;
2613 1671 2694 1731 Als
2729 1664 2902 1724 tragend
2938 1657 3019 1717 wir
3042 1655 3076 1715 an
3123 1654 3182 1714 der
3205 1651 3401 1711 Willfahr

2333 1786 2449 1846 beim
2482 1779 2645 1839 Zeifel
2695 1767 2779 1827 etc.

2085 1911 2229 1971 Aagner
2257 1913 2508 1973 AaShrugg
2547 1906 2667 1966 Cons.
2693 1901 2774 1961 Ihr
2800 1894 2920 1954 bericht
2959 1887 2999 1947 oe
3012 1883 3105 1943 Mmen
3118 1878 3223 1938 gnädigen
3236 1875 3343 1935 Herre
3369 1874 3396 1934 zu

2348 1993 2589 2053 vernemmen
2632 1981 2840 2041 gegeben,
2861 1971 2948 2031 bie,
2960 1967 3014 2027 daß
3057 1961 3112 2021 sie
3134 1955 3233 2015 Anna
3254 1947 3428 2007 Cadveles

2082 2038 2163 2098 lager
2176 2039 2313 2099 Cathri

2340 2090 2418 2150 vor
2444 2081 2574 2141 Ihnen
2612 2072 2678 2132 der
2690 2064 2846 2124 ledigen
2872 2051 3041 2111 fähleten
3080 2042 3146 2102 und
3171 2039 3236 2099 E.
3249 2035 3456 2095 Ehebruchen

2331 2174 2553 2234 bekantlich
2584 2158 2766 2218 worden,
2786 2144 2867 2204 und
2896 2133 2977 2193 habe
3007 2123 3108 2183 eine
3139 2115 3270 2175 Junge
3300 2111 3451 2171 Wittib

2344 2260 2548 2320 nahmens
2575 2241 2792 2301 Catharira
2834 2222 2955 2282 Egger
2997 2211 3105 2271 sarzu
3145 2196 3458 2256 underschlauff

2347 2354 2568 2414 gegeben.
2599 2339 2663 2399 al
2789 2322 2853 2382 en
2868 2312 2994 2372 gnädige
3027 2299 3120 2359 Herde
3184 2285 3263 2345 ile
3279 2277 3343 2337 sie
3374 2269 3438 2329 ster

2328 2462 2556 2522 betreffe,
2588 2443 2652 2503 den
2686 2429 2801 2489 Casum
2849 2414 2899 2474 der
2931 2401 3061 2461 natuer
3077 2383 3306 2443 befunden,
3322 2373 3388 2433 daß
3420 2371 3484 2431 sie

3549 526 3565 586 1
