4032 3024
698 265 869 325 486f.

695 1489 838 1549 Hteller
852 1490 971 1550 Miche.

693 1580 786 1640 Kräg
810 1573 929 1633 Madte

642 2474 787 2534 Wenges
801 2480 945 2540 Christind

1011 272 1058 332 b
1123 270 1157 330 en
1188 266 1414 326 gndgnger
1445 266 1494 326 en
1526 269 1656 329 Rathen
1671 278 1752 338 zur
1783 306 1978 366 Eestraffe

1012 369 1246 429 Vertrge
1268 358 1411 418 lßer
1482 358 1693 418 eschn
1738 375 1809 435 en
1832 408 2046 468 eschen

1012 466 1062 526 sor
1299 451 1349 511 en
1417 448 1467 508 ie
1503 448 1586 508 er
1619 452 1687 512 us
1737 471 1924 531 roideras

1018 559 1122 619 ihrer
1161 549 1265 609 fünf
1291 541 1525 601 hinderen
1563 543 1642 603 und
1667 550 1759 610 über
1784 560 1850 620 das
1863 577 2031 637 vorborte

1017 647 1127 707 Ihres
1159 630 1317 690 allten
1347 620 1505 680 Mutter
1551 620 1583 680 zu
1629 624 1708 684 der
1741 641 1929 701 beklagte
1960 672 2056 732 de¬

1010 734 1246 794 hoffender
1275 717 1497 777 besesung
1541 719 1704 779 milter
1733 734 1881 794 fingen
1896 752 1985 812 Eeu

999 837 1078 897 daß
1126 819 1204 879 Ehr
1235 809 1299 869 sie
1330 803 1408 863 vor
1441 803 1551 863 Eich
1566 810 1803 870 bescheiden,
1818 830 1991 890 solcheren

1004 926 1099 986 Ihren
1126 912 1249 972 fähles
1289 901 1574 961 verbeißlich
1602 904 1819 964 vorhalten,
1847 917 1955 977 selbe
1969 927 2009 987 zu

1013 1015 1177 1075 ueserem
1237 1001 1437 1061 lebbesen
1472 993 1566 1053 und
1603 991 1674 1051 bey
1709 997 1981 1057 betreubung
2004 1020 2064 1080 an¬

1021 1099 1290 1159 gemoßener
1342 1090 1496 1150 straff
1534 1087 1599 1147 sich
1624 1087 1765 1147 solcher
1791 1104 2062 1164 underschläutet

1013 1186 1101 1246 und
1115 1187 1321 1247 schlinen
1351 1180 1556 1240 einzugs
1599 1177 1630 1237 zu
1688 1181 1923 1241 muesigen,
1938 1201 2057 1261 anhie¬

1011 1280 1193 1340 mahnen
1232 1276 1324 1336 und
1350 1274 1403 1334 sie
1441 1273 1508 1333 der
1546 1271 1951 1331 gefangenschafft
1976 1273 2002 1333 zu

1017 1378 1213 1438 entlaßen

1028 1494 1232 1554 Gerzense
1277 1487 1349 1547 und
1394 1480 1569 1540 Siglend
1598 1474 1773 1534 Sepptim
1832 1480 2038 1540 zumahln

998 1585 1135 1645 Michel
1191 1580 1374 1640 Pfeller
1408 1573 1488 1633 von
1511 1567 1785 1627 Gerhenser,
1807 1559 1945 1619 belchem

1004 1674 1142 1734 Madle
1185 1670 1306 1730 Krieg
1349 1668 1409 1728 von
1452 1664 1607 1724 Rigles
1659 1659 1771 1719 vor-
1789 1654 1875 1714 in-
1892 1647 1978 1707 und

1012 1761 1106 1821 nach
1132 1763 1198 1823 der
1239 1762 1414 1822 genißet
1440 1758 1521 1818 Ihr
1560 1755 1641 1815 zur
1680 1749 1842 1809 welldt
1855 1745 2017 1805 gebehrne

1000 1850 1103 1910 kind
1134 1853 1443 1913 zugeeignet,
1474 1846 1617 1906 dieser
1660 1838 1875 1898 anklegdt
1896 1832 1947 1892 sich

992 1942 1176 2002 Eydtlich
1201 1940 1510 2000 entschüttet.
1534 1930 1620 1990 Als
1632 1923 1781 1983 Gadmin
1793 1911 1893 1971 gnädigen
1905 1902 1979 1962 Herre
2004 1893 2040 1953 ine

996 2033 1126 2093 halben
1161 2032 1255 2092 alleß
1315 2028 1445 2088 gott
1480 2022 1586 2082 und
1622 2016 1681 2076 der
1715 2007 1835 2067 zeith
1858 1994 2011 2054 heimbge

978 2123 1147 2183 stellt,
1175 2122 1267 2182 Ihro
1318 2120 1384 2180 das
1410 2117 1515 2177 vnnd
1555 2108 1711 2168 sambt
1737 2096 1829 2156 deßo
1841 2075 2040 2135 eschaltung

993 2221 1246 2281 überlasen,
1273 2224 1327 2284 sie
1366 2221 1446 2281 zus
1472 2210 1765 2270 abbüesung
1806 2183 1979 2243 gehalten,
1993 2165 2047 2225 und

988 2309 1074 2369 nach
1106 2312 1160 2372 der
1204 2316 1323 2376 Ord:
1344 2318 1376 2378 de
1431 2320 1507 2380 Ao
1550 2316 1690 2376 1712.
1724 2307 1766 2367 zu
1809 2286 1993 2346 ferneren

979 2408 1300 2468 Bestraftung
1330 2413 1432 2473 veg
1519 2408 1769 2468 verleidet

978 2517 1165 2577 Persensa
1197 2521 1290 2581 Cons
1336 2525 1540 2585 weillen
1571 2514 1790 2574 Christind
1822 2477 1994 2537 Worget

1045 2609 1100 2669 die
1113 2610 1262 2670 Erbent
1289 2614 1357 2674 daß
1384 2615 1438 2675 sie
1478 2614 1656 2674 2imahl
1682 2606 1751 2666 24.
1764 2592 1872 2652 stund
1885 2568 1981 2628 lange

963 2689 1020 2749 die
1042 2692 1238 2752 ordinari
1249 2698 1340 2758 zeith
1364 2701 1547 2761 abbüesen
1569 2698 1697 2758 solle.

2099 929 2187 989 Vohrer
2223 911 2391 971 Sendichs¬

2083 1005 2219 1065 sülber
2231 988 2352 1048 Herbara

2098 1475 2197 1535 Moser
2227 1465 2386 1525 Hauptl.

2086 1550 2194 1610 Wäber
2216 1540 2368 1600 barbara

2112 2546 2218 2606 Rätze
2242 2546 2338 2606 lison

2389 347 2469 407 Ihre
2517 349 2751 409 Angehörige
2797 354 2833 414 so
2856 356 2973 416 lauth
2996 360 3078 420 Ihres
3113 364 3241 424 bericht
3264 367 3323 427 Ses
3381 368 3452 428 48
3475 368 3523 428 tl.

2395 435 2435 495 den
2445 431 2526 491 19ten
2536 428 2636 488 Febr.
2646 429 2776 489 letsthy
2797 432 2927 492 kindts
2948 440 3208 500 niderkommen,
3219 446 3299 506 und
3319 448 3380 508 auf
3410 448 3459 508 dem

2385 505 2462 565 Ihro
2496 500 2750 560 unbekagten
2783 502 2915 562 schloßer
2949 506 3182 566 verrharret,
3193 512 3247 572 wo
3269 514 3325 574 ein
3336 516 3425 576 gnädigen
3436 520 3514 580 Herr

2387 579 2493 639 ihnen
2532 574 2805 634 aufgetragen
2833 575 2959 635 haben,
2980 578 3115 638 beillen
3145 582 3193 642 sie
3223 586 3280 646 den
3299 589 3426 649 bahren

2386 657 2513 717 Vatter
2542 652 2641 712 nicht
2661 650 2828 710 namhen
2858 652 2985 712 wollen
3025 655 3124 715 selbe
3162 657 3212 717 als
3232 659 3320 719 wann
3349 659 3388 719 sie
3418 658 3467 718 sich

2393 727 2485 787 mit
2495 723 2620 783 einem
2671 721 2868 781 frembden
2888 722 3074 782 vertrabet
3094 724 3188 784 hätte
3229 725 3300 785 nach
3321 725 3373 785 der
3404 725 3498 785 Ord¬

2389 800 2504 860 ambt
2524 799 2587 859 dem
2661 795 2817 855 bastard
2838 794 2911 854 auß
2954 793 3016 853 dem
3058 794 3163 854 land
3193 794 3226 854 zu
3267 799 3488 859 verbeisen.

2409 911 2567 971 volligen
2619 907 2736 967 Cons.
2747 905 2925 965 Weillen
2958 902 3158 962 Gendicht
3168 904 3296 964 kohrer
3317 905 3379 965 ihr
3412 907 3518 967 Ang¬

2395 987 2567 1047 gehörige
2607 978 2679 1038 alle
2709 976 2811 1036 leibs
2841 974 3167 1034 gemeintschafft
3187 976 3269 1036 mit
3299 979 3349 1039 der
3381 980 3493 1040 Sase¬

2563 1024 2714 1084 Wäber

2386 1077 2473 1137 fern
2522 1067 2697 1127 Manges
2746 1060 2814 1120 von
2843 1057 2980 1117 Mühli
2999 1055 3096 1115 sorff
3155 1055 3388 1115 verneinet

2360 1163 2497 1223 sled
2508 1156 2566 1216 min
2577 1151 2668 1211 gnädigen
2680 1146 2771 1206 Herren
2783 1144 2817 1204 sie
2851 1141 3068 1201 angefouen
3091 1143 3218 1203 haben,
3241 1147 3344 1207 Ihren
3366 1155 3539 1215 Prophofe¬

2381 1247 2408 1307 so
2453 1240 2507 1300 den
2544 1233 2670 1293 Rohrer
2698 1230 2734 1290 in
2779 1227 3013 1287 flagrenti
3032 1228 3321 1288 angetroffen,
3339 1228 3403 1288 von
3430 1229 3512 1289 haut¬

2385 1326 2473 1386 über
2510 1322 2523 1382 8
2574 1316 2648 1376 tag
2687 1310 2824 1370 sambt
2849 1307 2900 1367 sem
2950 1303 3050 1363 boer
3075 1302 3151 1362 Mein
3163 1301 3263 1361 gnädigen
3276 1300 3364 1360 Herrn
3389 1298 3516 1358 uhalten

2386 1456 2605 1516 Kilchsdorff
2629 1448 2732 1508 Cons.
2756 1444 2825 1504 der
2859 1441 3079 1501 hauptman
3137 1439 3253 1499 Maher
3287 1441 3333 1501 an
3369 1443 3437 1503 der

2404 1533 2551 1593 Blutzch
2592 1523 2843 1583 vermeinet
2876 1516 2949 1576 alle
2980 1513 3096 1573 leibs
3127 1517 3464 1577 gemeintschafft

2377 1615 2477 1675 mit
2508 1608 2558 1668 der
2597 1600 2799 1660 Barbara
2828 1591 2999 1651 Waber,
3018 1589 3048 1649 so
3079 1589 3149 1649 sich
3169 1589 3259 1649 ihrer
3279 1592 3481 1652 außag¬

2389 1696 2468 1756 nach
2491 1689 2560 1749 von
2594 1682 2697 1742 Ihme
2742 1672 2948 1732 schwanger
2982 1667 3186 1727 befindet,
3209 1669 3267 1729 bey
3301 1672 3438 1732 solches

2380 1767 2625 1827 bekantnuß
2684 1757 2802 1817 wollend
2821 1754 2881 1814 Mein
2900 1752 2979 1812 gnädigen
2989 1751 3056 1811 Herren
3077 1750 3164 1810 ihnen
3195 1751 3469 1811 aufgetragen

2377 1849 2493 1909 habeny
2520 1841 2533 1901 I
2571 1836 2648 1896 auch
2676 1834 2714 1894 sie
2740 1831 2778 1891 zu
2817 1831 2947 1891 achten,
2972 1829 3025 1889 daß
3051 1829 3102 1889 sie
3141 1829 3232 1889 nicht
3258 1826 3427 1886 cradiera

2383 1931 2474 1991 auch
2504 1923 2555 1983 sie
2584 1914 2756 1974 anstallt
2775 1908 2816 1968 zu
2846 1903 3108 1963 verfuegen,
3128 1899 3189 1959 das
3218 1896 3310 1956 selbe
3340 1894 3370 1954 in
3401 1890 3450 1950 des

2379 2011 2540 2071 genißt
2561 2002 2641 2062 nach
2672 1997 2721 2057 der
2762 1993 2873 2053 Crd:
2893 1988 2923 2048 de
2954 1984 3025 2044 Ao
3055 1980 3165 2040 1712.
3185 1975 3428 2035 examiniert

2382 2098 2403 2158 dn
2424 2094 2466 2154 in
2477 2089 2561 2149 gnädigen
2573 2084 2656 2144 Herrn
2667 2078 2752 2138 Ihrer
2784 2071 2911 2131 außeg
2942 2064 3122 2124 berichtet
3154 2058 3365 2118 werdind,
3398 2056 3429 2116 zu

2363 2177 2425 2237 dem
2488 2167 2564 2227 end
2589 2161 2638 2221 sie
2663 2156 2776 2216 Ihnen
2815 2152 2915 2212 durch
2928 2149 2990 2209 die
3028 2146 3228 2206 Prochoser
3241 2141 3467 2201 zugefüert

2359 2262 2495 2322 werde
2526 2256 2536 2316 ,
2567 2253 2620 2313 Min
2630 2248 2713 2308 gnädigen
2723 2244 2797 2304 Herr
2828 2237 2974 2297 ndesen
3005 2232 3036 2292 so
3068 2230 3140 2290 bohl
3171 2225 3265 2285 Ihres
3296 2221 3452 2281 panale

2380 2348 2434 2408 als
2456 2342 2522 2402 baß
2566 2335 2620 2395 die
2665 2331 2708 2391 2.
2730 2327 2905 2387 letzteren
2926 2324 3069 2384 Kindes
3113 2318 3320 2378 betreffe,
3332 2313 3386 2373 biß
3419 2308 3506 2368 nach

2361 2438 2479 2498 Ihres
2519 2427 2689 2487 gemißet
2701 2414 2911 2474 verschoben

2392 2541 2472 2601 soll
2495 2537 2564 2597 weyn
2598 2533 2644 2593 der
2667 2529 2759 2589 Lison
2794 2524 2908 2584 Nätzer
2931 2516 3288 2576 alleßnahgeschlagen,
3299 2505 3391 2565 undt
3414 2498 3494 2558 laut

2373 2609 2595 2669 Einkommenen
2616 2602 2764 2662 befolchs
2786 2597 2912 2657 Phogl.
2923 2591 3134 2651 vorgetragen
3155 2585 3292 2645 wender.
3304 2582 3346 2642 d.
3356 2581 3388 2641 17
3410 2577 3516 2637 May.
