4032 3024
689 266 789 326 488
822 259 874 319 f.

680 365 864 425 Engellorh
893 358 981 418 Hans

690 442 809 502 Buser
831 430 1005 490 Barbara

703 1512 826 1572 Varnerg
845 1510 882 1570 H.
902 1511 949 1571 Dan
968 1514 1035 1574 Pies.

689 1586 827 1646 Cariliat
849 1586 912 1646 Pel.
923 1588 1041 1648 Catheri

1031 280 1163 340 Söniz
1190 276 1309 336 Cons.
1324 272 1403 332 Nac
1444 271 1470 331 d
1496 271 1563 331 Mine
1577 275 1683 335 gnädigen
1696 287 1790 347 Herre
1831 314 1937 374 wohl
1950 340 2003 400 iher

1048 356 1320 416 Peigerungs
1362 347 1505 407 grund
1547 350 1677 410 wider
1705 362 1776 422 deß
1820 385 1906 445 Hauß
1934 408 1962 468 t

1049 446 1125 506 behs
1146 436 1280 496 Ichres
1317 425 1625 485 bergehorigen
1665 434 1740 494 mit
1762 452 1914 512 gen
1952 493 2070 553 ee¬

1022 539 1088 599 von
1114 526 1303 586 sollmar
1356 512 1626 572 erdaubret,
1652 520 1733 580 und
1773 543 1960 603 fartheyen
1975 582 2083 642 sosten

1031 624 1074 684 in
1104 613 1307 673 fernerem
1350 604 1598 664 mundtlich
1628 613 1846 673 angehöret,
1875 640 1992 700 habend

1016 713 1207 773 Weillen
1226 699 1313 759 auß
1347 692 1453 752 allen
1470 694 1766 754 umbstanden
1783 716 1887 776 wohl
1906 730 1940 790 zu
1957 748 2046 808 be¬

1028 801 1223 861 meker,
1241 790 1312 850 daß
1349 783 1527 843 darauß
1579 784 1705 844 nichts
1723 792 1777 852 ab
1812 807 1901 867 eine
1918 831 2027 891 sehen

1027 888 1118 948 fehe
1147 881 1208 941 Ehe
1253 873 1360 933 und
1389 866 1661 926 erfeugung
1690 877 1812 937 viller
1827 905 2040 965 mitelsen

1027 977 1221 1037 hinderen
1248 969 1318 1029 zur
1359 964 1580 1024 beschwärd
1623 964 1733 1024 Ihrer
1761 980 2025 1040 Grmeuind¬

1030 1068 1264 1128 entstechen
1288 1059 1473 1119 wurde,
1499 1055 1672 1115 diesere
1721 1059 1795 1119 Ehr
1831 1075 2043 1135 aufgebobn

1037 1156 1129 1216 und
1154 1152 1259 1212 beide
1310 1147 1350 1207 in
1389 1144 1533 1204 vorige
1572 1142 1755 1202 freiheit
1781 1149 1964 1209 gesetzet,
1977 1160 2028 1220 sie

1019 1241 1168 1301 hauses
1213 1235 1283 1295 auß
1328 1230 1615 1290 geballteten
1649 1231 1833 1291 grunden
1856 1240 1959 1300 gegen
1982 1251 2050 1311 sein

1030 1326 1216 1386 Engeloch
1240 1318 1351 1378 umb
1388 1316 1450 1376 die
1475 1314 1623 1374 lbsten
1648 1314 1920 1374 verfallende,
1932 1319 2045 1379 welch

1017 1417 1030 1477 M
1222 1410 1337 1470 urthel
1362 1405 1479 1465 statt
1504 1402 1529 1462 zu
1569 1399 1671 1459 thun
1696 1396 1799 1456 beide
1838 1396 2018 1456 angelobt

1040 1537 1189 1597 Vorsen
1231 1535 1341 1595 Cons.
1369 1529 1643 1589 Vermittleß
1683 1528 1792 1588 eines
1821 1533 2026 1593 besigleten

1025 1626 1146 1686 Rpsel
1193 1623 1254 1683 seye
1290 1621 1339 1681 vor
1350 1619 1410 1679 Min
1422 1618 1518 1678 gnädigen
1530 1615 1615 1675 Herre
1638 1613 1808 1673 rschinen
1831 1613 1892 1673 ein
1928 1615 2062 1675 procu¬

1020 1718 1159 1778 furter
1194 1717 1264 1777 von
1287 1714 1439 1774 seithen
1462 1709 1532 1769 H.
1555 1706 1637 1766 Dean
1694 1703 1835 1763 Paerre
1869 1702 2020 1762 Painern

1018 1810 1120 1870 Ihres
1157 1806 1501 1866 Angehbrigen,
1526 1801 1615 1861 und
1652 1795 1741 1855 habe
1766 1787 1996 1847 verlanget,
2008 1782 2046 1842 das

1028 1888 1067 1948 in
1093 1896 1239 1956 seinem
1306 1898 1397 1958 mit
1424 1896 1489 1956 der
1530 1890 1661 1950 Jfrl.
1689 1878 1887 1938 Catherine
1900 1865 2057 1925 Corvillit

1007 1984 1084 2044 von
1108 1988 1242 2048 Nembs
1286 1989 1488 2049 habendem
1567 1974 1881 2034 Matrimonial
1903 1954 2050 2014 geschafft

1013 2075 1075 2135 eim
1124 2083 1346 2143 mehrerer
1377 2083 1536 2143 sermia
1567 2072 1805 2132 vergonnet
1836 2054 1931 2114 berde
1964 2039 2042 2099 wöcht

1008 2174 1063 2234 biß
1119 2174 1175 2234 ser
1208 2174 1275 2234 sich
1308 2173 1497 2233 außert
1519 2168 1686 2228 landts
1708 2156 1930 2216 befindende
1965 2139 1976 2199 H

1013 2263 1249 2323 Lieutenant
1275 2269 1461 2329 Barnery
1498 2268 1536 2328 de
1561 2260 1835 2320 LAbage,
1860 2234 1972 2294 belcher
1984 2217 2021 2277 Er

989 2353 1065 2413 zur
1095 2359 1388 2419 kundtschafft
1403 2362 1557 2422 stellen
1589 2353 1726 2413 bill,
1743 2339 1819 2399 sich
1834 2322 1927 2382 boder
1957 2292 2051 2352 er¬

1007 2448 1161 2508 Heinich
1195 2453 1385 2513 befinden
1418 2451 1625 2511 werde.
1661 2432 1882 2492 Nachdemme
1901 2413 1934 2473 in
1970 2398 2020 2458 tir

996 2541 1049 2601 ser
1102 2544 1157 2604 von
1174 2546 1245 2606 der
1263 2548 1388 2608 Jrl.
1406 2544 1622 2604 Cancillat
1640 2525 1836 2585 aingeben
1871 2484 2070 2544 mnewae¬

2152 630 2276 690 vere
2330 606 2366 666 e

2140 697 2230 757 solge
2243 683 2307 743 Kuch
2321 672 2385 732 scht

2157 1218 2178 1278 4.
2200 1209 2337 1269 Berschrifft

2121 1657 2243 1717 Burnet
2263 1655 2386 1715 Aisa¬

2182 1706 2291 1766 beth.

2105 1780 2158 1840 Ney
2194 1771 2338 1831 Francois

3385 369 3474 429 489

2411 362 2551 422 grund
2579 363 2766 423 angehört,
2785 369 2841 429 hade
2860 372 2906 432 mine
2916 376 2991 436 gnädigen
3000 382 3084 442 Herrn
3093 387 3150 447 nach
3168 398 3468 458 verstandents

2414 434 2688 494 gestalthamme
2723 436 2771 496 der
2806 439 2878 499 sach
2890 445 3056 505 Erkent,
3068 453 3140 513 daß
3176 458 3234 518 der
3248 462 3307 522 Hc.
3318 466 3391 526 Han
3414 469 3520 529 Gierre

3239 499 3332 559 alleß

2397 515 2548 575 varrerg
2578 509 2631 569 sich
2661 510 2873 570 angelegen
2904 518 2979 578 sein
3010 525 3108 585 laßen
3139 533 3245 593 solle,
3267 539 3502 599 gederlich

2416 581 2584 641 müglich
2610 580 2829 640 entbeders
2862 587 3006 647 munde
3047 595 3132 655 oder
3157 603 3342 663 schrifftlich
3368 609 3468 669 dero

2417 656 2630 716 landtshaff
2663 653 2743 713 zur
2765 653 2855 713 stell
2889 656 2923 716 zu
2967 661 3158 721 bringt,
3181 669 3305 729 damit
3316 673 3373 733 die
3396 676 3509 736 Fron¬

2401 733 2504 793 redur
2533 726 2759 786 beendiget
2806 724 2872 784 und
2910 726 2985 786 über
3013 729 3117 789 selbe
3156 738 3381 798 abgesprochen
3401 751 3513 811 beoden

2394 803 2534 863 könne,
2545 799 2610 859 als
2632 797 2751 857 worte
2793 797 2859 857 sie
2891 799 2923 859 zu
2978 802 3216 862 dermahliges
3237 810 3486 870 beurteilung

2374 888 2520 948 diesers
2564 878 2867 938 Matrimonial
2890 878 3081 938 geschaffs
3103 883 3429 943 peremprorischen
3451 889 3496 949 Tag

2396 970 2472 1030 ohne
2521 965 2754 1025 gestattung
2782 962 2976 1022 ferneren
2996 962 3161 1022 Termins
3180 966 3374 1026 angesetzt
3403 973 3470 1033 vten

2403 1046 2495 1106 heüt
2524 1045 2607 1105 über
2646 1043 2664 1103 3
2710 1042 2842 1102 Bochen,
2870 1040 2897 1100 in
2934 1040 3197 1100 betrachtung
3234 1046 3299 1106 auf
3327 1052 3392 1112 dem
3439 1057 3458 1117 H

2532 1081 2640 1141 killiche

2377 1122 2518 1182 Gainer
2567 1117 2768 1177 obgelegen
2799 1115 2959 1175 gebeten
2979 1116 3129 1176 bähre,
3139 1119 3250 1179 seine
3270 1129 3519 1189 hundsfassen

2386 1200 2469 1260 nach
2483 1197 2537 1257 der
2580 1195 2787 1255 Wellischen
2815 1196 2981 1256 Sahung
3009 1200 3105 1260 fol.
3119 1204 3231 1264 443.
3245 1208 3355 1268 Sah.
3369 1214 3509 1274 XVIII

2387 1286 2607 1346 beyzeithat
2630 1281 2700 1341 zur
2735 1279 2827 1339 hand
2874 1277 2908 1337 zu
2944 1279 3142 1339 bringen.

2391 1352 2495 1412 gundt
2507 1348 2588 1408 gradt
2611 1346 2750 1406 anfange
2773 1346 2831 1406 deß
2877 1345 3004 1405 Verahres

2382 1526 2581 1586 Bavois
2606 1518 2688 1578 Ihre
2712 1516 2853 1576 Kraedud
2876 1517 2948 1577 habe
2959 1518 2971 1578 M
3041 1521 3100 1581 .
3112 1525 3241 1585 rodffmnt
3264 1531 3371 1591 verlcher

2399 1619 2594 1679 gestalten
2623 1613 2845 1673 Elisabetho
2874 1615 3014 1675 Humet
3042 1618 3112 1678 Ihr
3125 1621 3376 1681 angehörge

2399 1706 2469 1766 zum
2508 1703 2648 1763 Vatter
2679 1702 2759 1762 Ihres
2778 1702 2969 1762 sursarlt
2998 1703 3198 1763 gebohrner
3228 1697 3389 1757 Lindts¬

2382 1793 2639 1853 ernambset
2672 1793 2761 1853 habe
2829 1792 3029 1852 Trancois
3064 1789 3141 1849 Rey
3187 1785 3266 1845 von
3288 1777 3466 1837 Chesalles

2376 1885 2507 1945 Ambt
2539 1885 2615 1945 Oron
2692 1885 2844 1945 hinder
2877 1885 2975 1945 Euch
3007 1882 3204 1942 wanhafft
3248 1877 3324 1937 der
3346 1873 3422 1933 aber

2384 1978 2595 2038 nachdemme
2632 1975 2682 2035 Es
2719 1972 2930 2032 einmahl
2979 1970 3054 2030 vor
3079 1967 3179 2027 Eüch
3204 1958 3426 2018 erschinnen

2381 2073 2446 2133 den
2480 2069 2589 2129 sinten
2622 2065 2807 2125 genommen
2862 2065 2983 2125 undt
3004 2063 3070 2123 wie
3103 2062 3212 2122 dieses
3234 2060 3289 2120 der
3311 2057 3442 2117 Wierte

2382 2164 2508 2224 fähler
2535 2162 2636 2222 Ihrro
2674 2159 2827 2219 hinwrey
2852 2156 2954 2216 seye,
2981 2153 3184 2213 MeG.
3209 2148 3451 2208 deßblegen

2373 2257 2474 2317 umb
2507 2254 2800 2314 vergliefung
2833 2249 3136 2309 erstuchende,
3159 2245 3226 2305 wie
3249 2244 3293 2304 sie
3304 2242 3383 2302 sich
3405 2239 3462 2299 diß

2358 2356 2512 2416 Goths
2555 2354 2822 2414 zuverhalten
2877 2347 2989 2407 haben
3005 2342 3201 2402 sollindt.
3229 2341 3425 2401 Worüber

2370 2453 2592 2513 dieselben
2623 2453 2734 2513 Ihren
2765 2452 2814 2512 in
2845 2449 3036 2509 entwort
3067 2446 3305 2506 verdeutet
3336 2446 3432 2506 habe
