4032 3024
687 262 799 322 490
831 259 911 319 f.

1006 373 1182 433 Aallent,
1201 375 1280 435 die
1299 376 1454 436 Buenet
1475 380 1551 440 alß
1611 390 1709 450 Eine
1728 411 1923 471 Erbeshen
1964 457 2062 517 Joe¬

1009 463 1079 523 tag
1093 466 1136 526 in
1150 467 1487 527 gefangenschafft
1501 471 1573 531 sud
1600 483 1854 543 abbueßung
1868 508 1967 568 setzen

1010 562 1205 622 zulaßen
1276 562 1501 622 nachtbets
1528 565 1654 625 selbe,
1668 570 1753 630 also
1781 579 1851 639 fur
1879 590 1922 650 die
1936 604 2035 664 de¬

1005 659 1164 719 Wieten
1190 656 1312 716 fähle
1349 653 1546 713 begangen
1608 654 1706 714 nach
1730 657 1793 717 der
1817 665 1990 725 Eodnung

1026 751 1049 811 de
1085 749 1145 809 Ad
1168 748 1252 808 1712
1287 745 1394 805 Recht
1418 743 1502 803 Jahr
1525 745 1632 805 lang
1679 748 1714 808 zu
1751 758 2001 818 Baniown,

968 763 999 823 v

995 838 1116 898 Undt
1139 838 1260 898 wielen
1309 837 1380 897 der
1417 836 1502 896 Rey
1549 836 1622 896 sich
1658 838 1839 898 Villeicht
1851 842 1936 902 nah

994 928 1088 988 Gron
1123 928 1264 988 begehen
1298 931 1404 991 haben
1475 935 1675 995 möchten
1721 939 1827 999 werde
1850 940 1956 1000 Ihnen

1004 1014 1138 1074 hiemit
1161 1024 1442 1084 auffgetragen
1498 1030 1633 1090 deßt
1666 1030 1769 1090 weyen
1791 1029 1859 1089 noch
1881 1027 1960 1087 von

990 1113 1244 1173 zuschreiben,
1270 1118 1377 1178 undt
1403 1121 1552 1181 fahlt
1578 1121 1618 1181 Er
1646 1120 1725 1180 sich
1751 1116 1887 1176 dorten

1019 1208 1242 1268 aufhalten
1278 1208 1402 1268 wurde
1464 1210 1575 1270 Ihe
1625 1208 1736 1268 Vor
1762 1206 1824 1266 Sie
1848 1201 2033 1261 zuerscheinen

1019 1304 1249 1364 diebehörige
1289 1304 1492 1364 Citation
1560 1303 1736 1363 anlegen
1776 1300 2008 1360 zulaßen.

1039 1489 1205 1549 bescheint
1245 1489 1440 1549 baobara
1481 1495 1648 1555 Gderb
1689 1498 1785 1558 undt
1799 1495 1897 1555 wandt
1910 1489 1993 1549 Ihre

702 1519 845 1579 Glrob
876 1512 1008 1572 Barbara

1019 1580 1356 1640 schwangerschafft
1382 1583 1470 1643 halb
1507 1583 1545 1643 zu
1582 1582 1683 1642 Redt
1720 1577 1883 1637 gestellt
1909 1565 2008 1625 wele

978 1676 1047 1736 Sie
1062 1678 1160 1738 aber
1174 1681 1370 1741 gäntzlich
1411 1679 1650 1739 vermeirt,
1678 1667 1860 1727 Iewwegen
1874 1657 1915 1717 Si
1929 1648 1999 1708 auch

999 1767 1199 1827 dimittirt
1214 1773 1383 1833 worden,
1400 1772 1508 1832 undt
1538 1768 1631 1828 soll
1648 1760 1755 1820 auff
1800 1746 1863 1806 Sie
1878 1728 2033 1788 anhkunch

1005 1847 1151 1907 gegeben
1170 1845 1297 1905 werden

967 1963 980 2023 4

1022 2001 1103 2061 dean
1158 2014 1361 2074 Francois
1390 2017 1498 2077 Quen,
1526 2015 1595 2075 on
1621 2006 1813 2066 Vifflens
1839 1993 1866 2053 la
1894 1982 1989 2042 Ville

690 2026 818 2086 Guey
849 2027 912 2087 Sen

929 2033 993 2093 tras

999 2087 1093 2147 undt
1115 2094 1252 2154 Marie
1283 2099 1505 2159 Vulliord
1536 2095 1569 2155 so
1600 2085 1832 2145 einandern
1853 2069 1884 2129 zu
1905 2055 2021 2115 Eheliche

791 2090 865 2150 lois

1015 2176 1203 2236 begehren,
1220 2178 1305 2238 und
1341 2180 1391 2240 so
1408 2180 1460 2240 in
1477 2178 1664 2238 Ehebruch
1683 2164 1871 2224 erzeiste
1888 2135 1990 2195 handt

682 2171 848 2231 Vulliond
866 2174 994 2234 Marie

995 2258 1140 2318 wollen
1183 2261 1431 2321 legitimin
1459 2263 1663 2323 laßen,
1691 2250 1808 2310 sindt
1822 2233 1881 2293 deß
1925 2205 1998 2265 Eese

977 2347 1128 2407 begehren
1145 2353 1251 2413 halb,
1281 2358 1496 2418 zumahlen
1525 2356 1570 2416 sie
1602 2349 1661 2409 sich
1678 2340 1753 2400 mit
1784 2324 1829 2384 in
1844 2301 1967 2361 wnder

980 2432 1030 2492 by
1066 2436 1099 2496 in
1118 2443 1288 2503 Erebauch
1322 2452 1544 2512 brtrabet,
1580 2444 1734 2504 dahero
1767 2423 1819 2483 deß
1869 2388 1990 2448 ase

961 2515 1111 2575 feit
1132 2520 1219 2580 des
1240 2529 1433 2589 edglich
1478 2533 1586 2593 widte
1629 2527 1695 2587 fr
1737 2505 1887 2565 halte,
1908 2455 2062 2515 desen

2127 1038 2264 1098 Sanls
2294 1013 2401 1073 Bordt

2114 1131 2292 1191 Bulleren
2327 1112 2363 1172 Su

2178 1181 2351 1241 sanna.

2119 1760 2239 1820 Schnell
2258 1760 2328 1820 Anna

2159 1825 2336 1885 Barbarn.

2132 1957 2281 2017 Tanaz.

3397 379 3532 439 491.

2389 447 2485 507 Vatz
2500 438 2595 498 undt
2609 436 2789 496 Odnung
2803 443 2982 503 lauffend,
2995 456 3201 516 abgeliesen,
3217 465 3271 525 deß
3312 469 3450 529 lestenn

2405 527 2502 587 aber
2526 520 2622 580 liegen
2636 522 2890 582 Leptimation
2914 531 2975 591 deß
3022 540 3168 600 Bantand
3180 548 3338 608 dalsiche
3363 551 3422 611 nie
3448 548 3521 608 Hen

2398 605 2648 665 Erfuegsamme
2682 609 2774 669 Wod
2808 615 2934 675 Ehogl.
2957 624 3139 684 verwisen
3208 632 3391 692 worden:
3414 632 3459 692 da

2405 691 2590 751 brnebens
2611 693 2698 753 Ihnen
2757 697 2865 757 gantz
2875 702 3140 762 ernstmeinend
3179 710 3404 770 allerfernere

2400 765 2589 825 umbgang
2628 769 2691 829 bey
2716 776 2944 836 Ehebruchten
2956 782 3071 842 straff
3110 785 3299 845 verbotte
3324 784 3450 844 worden

2407 998 2534 1058 Stellte
2545 994 2603 1054 sich
2615 990 2707 1050 auff
2719 987 2881 1047 gegebene
2905 985 3090 1045 Citation
3124 986 3171 1046 hin
3217 990 3322 1050 dallid
3345 995 3391 1055 von

2427 1083 2577 1143 Käuel
2626 1076 2700 1136 von
2725 1072 2925 1132 Rochenbach
2962 1070 3024 1130 bey
3061 1069 3148 1129 Esch,
3173 1066 3260 1126 undt
3274 1060 3385 1120 seine

2404 1163 2630 1223 schwangere
2666 1156 2865 1216 Susanna
2901 1156 3081 1216 Büllerein
3127 1154 3208 1214 von
3244 1147 3399 1207 Fraul¬

2398 1249 2428 1309 so
2459 1244 2542 1304 srey
2573 1240 2645 1300 Jahr
2666 1237 2769 1297 lang
2800 1234 2862 1294 wie
2893 1230 3048 1290 Eheleüth
3089 1225 3141 1285 bey
3182 1217 3388 1277 Einander

2405 1332 2466 1392 alß
2502 1322 2756 1382 ohnsopulit
2781 1316 2901 1376 heben.
2925 1312 3035 1372 wardt
3059 1309 3192 1369 erbedtn
3216 1306 3253 1366 Er
3289 1302 3397 1362 solle

2396 1419 2576 1479 erwartet
2600 1406 2735 1466 werden,
2757 1400 2824 1460 biß
2859 1398 2915 1458 der
2937 1395 3198 1455 anbefohlene
3232 1389 3367 1449 bericht

2379 1508 2462 1568 Von
2489 1494 2680 1554 Rechenbach
2709 1486 2872 1546 Ihrthalb
2900 1483 3010 1543 wede
3037 1477 3311 1537 eingelanget
3324 1468 3406 1528 sein

2356 1635 2522 1695 Langte
2546 1621 2735 1681 folgender
2759 1614 2866 1674 Erdel
2902 1610 2997 1670 Ein:
3009 1606 3210 1666 Nachdemm
3259 1601 3390 1661 Ghegl.
3401 1598 3448 1658 den

2404 1720 2589 1780 asum,
2600 1711 2629 1771 so
2649 1708 2698 1768 sich
2718 1703 2795 1763 mit
2825 1698 2933 1758 Anna
2982 1691 3158 1751 Barbara
3197 1685 3345 1745 Schuell
3364 1679 3521 1739 zuge¬

2411 1802 2545 1862 wegen,
2581 1787 2750 1847 daselbe
2762 1780 2823 1840 mit
2847 1775 3114 1835 beschinmer,
3126 1769 3198 1829 daß
3235 1765 3295 1825 Ihr
3319 1755 3476 1815 Ehemann

2387 1890 2447 1950 fer
2479 1879 2631 1939 hunges
2662 1868 2754 1928 fort,
2774 1863 2845 1923 oder
2876 1858 2988 1918 neben
3008 1853 3090 1913 Ihre
3120 1848 3202 1908 noch
3232 1842 3324 1902 swey
3356 1833 3488 1893 Weiter

2399 1971 2490 2031 habe
2537 1962 2583 2022 sie
2606 1957 2698 2017 aber
2721 1945 2929 2005 schwanger
2952 1935 3022 1995 sye
3067 1928 3160 1988 undt
3171 1925 3217 1985 an
3241 1922 3368 1982 Einen

2375 2070 2516 2130 Tanalz
2546 2062 2615 2122 von
2645 2047 2899 2107 Miblisphurg
2928 2032 2984 2092 sich
3012 2013 3311 2073 verheüwrathen
3325 1999 3466 2059 können

2370 2151 2555 2211 kammen
2607 2144 2688 2204 Ihra
2740 2137 2792 2197 den
2819 2130 2925 2190 von
2991 2120 3084 2180 Euch
3123 2108 3322 2168 Muhteen
3350 2099 3481 2159 geseztn

2364 2235 2768 2295 Reminnachlaße
2793 2224 2832 2284 c
2857 2218 3070 2278 angehoet
3109 2207 3261 2267 habendt
3286 2192 3462 2252 dieselben

2393 2326 2549 2386 darüber
2572 2319 2632 2379 mit
2656 2315 2800 2375 sprechen
2847 2312 2979 2372 sondern
3003 2307 3051 2367 die
3075 2304 3147 2364 soch
3171 2286 3410 2346 liderzuruk

2367 2409 2498 2469 schiken
2535 2404 2630 2464 undt
2665 2401 2749 2461 füch
2774 2397 3000 2457 ufberlaßen
3025 2390 3156 2450 wollen
3193 2380 3288 2440 nach
3312 2366 3432 2426 Rechte

2398 2482 2487 2542 ndt
2516 2479 2722 2539 billichelt
2751 2476 2868 2536 harim
2897 2471 3177 2531 zuhandten.
3192 2463 3250 2523 den
3266 2459 3309 2519 1
3338 2449 3487 2509 May.
