4032 3024
690 274 876 334 4926.

704 1278 890 1338 Ellenberg
910 1277 920 1337 H

718 1358 819 1418 Jok.
830 1355 969 1415 Jacb.

698 1527 843 1587 Mathys
874 1523 967 1583 Maria

693 1623 865 1683 Oberbühler
888 1616 1001 1676 Andres

1173 385 1469 445 Montags
1505 391 1557 451 den
1591 397 1662 457 25.
1696 413 1853 473 May.
1870 434 1992 494 1733

1455 523 1648 583 Sares.

1099 665 1332 725 NH.
1353 667 1549 727 Frisches
1587 678 1782 738 Sücker

1392 805 1693 865 Assessores.

1053 955 1369 1015 Mhres

1024 1210 1153 1270 Wart
1193 1213 1244 1273 der
1271 1216 1387 1276 neuwe
1427 1220 1647 1280 Erwehlte
1686 1222 1764 1282 H.
1777 1219 2011 1279 Schrosheiber

1006 1307 1063 1367 4.
1093 1311 1166 1371 Joh.
1180 1313 1282 1373 Jacob
1312 1313 1604 1373 SFellenberg
1647 1315 1882 1375 belydiget

1034 1440 1185 1500 langte
1228 1438 1454 1498 follgende
1508 1438 1766 1498 Erkandnuß
1800 1442 1810 1502 o
1832 1444 1885 1504 Min
1896 1447 1983 1507 gnädigen
1993 1452 2070 1512 Her

1023 1534 1073 1594 sen
1114 1530 1258 1590 Räthen
1288 1527 1390 1587 ein.
1421 1525 1645 1585 Demnach
1677 1525 1759 1585 wir
1789 1528 1891 1588 durch
1901 1532 1972 1592 eine
1982 1538 2066 1598 ver¬

1039 1618 1181 1678 rdnete
1223 1618 1419 1678 Commission
1474 1615 1767 1675 undersuchen
1801 1615 1909 1675 laßen
1931 1617 1985 1677 sie

1025 1717 1316 1777 Matrimoniab
1343 1711 1691 1771 streithigkeit,
1718 1706 1759 1766 so
1786 1706 1829 1766 da
1870 1705 2036 1765 walltet

1020 1806 1201 1866 zonschen
1232 1807 1360 1867 Maria
1402 1803 1583 1863 Mathyß
1637 1798 1700 1858 als
1721 1794 1902 1854 Klägern
1925 1793 1956 1853 an
1977 1792 2062 1852 seiner

1005 1906 1113 1966 denne
1143 1904 1339 1964 Andreas
1379 1898 1655 1958 Oberbüehler
1704 1888 1822 1948 beyde
1852 1883 1901 1943 der
1931 1879 2049 1939 Kiechoe

999 2002 1192 2062 wynigen
1244 1999 1294 2059 als
1336 1995 1621 2055 Antborteren
1653 1987 1693 2047 am
1775 1979 1928 2039 anderen
1948 1971 2040 2031 theils

1010 2087 1119 2147 umb
1143 2091 1181 2151 zu
1229 2091 1436 2151 wißen,
1449 2087 1497 2147 ob
1535 2083 1595 2143 der
1632 2070 1887 2130 Oberbüehler
1913 2056 1949 2116 die
1973 2048 2072 2108 Mathe

1003 2180 1117 2240 begen
1145 2185 1519 2245 vorgegangenen
1547 2173 1949 2233 Eheversprechungen
1963 2141 2035 2201 und

1003 2280 1157 2340 darauß
1218 2284 1265 2344 ab
1295 2287 1372 2347 14.
1404 2288 1512 2348 feb.
1542 2286 1696 2346 letschy
1726 2272 1943 2332 erzeugten
1958 2247 2035 2307 gueß

996 2375 1160 2435 darnach
1178 2378 1268 2438 aber
1306 2383 1577 2443 vesterbenes
1595 2375 1833 2435 zbeylingen
1869 2358 1905 2418 vn
1943 2338 2050 2398 elche

997 2464 1200 2524 gehalten
1219 2470 1311 2530 sein
1329 2473 1443 2533 solte
1461 2476 1554 2536 oder
1572 2473 1701 2533 nicht
1721 2468 1739 2528 s
1776 2455 1907 2515 habend
1943 2431 2000 2491 sit

991 2554 1085 2614 nich
1104 2559 1352 2619 angesherte
1392 2563 1715 2623 geshtalthame
1734 2541 1924 2601 Voesahe
1964 2506 2039 2566 nd

3362 366 3473 426 1493

2431 360 2677 420 bestätigung
2705 362 2752 422 der
2781 366 2846 426 sub
2865 370 2932 430 12.
2950 377 3054 437 Merz
3073 387 3233 447 nachsthy
3261 396 3404 456 ausges

2416 436 2554 496 fellten
2586 436 2670 496 und
2702 436 2850 496 Recurs
2872 440 2968 500 weiß
3009 443 3053 503 an
3094 448 3169 508 unß
3200 457 3391 517 gelangten
3412 466 3486 526 Ober

2410 511 2671 571 chorgrichtl.
2682 506 2933 566 eErkandtnuß
2976 511 3118 571 erkent
3150 517 3216 577 und
3249 529 3466 589 gesprochen,

2411 591 2489 651 daß
2534 583 2590 643 der
2612 579 2861 639 Oberbüehler
2894 578 2940 638 die
2973 580 3119 640 Mathyß
3163 586 3187 646 zu
3220 593 3445 653 Heuborathen

2408 660 2597 720 gehallten
2621 652 2715 712 sein
2740 650 2870 710 solle.

2420 754 2618 814 wynigen
2651 747 2750 807 Cons.
2772 743 2828 803 sie
2861 741 2915 801 deß
2959 739 3069 799 obigen
3102 739 3279 799 berichten,
3301 741 3366 801 mit
3388 745 3520 805 gesine

2411 818 2513 878 beyde
2550 805 2756 865 copulieren
2784 802 2820 862 zu
2858 799 2999 859 laßen.

2175 826 2213 886 ob
2252 809 2331 869 d.

2414 898 2556 958 langte
2599 896 2806 956 follgender
2828 893 2937 953 Zedul
2969 892 3001 952 vr
3012 892 3078 952 Min
3089 892 3176 952 gnädigen
3187 893 3263 953 Herrn
3275 896 3307 956 den
3318 900 3438 960 Räthen
3459 908 3502 968 an

2114 969 2227 1029 Megon
2250 951 2374 1011 Josenh

2411 975 2557 1035 Weillen
2598 976 2651 1036 der
2692 974 2901 1034 Proselyth
2942 968 3078 1028 Joseph
3119 965 3254 1025 Weypon
3307 967 3379 1027 und
3401 971 3527 1031 Lang¬

2111 1036 2254 1096 Vhertag
2276 1018 2387 1078 Laurenu

2408 1051 2498 1111 venae
2537 1048 2716 1108 Anestay
2756 1045 2816 1105 sich
2845 1042 2876 1102 in
2925 1040 2985 1100 das
3015 1036 3404 1096 Brandenburgische
3424 1037 3453 1097 zu

2409 1133 2559 1193 begeben
2579 1126 2788 1186 Willens;
2818 1123 2879 1183 Als
2898 1122 3038 1182 habend
3058 1121 3118 1181 Ihr
3148 1121 3247 1181 Gel.
3267 1121 3337 1181 kein
3368 1123 3497 1183 bedeng

2405 1204 2497 1264 bens
2537 1201 2702 1261 gemacht
2734 1198 2836 1258 Ihnen
2866 1198 2908 1258 zu
2949 1198 3134 1258 gestatten
3165 1199 3217 1259 sich
3248 1200 3278 1260 in
3319 1202 3484 1262 hiesiger

2422 1280 2676 1340 ranhösischen
2697 1277 2835 1337 Kirchen
2867 1274 3090 1334 Copulieren
3111 1274 3142 1334 zu
3175 1274 3323 1334 laßen,
3344 1273 3471 1333 dahero

2338 1304 2405 1364 c.

2387 1358 2570 1418 Megde
2582 1354 2681 1414 Heren
2705 1351 2743 1411 en
2767 1349 2977 1409 benötigen
2989 1348 3050 1408 eye
3075 1348 3174 1408 schen
3198 1348 3396 1408 erteilt.

2407 1469 2461 1529 Mr
2495 1468 2649 1528 Anthoni
2671 1465 2847 1525 Lemann
2868 1463 2935 1523 von
2968 1462 3089 1522 alhier
3110 1462 3198 1522 mit
3221 1466 3386 1526 Suchena
3429 1476 3530 1536 Güf¬

2124 1469 2218 1529 Heman
2242 1468 2372 1528 Antham

2107 1539 2321 1599 Suchberger

2402 1549 2530 1609 berger
2553 1547 2670 1607 hurcho
2692 1544 2789 1604 recht
2810 1543 2842 1603 zu
2876 1541 2993 1601 hallten
3015 1541 3231 1601 bewilliget
3284 1548 3392 1608 deßen
3413 1556 3499 1616 Jedel

2119 1600 2260 1660 Sehand

2398 1629 2444 1689 Me
2473 1628 2505 1688 n
2519 1627 2534 1687 e
2580 1623 2672 1683 ere
2703 1621 2732 1681 e
2793 1621 2809 1681 e
2853 1627 2916 1687 e.

2409 1756 2569 1816 Hosanen
2590 1756 2697 1816 Cons:
2718 1754 2888 1814 Weillen
2911 1750 2995 1810 herrn
3006 1747 3198 1807 Salomon
3219 1747 3316 1807 tatton
3347 1748 3411 1808 ihr
3433 1751 3551 1811 bey¬

2106 1771 2207 1831 tatton
2244 1768 2384 1828 Salomon

2430 1828 2600 1888 chorige,
2620 1825 2748 1885 belchen
2780 1822 3034 1882 Marquerithe
3065 1822 3193 1882 Loupse
3225 1823 3332 1883 Bite
3363 1825 3427 1885 von

2107 1843 2179 1903 Bite
2215 1839 2431 1899 Marquerge

2388 1911 2585 1971 Villarzell
2641 1906 2707 1966 das
2728 1904 2794 1964 ehe
2827 1902 2904 1962 und
2925 1901 3233 1961 schbangesung
3244 1903 3353 1963 halben
3365 1908 3517 1968 beklagt

2107 1906 2185 1966 itter
2197 1904 2320 1964 Longse

2386 1995 2463 2055 ihro
2502 1988 2569 2048 des
2609 1984 2706 2044 eint
2734 1981 2822 2041 und
2850 1979 3035 2039 anderen
3063 1979 3103 2039 in
3132 1981 3190 2041 aber
3209 1983 3364 2043 ee,
3383 1986 3422 2046 so

2386 2071 2508 2131 hanmin
2521 2064 2629 2124 gnädigen
2656 2059 2751 2119 Herre
2778 2056 2833 2116 en
2846 2054 3023 2114 abspruch
3050 2054 3118 2114 daß
3145 2056 3375 2116 geschafft,
3388 2059 3456 2119 biß

2393 2156 2466 2216 nach
2504 2151 2651 2211 Ihrdes
2687 2148 2798 2208 Bise
2835 2146 2995 2206 gemüßet
3020 2146 3229 2206 verschoben,
3253 2146 3316 2206 der
3340 2148 3550 2208 meinung

2368 2255 2438 2315 daß
2475 2247 2533 2307 sie
2569 2242 2604 2302 in
2627 2236 2817 2296 solcherer
2840 2233 2970 2293 lauth
2994 2233 3124 2293 ehorg:
3147 2234 3230 2294 Ord.
3253 2236 3288 2296 de
3325 2239 3383 2299 Ao
3406 2244 3526 2304 1712.

2379 2340 2636 2400 Examiniert
2664 2331 2731 2391 ud
2741 2328 2798 2388 Mein
2808 2326 2884 2386 gnädigen
2893 2323 2970 2383 Herren
2979 2322 3016 2382 deß
3065 2320 3484 2380 heraußkommenden

2393 2425 2587 2485 berichtet
2617 2416 2739 2476 berden
2759 2410 2953 2470 sollind.
2994 2405 3096 2465 NB.
3127 2402 3188 2462 der
3219 2402 3341 2462 tatton
3362 2403 3433 2463 hatt
3454 2404 3536 2464 bier

2375 2513 2439 2573 sie
2480 2508 2586 2568 allher
2618 2503 2692 2563 reiß
2723 2499 2850 2559 laßen
2882 2493 3136 2553 protestiert.
