4032 3024
994 268 1141 328 Köniz
1167 261 1274 321 Cons.
1301 256 1474 316 Weillen
1500 260 1634 320 Pater
1662 272 1781 332 Rani
1809 291 1875 351 Ihr
1901 322 2063 382 Anger¬

665 280 733 340 149
767 269 854 329 l.

1012 342 1144 402 seye
1198 330 1333 390 alhe
1384 328 1599 388 gend
1653 346 1813 406 eie
1864 388 2054 448 eahen

1001 441 1055 501 ser
1082 414 1413 474 schwängerung
1455 406 1550 466 halb
1579 416 1784 476 beklage,
1797 436 1880 496 ihro
1908 463 2047 523 iehern

682 514 788 574 Hani
814 501 933 561 Peter

999 514 1090 574 klag
1144 499 1399 559 geständig
1417 494 1581 554 seye,
1599 498 1654 558 So
1672 507 1819 567 habend
1837 527 1945 587 Aach
2001 557 2057 617 e¬

690 603 821 663 Srieder
847 583 991 643 Sarbara

993 603 1126 663 seren
1161 582 1379 642 tragende
1414 576 1717 636 leibesfrucht
1750 611 2038 671 abemnhelichen

1000 680 1277 740 zuberent,
1295 662 1683 722 dermainung,
1701 670 1774 730 daß
1813 680 1867 740 de
1885 705 2072 765 erhalten

1006 780 1120 840 sern
1148 767 1290 827 beyden
1318 755 1546 815 Partheyen
1574 754 1616 814 zu
1660 760 1830 820 gleichen
1858 782 1987 842 theilen

1011 862 1151 922 obligen
1165 853 1307 913 solle,
1334 847 1405 907 sie
1433 845 1533 905 siind
1561 845 1645 905 zur
1673 858 1927 918 abbresung
1941 891 2069 951 gehalt,

1013 951 1161 1011 storben

1008 1066 1186 1126 Zofingen
1246 1063 1365 1123 Cons.
1389 1061 1531 1121 Obschon
1568 1064 1699 1124 Caspar
1734 1071 1830 1131 Haue
1865 1080 1925 1140 auß
1961 1091 2008 1151 dem

1017 1155 1241 1215 Michlithahl
1281 1148 1363 1208 und
1404 1144 1536 1204 Maria
1578 1144 1750 1204 Saßler
1792 1149 1832 1209 ab
1864 1160 2026 1220 Neubege

681 1153 793 1213 Haur
831 1148 943 1208 Caspar

1014 1244 1120 1304 dorff
1146 1237 1347 1297 einander
1401 1232 1466 1292 die
1494 1231 1574 1291 Ehe
1600 1231 1840 1291 zugesagt
1866 1238 1933 1298 und
1946 1243 2026 1303 umb

689 1247 834 1307 Saßler
867 1237 990 1297 Maria

1011 1328 1260 1388 bebilligung
1297 1322 1570 1382 angehalten
1607 1321 1725 1381 selbe
1761 1325 1928 1385 behelchen
1952 1330 1975 1390 zu

1008 1417 1169 1477 können;
1193 1412 1243 1472 So
1255 1410 1341 1470 haben
1354 1408 1416 1468 min
1428 1406 1528 1466 gnädigen
1540 1405 1627 1465 Herrn
1639 1406 1862 1466 Jehdenoch,
1886 1412 1910 1472 in
1948 1420 2073 1480 bedenten

688 1549 785 1609 Wall
809 1536 882 1596 verd
906 1525 1003 1585 Jarph
1015 1517 1051 1577 in
1088 1507 1282 1567 Saseri
1318 1498 1415 1558 mit
1439 1494 1512 1554 dem
1571 1492 1791 1552 gebeßenen
1815 1494 1971 1554 Provior
1996 1499 2082 1559 davo¬

1003 1591 1226 1651 Wallthard
1265 1581 1397 1641 Ehelich
1422 1575 1631 1635 verlobet,
1658 1573 1697 1633 in
1737 1572 1920 1632 sothanem
1973 1571 2052 1631 ser¬

983 1688 1210 1748 Partheyen
1238 1684 1412 1744 begehren
1438 1678 1559 1738 Ihnen
1585 1675 1706 1735 nicht
1719 1672 1948 1732 entsprechen
1961 1673 2069 1733 konnen,

1003 1780 1183 1840 sonderen
1225 1780 1278 1840 sie
1309 1775 1510 1835 zwnschen
1531 1768 1668 1828 selben
1701 1762 1944 1822 vorgangene
1965 1762 2060 1822 Ehre

985 1870 1275 1930 versprechung
1314 1864 1562 1924 aufgehoben
1590 1858 1655 1918 und
1681 1854 1825 1914 beyden
1851 1851 1957 1911 allen
1983 1850 2063 1910 for¬

987 1957 1127 2017 neren
1150 1957 1407 2017 umbgang
1442 1955 1511 2015 bey
1547 1952 1779 2012 Ehebruchs
1804 1944 1931 2004 stroff
1944 1937 2073 1997 verbote¬

1005 2054 1236 2114 Ansechend
1278 2055 1388 2115 dann
1429 2053 1497 2113 den
1539 2049 1620 2109 von
1647 2045 1703 2105 des
1730 2036 1921 2096 Sasleri
1950 2023 2060 2083 gege¬

974 2158 1034 2218 sey
1069 2150 1310 2210 Wallthard
1334 2145 1611 2205 verlangten
1648 2133 1924 2193 Auffbrieff,
1948 2113 2043 2173 habind

953 2254 1145 2314 MeneHeder
1171 2252 1260 2312 oeche
1287 2251 1377 2311 auch
1415 2246 1544 2306 dieses
1582 2236 1813 2296 begehrens
1839 2221 1916 2281 halb
1941 2211 1980 2271 biß
2006 2203 2043 2263 at

980 2350 1272 2410 verfließung
1302 2350 1375 2410 der
1418 2345 1638 2405 monathen
1667 2333 1828 2393 zurub
1856 2315 2034 2375 gebissen,

964 2441 1086 2501 deßen
1113 2438 1222 2498 Jedel
1249 2437 1291 2497 am
1331 2437 1414 2497 H.
1441 2433 1714 2493 Allmaßner
1741 2417 1917 2477 Rittes.

2126 399 2261 459 Prnds.
2275 370 2426 430 Philigen

2113 472 2232 532 Gae.
2262 451 2322 511 ean

2107 754 2218 814 Imain
2246 732 2382 792 Ursula

2188 1820 2232 1880 ob
2264 1817 2341 1877 I.

2116 2111 2205 2171 Bry
2238 2112 2370 2172 Jacob.

2119 2194 2278 2254 Eheohant
2300 2191 2407 2251 Jacob¬

2109 2272 2281 2332 Scheidegger
2304 2269 2409 2329 Elß¬

2212 2344 2322 2404 be.

3382 355 3395 415 N

2433 367 2632 427 Resudent
2657 367 2694 427 an
2720 369 2794 429 H.
2819 379 3056 439 Predigkonten
3081 397 3282 457 Pchilippe
3319 412 3518 472 Dinaliher

2412 445 2465 505 ne
2527 442 2598 502 3ten
2607 442 2713 502 mahl
2731 443 2757 503 zu
2801 448 2969 508 wahrnen
2979 453 3049 513 herren
3059 458 3120 518 Jean
3165 463 3279 523 Vernex
3316 469 3439 529 seinen

2436 511 2628 571 gläubiger
2655 508 2838 568 fürderlich
2865 510 2903 570 zu
2939 516 3168 576 befredigen,
3186 523 3260 583 oder
3296 528 3342 588 der
3370 532 3508 592 ver¬

2415 583 2575 643 leidung
2599 577 2613 637 e
2625 576 2673 636 in
2687 574 2785 634 gnädigen
2809 577 3057 637 Herrngebärtig
3082 583 3119 643 zu
3168 590 3244 650 sein

2428 700 2659 760 Garbangen
2720 700 2846 760 Praf.
2867 700 3014 760 Ursula
3045 703 3171 763 Amman
3213 706 3285 766 von
3307 709 3516 769 Roggbeill

2413 784 2502 844 bemein
2513 779 2604 839 gnädigen
2626 776 2705 836 Herrn
2728 775 2862 835 lagend
2886 775 3100 835 anbringen
3111 777 3224 837 laßen
3246 778 3291 838 die
3325 781 3505 841 gmeind

2411 870 2515 930 solle
2548 862 2600 922 Ihr
2621 857 2716 917 vind
2747 852 2853 912 nicht
2874 850 2980 910 mehr
3001 848 3127 908 hinder
3169 850 3275 910 Ihnen
3306 855 3497 915 geductt¬

2379 958 2415 1018 de
2462 950 2510 1010 en
2522 943 2618 1003 gnädigen
2641 937 2725 997 Heden
2749 932 2891 992 nderem
2940 929 3012 989 26.
3036 931 3131 991 Febbr.
3155 931 3274 991 letsthe
3309 937 3500 997 deßthalb

2417 1034 2491 1094 alle
2528 1024 2766 1084 gebührende
2803 1019 2953 1079 Vorserg
2990 1018 3153 1078 gethan,
3165 1019 3229 1079 daß
3253 1019 3303 1079 der
3328 1021 3502 1081 komeind

2404 1120 2616 1180 Insotbegen
2653 1109 2777 1169 nichte
2814 1103 3101 1163 nachteiliges
3126 1106 3399 1166 aufgebuedet
3425 1118 3538 1178 werden

2401 1206 2438 1266 ol
2462 1203 2513 1263 min
2525 1198 2624 1258 gnädigen
2637 1195 2736 1255 Herre
2761 1191 2836 1251 umb
2860 1189 3147 1249 Handrrethung
3184 1195 3458 1255 ersuchende,;

2399 1290 2555 1350 Jahereo
2586 1282 2632 1342 sie
2680 1280 2726 1340 ser
2756 1277 2820 1337 H.
2851 1276 2975 1336 Fro.
2991 1276 3177 1336 fründl.
3208 1279 3348 1339 Grsucht
3381 1286 3488 1346 haben

2405 1373 2561 1433 bollind
2610 1365 2669 1425 die
2708 1360 2903 1420 Gemeind
2932 1360 3001 1420 dahs
3030 1360 3069 1420 zu
3118 1359 3383 1419 disponieren,
3402 1357 3480 1417 daß

2404 1459 2452 1519 sie
2492 1452 2608 1512 diesem
2667 1445 2783 1505 kind
2822 1438 2900 1498 nach
2929 1436 3104 1496 bemelt
3134 1436 3299 1496 Unserer
3328 1446 3543 1506 Erkandten

2407 1543 2500 1603 uuß
2548 1538 2595 1598 der
2629 1531 2842 1591 ferneren
2865 1525 3136 1585 aufenthalt
3171 1525 3418 1585 gestattind,
3430 1530 3500 1590 und

2401 1626 2465 1686 sas
2496 1622 2579 1682 noch
2600 1615 2726 1675 umb
2757 1612 2790 1672 so
2810 1609 2967 1669 ehender
3009 1607 3145 1667 beillen
3176 1607 3229 1667 sie
3260 1607 3323 1667 deß
3365 1609 3534 1669 bürger¬

2394 1706 2580 1766 rechtens
2614 1697 2707 1757 halb
2730 1692 2858 1752 nichts
2893 1690 2927 1750 zu
2974 1687 3149 1747 besorgen
3171 1687 3277 1747 habe,

2393 1799 2638 1859 Rogisorill
2666 1792 2739 1852 son
2782 1789 2841 1849 sie
2869 1789 2926 1849 deß
2956 1789 3086 1849 obigen
3114 1792 3287 1852 berichten

2375 1969 2641 2029 Echenstoft
2658 1959 2742 2019 undt
2775 1956 2924 2016 Frauto
2943 1955 3092 2015 beunn
3125 1957 3209 2017 lag
3275 1957 3326 2017 Es
3359 1955 3492 2015 habendt

2428 2059 2498 2119 War
2521 2050 2615 2110 Jacob
2651 2043 2756 2103 Fry
2779 2041 2872 2101 undt
2897 2041 2990 2101 Jacob
3025 2041 3225 2101 Eberhardt
3248 2041 3353 2101 beyde
3400 2039 3471 2099 von

2435 2134 2755 2194 Frutebrunnen
2805 2125 2856 2185 der
2881 2125 2921 2185 Ehr
2959 2125 3035 2185 halb
3047 2125 3316 2185 angesprochen
3381 2128 3535 2188 Elß¬

2439 2230 2530 2290 beth
2557 2215 2769 2275 Scheideger
2809 2210 2889 2270 Von
2915 2210 3141 2270 Utzenstoaff
3167 2213 3274 2273 weben
3287 2215 3379 2275 aber

2390 2317 2608 2377 demselben
2627 2307 2815 2367 Mutter
2845 2304 2905 2364 Sie
2925 2303 2984 2363 alß
3023 2299 3321 2359 minderJährig
3340 2291 3479 2351 under

2371 2414 2441 2474 dem
2471 2410 2598 2470 Jahren
2626 2403 2926 2463 wegszuzeüchen
2968 2394 3211 2454 verlanget,
3224 2387 3296 2447 alß
3338 2377 3509 2437 habendt
