<?xml version="1.0" encoding="UTF-8" standalone="yes"?>
<PcGts xmlns="http://schema.primaresearch.org/PAGE/gts/pagecontent/2013-07-15" xmlns:xsi="http://www.w3.org/2001/XMLSchema-instance" xsi:schemaLocation="http://schema.primaresearch.org/PAGE/gts/pagecontent/2013-07-15 http://schema.primaresearch.org/PAGE/gts/pagecontent/2013-07-15/pagecontent.xsd">
    <Metadata>
        <Creator>prov=READ-COOP:name=PyLaia@TranskribusPlatform:version=0.6.0:model_id=38215:lm=none:date=22_11_2021_11:09
prov=READ-COOP:name=PyLaia@Transkribus:version=0.6.0:model_id=38215:date=22_11_2021_11:05
prov=University of Rostock/Institute of Mathematics/CITlab|PLANET AI GmbH/Tobias Gruening/tobias.gruening@planet-ai.de:name=de.uros.citlab.module.baseline2polygon.B2PSeamMultiOriented:v=2.6.7</Creator>
        <Created>2021-08-09T15:16:25.699+02:00</Created>
        <LastChange>2021-11-22T11:09:58.768+01:00</LastChange>
        <TranskribusMetadata docId="746917" pageId="28279670" pageNr="248" tsid="68401295" status="IN_PROGRESS" userId="537" imgUrl="https://files.transkribus.eu/Get?id=XBWUNCUMHEVFBTJXIJPGMFHK&amp;fileType=view" xmlUrl="https://files.transkribus.eu/Get?id=WCLJEPVWWQKJRJZZGNVFABQG" imageId="22025151"/>
    </Metadata>
    <Page imageFilename="248.jpg" imageWidth="4032" imageHeight="3024">
        <ReadingOrder>
            <OrderedGroup id="ro_1687514971149" caption="Regions reading order">
                <RegionRefIndexed index="0" regionRef="r1"/>
                <RegionRefIndexed index="1" regionRef="r2"/>
            </OrderedGroup>
        </ReadingOrder>
        <TextRegion orientation="0.0" id="r1" custom="readingOrder {index:0;}">
            <Coords points="675,269 675,2609 2049,2609 2049,269"/>
            <TextLine id="r1l1" custom="readingOrder {index:0;}">
                <Coords points="681,351 716,349 759,362 780,350 823,354 868,343 865,233 819,217 808,229 737,225 696,248 677,244"/>
                <Baseline points="686,311 715,312 744,312 773,311 802,309 831,308 860,308"/>
                <Word id="r1l1_w1" custom="readingOrder {index:0;}">
                    <Coords points="680,272 680,332 787,332 787,272"/>
                    <TextEquiv>
                        <Unicode>496</Unicode>
                    </TextEquiv>
                </Word>
                <Word id="r1l1_w2" custom="readingOrder {index:1;}">
                    <Coords points="816,268 816,328 878,328 878,268"/>
                    <TextEquiv>
                        <Unicode>s.</Unicode>
                    </TextEquiv>
                </Word>
                <TextEquiv>
                    <Unicode>496 s.</Unicode>
                </TextEquiv>
            </TextLine>
            <TextLine id="r1l2" custom="readingOrder {index:1;}">
                <Coords points="969,463 1149,397 1198,445 1341,379 1602,391 1681,467 1768,413 1819,460 1888,414 2057,456 2060,361 1769,293 1643,283 1570,337 1080,243 975,290"/>
                <Baseline points="978,396 1031,394 1085,391 1138,387 1192,384 1245,381 1299,378 1352,377 1406,375 1459,375 1513,375 1567,376 1620,379 1674,382 1727,387 1781,392 1834,400 1888,410 1941,421 1995,433 2049,449"/>
                <Word id="r1l2_w1" custom="readingOrder {index:0;}">
                    <Coords points="977,351 977,411 1187,411 1187,351"/>
                    <TextEquiv>
                        <Unicode>Mhr</Unicode>
                    </TextEquiv>
                </Word>
                <Word id="r1l2_w2" custom="readingOrder {index:1;}">
                    <Coords points="1226,337 1226,397 1378,397 1378,337"/>
                    <TextEquiv>
                        <Unicode>Ihede</Unicode>
                    </TextEquiv>
                </Word>
                <Word id="r1l2_w3" custom="readingOrder {index:2;}">
                    <Coords points="1399,335 1399,395 1571,395 1571,335"/>
                    <TextEquiv>
                        <Unicode>Mutter</Unicode>
                    </TextEquiv>
                </Word>
                <Word id="r1l2_w4" custom="readingOrder {index:3;}">
                    <Coords points="1590,339 1590,399 1667,399 1667,339"/>
                    <TextEquiv>
                        <Unicode>das</Unicode>
                    </TextEquiv>
                </Word>
                <Word id="r1l2_w5" custom="readingOrder {index:4;}">
                    <Coords points="1685,347 1685,407 1781,407 1781,347"/>
                    <TextEquiv>
                        <Unicode>size</Unicode>
                    </TextEquiv>
                </Word>
                <Word id="r1l2_w6" custom="readingOrder {index:5;}">
                    <Coords points="1799,379 1799,439 2070,439 2070,379"/>
                    <TextEquiv>
                        <Unicode>Richtrachlen</Unicode>
                    </TextEquiv>
                </Word>
                <TextEquiv>
                    <Unicode>Mhr Ihede Mutter das size Richtrachlen</Unicode>
                </TextEquiv>
            </TextLine>
            <TextLine id="r1l3" custom="readingOrder {index:2;}">
                <Coords points="1006,521 1087,477 1596,473 2022,551 2035,462 1953,422 1675,459 1575,392 1434,389 1195,445 1111,403 1008,462"/>
                <Baseline points="1014,485 1064,482 1115,480 1165,477 1216,476 1266,474 1317,473 1367,473 1418,473 1468,474 1519,475 1570,477 1620,479 1671,482 1721,487 1772,491 1822,497 1873,502 1923,510 1974,518 2025,527"/>
                <Word id="r1l3_w1" custom="readingOrder {index:0;}">
                    <Coords points="1021,440 1021,500 1205,500 1205,440"/>
                    <TextEquiv>
                        <Unicode>Erdnung</Unicode>
                    </TextEquiv>
                </Word>
                <Word id="r1l3_w2" custom="readingOrder {index:1;}">
                    <Coords points="1231,433 1231,493 1401,493 1401,433"/>
                    <TextEquiv>
                        <Unicode>erthilet,</Unicode>
                    </TextEquiv>
                </Word>
                <Word id="r1l3_w3" custom="readingOrder {index:2;}">
                    <Coords points="1414,433 1414,493 1506,493 1506,433"/>
                    <TextEquiv>
                        <Unicode>undt</Unicode>
                    </TextEquiv>
                </Word>
                <Word id="r1l3_w4" custom="readingOrder {index:3;}">
                    <Coords points="1532,438 1532,498 1663,498 1663,438"/>
                    <TextEquiv>
                        <Unicode>dieser</Unicode>
                    </TextEquiv>
                </Word>
                <Word id="r1l3_w5" custom="readingOrder {index:4;}">
                    <Coords points="1702,449 1702,509 1808,509 1808,449"/>
                    <TextEquiv>
                        <Unicode>Ehe-</Unicode>
                    </TextEquiv>
                </Word>
                <Word id="r1l3_w6" custom="readingOrder {index:5;}">
                    <Coords points="1821,471 1821,531 2045,531 2045,471"/>
                    <TextEquiv>
                        <Unicode>Verschrecheng</Unicode>
                    </TextEquiv>
                </Word>
                <TextEquiv>
                    <Unicode>Erdnung erthilet, undt dieser Ehe- Verschrecheng</Unicode>
                </TextEquiv>
            </TextLine>
            <TextLine id="r1l4" custom="readingOrder {index:3;}">
                <Coords points="1004,644 1082,589 1274,563 1861,599 1903,639 2058,599 1975,527 1930,561 1683,481 1538,551 1461,478 1224,486 1153,526 1087,478 1010,522"/>
                <Baseline points="1014,579 1065,576 1117,573 1169,570 1221,569 1272,567 1324,566 1376,566 1428,566 1479,566 1531,569 1583,570 1635,573 1686,577 1738,582 1790,588 1842,595 1893,603 1945,613 1997,622 2049,635"/>
                <Word id="r1l4_w1" custom="readingOrder {index:0;}">
                    <Coords points="1010,531 1010,591 1274,591 1274,531"/>
                    <TextEquiv>
                        <Unicode>aufgehoben,</Unicode>
                    </TextEquiv>
                </Word>
                <Word id="r1l4_w2" custom="readingOrder {index:1;}">
                    <Coords points="1306,526 1306,586 1405,586 1405,526"/>
                    <TextEquiv>
                        <Unicode>undt</Unicode>
                    </TextEquiv>
                </Word>
                <Word id="r1l4_w3" custom="readingOrder {index:2;}">
                    <Coords points="1421,528 1421,588 1637,588 1637,528"/>
                    <TextEquiv>
                        <Unicode>siemahlen</Unicode>
                    </TextEquiv>
                </Word>
                <Word id="r1l4_w4" custom="readingOrder {index:3;}">
                    <Coords points="1654,537 1654,597 1736,597 1736,537"/>
                    <TextEquiv>
                        <Unicode>Sie</Unicode>
                    </TextEquiv>
                </Word>
                <Word id="r1l4_w5" custom="readingOrder {index:4;}">
                    <Coords points="1769,550 1769,610 1851,610 1851,550"/>
                    <TextEquiv>
                        <Unicode>Bey</Unicode>
                    </TextEquiv>
                </Word>
                <Word id="r1l4_w6" custom="readingOrder {index:5;}">
                    <Coords points="1902,578 1902,638 2049,638 2049,578"/>
                    <TextEquiv>
                        <Unicode>Veseh</Unicode>
                    </TextEquiv>
                </Word>
                <TextEquiv>
                    <Unicode>aufgehoben, undt siemahlen Sie Bey Veseh</Unicode>
                </TextEquiv>
            </TextLine>
            <TextLine id="r1l5" custom="readingOrder {index:4;}">
                <Coords points="1024,679 1163,661 1314,720 1499,657 1680,686 1761,761 1860,712 1930,747 2041,716 2001,654 1724,588 1666,625 1603,586 1538,611 1267,567 1026,626"/>
                <Baseline points="1032,669 1082,666 1132,664 1182,662 1232,660 1282,659 1332,659 1382,659 1432,659 1482,660 1533,662 1583,663 1633,666 1683,669 1733,673 1783,677 1833,682 1883,687 1933,693 1983,699 2034,707"/>
                <Word id="r1l5_w1" custom="readingOrder {index:0;}">
                    <Coords points="1028,627 1028,687 1102,687 1102,627"/>
                    <TextEquiv>
                        <Unicode>bane</Unicode>
                    </TextEquiv>
                </Word>
                <Word id="r1l5_w2" custom="readingOrder {index:1;}">
                    <Coords points="1146,622 1146,682 1191,682 1191,622"/>
                    <TextEquiv>
                        <Unicode>e</Unicode>
                    </TextEquiv>
                </Word>
                <Word id="r1l5_w3" custom="readingOrder {index:2;}">
                    <Coords points="1220,619 1220,679 1294,679 1294,619"/>
                    <TextEquiv>
                        <Unicode>eige</Unicode>
                    </TextEquiv>
                </Word>
                <Word id="r1l5_w4" custom="readingOrder {index:3;}">
                    <Coords points="1309,619 1309,679 1414,679 1414,619"/>
                    <TextEquiv>
                        <Unicode>errn</Unicode>
                    </TextEquiv>
                </Word>
                <Word id="r1l5_w5" custom="readingOrder {index:4;}">
                    <Coords points="1443,621 1443,681 1577,681 1577,621"/>
                    <TextEquiv>
                        <Unicode>rumb</Unicode>
                    </TextEquiv>
                </Word>
                <Word id="r1l5_w6" custom="readingOrder {index:5;}">
                    <Coords points="1620,627 1620,687 1680,687 1680,627"/>
                    <TextEquiv>
                        <Unicode>36</Unicode>
                    </TextEquiv>
                </Word>
                <Word id="r1l5_w7" custom="readingOrder {index:6;}">
                    <Coords points="1709,634 1709,694 1783,694 1783,634"/>
                    <TextEquiv>
                        <Unicode>lb.</Unicode>
                    </TextEquiv>
                </Word>
                <Word id="r1l5_w8" custom="readingOrder {index:7;}">
                    <Coords points="1798,648 1798,708 1992,708 1992,648"/>
                    <TextEquiv>
                        <Unicode>bißblet</Unicode>
                    </TextEquiv>
                </Word>
                <TextEquiv>
                    <Unicode>bane e eige errn rumb 36 lb. bißblet</Unicode>
                </TextEquiv>
            </TextLine>
            <TextLine id="r1l6" custom="readingOrder {index:5;}">
                <Coords points="993,809 1279,824 1407,890 1631,820 1714,856 1820,837 1867,878 2019,862 2052,805 1983,826 1728,735 1660,783 1589,751 1492,793 1372,738 1173,744 1074,674 997,704"/>
                <Baseline points="999,821 1051,819 1103,818 1155,816 1207,815 1260,815 1312,815 1364,816 1416,818 1468,819 1521,821 1573,824 1625,825 1677,829 1729,832 1782,836 1834,839 1886,843 1938,848 1990,852 2043,857"/>
                <Word id="r1l6_w1" custom="readingOrder {index:0;}">
                    <Coords points="1014,778 1014,838 1095,838 1095,778"/>
                    <TextEquiv>
                        <Unicode>Vo</Unicode>
                    </TextEquiv>
                </Word>
                <Word id="r1l6_w2" custom="readingOrder {index:1;}">
                    <Coords points="1126,775 1126,835 1320,835 1320,775"/>
                    <TextEquiv>
                        <Unicode>Elßtbeth</Unicode>
                    </TextEquiv>
                </Word>
                <Word id="r1l6_w3" custom="readingOrder {index:2;}">
                    <Coords points="1351,778 1351,838 1513,838 1513,778"/>
                    <TextEquiv>
                        <Unicode>Menge</Unicode>
                    </TextEquiv>
                </Word>
                <Word id="r1l6_w4" custom="readingOrder {index:3;}">
                    <Coords points="1545,784 1545,844 1626,844 1626,784"/>
                    <TextEquiv>
                        <Unicode>Von</Unicode>
                    </TextEquiv>
                </Word>
                <Word id="r1l6_w5" custom="readingOrder {index:4;}">
                    <Coords points="1675,796 1675,856 1916,856 1916,796"/>
                    <TextEquiv>
                        <Unicode>Röthenboch</Unicode>
                    </TextEquiv>
                </Word>
                <Word id="r1l6_w6" custom="readingOrder {index:5;}">
                    <Coords points="1931,811 1931,871 2028,871 2028,811"/>
                    <TextEquiv>
                        <Unicode>sonst</Unicode>
                    </TextEquiv>
                </Word>
                <TextEquiv>
                    <Unicode>Vo Elßtbeth Menge Von Röthenboch sonst</Unicode>
                </TextEquiv>
            </TextLine>
            <TextLine id="r1l7" custom="readingOrder {index:6;}">
                <Coords points="681,890 728,898 743,886 797,916 876,878 943,921 1018,910 1015,812 986,797 923,810 899,799 851,837 825,835 785,801 734,802 680,836"/>
                <Baseline points="689,884 715,880 742,878 769,877 796,876 822,875 849,876 876,876 903,876 929,875 956,874 983,871 1010,869"/>
                <Word id="r1l7_w1" custom="readingOrder {index:0;}">
                    <Coords points="705,836 705,896 860,896 860,836"/>
                    <TextEquiv>
                        <Unicode>Wenger</Unicode>
                    </TextEquiv>
                </Word>
                <Word id="r1l7_w2" custom="readingOrder {index:1;}">
                    <Coords points="884,834 884,894 1015,894 1015,834"/>
                    <TextEquiv>
                        <Unicode>Elßbet</Unicode>
                    </TextEquiv>
                </Word>
                <TextEquiv>
                    <Unicode>Wenger Elßbet</Unicode>
                </TextEquiv>
            </TextLine>
            <TextLine id="r1l8" custom="readingOrder {index:7;}">
                <Coords points="1051,931 1315,906 1398,978 1572,914 1890,974 2047,949 2049,898 1902,849 1639,865 1593,824 1422,891 1264,833 1197,881 1134,834 1054,862"/>
                <Baseline points="1059,911 1108,911 1157,911 1206,911 1255,911 1304,911 1353,912 1402,913 1451,915 1500,917 1549,918 1598,920 1647,922 1696,925 1745,927 1794,930 1843,933 1892,937 1941,940 1990,944 2040,947"/>
                <Word id="r1l8_w1" custom="readingOrder {index:0;}">
                    <Coords points="1065,871 1065,931 1260,931 1260,871"/>
                    <TextEquiv>
                        <Unicode>klagender</Unicode>
                    </TextEquiv>
                </Word>
                <Word id="r1l8_w2" custom="readingOrder {index:1;}">
                    <Coords points="1285,871 1285,931 1359,931 1359,871"/>
                    <TextEquiv>
                        <Unicode>Ehe</Unicode>
                    </TextEquiv>
                </Word>
                <Word id="r1l8_w3" custom="readingOrder {index:2;}">
                    <Coords points="1383,876 1383,936 1591,936 1591,876"/>
                    <TextEquiv>
                        <Unicode>amsfrach</Unicode>
                    </TextEquiv>
                </Word>
                <Word id="r1l8_w4" custom="readingOrder {index:3;}">
                    <Coords points="1641,883 1641,943 1702,943 1702,883"/>
                    <TextEquiv>
                        <Unicode>Ihr</Unicode>
                    </TextEquiv>
                </Word>
                <Word id="r1l8_w5" custom="readingOrder {index:4;}">
                    <Coords points="1726,887 1726,947 1788,947 1788,887"/>
                    <TextEquiv>
                        <Unicode>zur</Unicode>
                    </TextEquiv>
                </Word>
                <Word id="r1l8_w6" custom="readingOrder {index:5;}">
                    <Coords points="1813,899 1813,959 2045,959 2045,899"/>
                    <TextEquiv>
                        <Unicode>Weltgebohre</Unicode>
                    </TextEquiv>
                </Word>
                <TextEquiv>
                    <Unicode>klagender Ehe amsfrach Ihr zur Weltgebohre</Unicode>
                </TextEquiv>
            </TextLine>
            <TextLine id="r1l9" custom="readingOrder {index:8;}">
                <Coords points="676,1037 756,1037 776,1024 810,1036 845,1015 865,1028 884,1014 928,1012 943,1026 969,1017 997,999 995,881 969,879 928,906 874,878 797,917 741,886 689,920 674,916"/>
                <Baseline points="683,975 708,974 734,974 759,972 785,972 810,971 836,971 862,969 887,969 913,969 938,969 964,970 990,971"/>
                <Word id="r1l9_w1" custom="readingOrder {index:0;}">
                    <Coords points="696,932 696,992 809,992 809,932"/>
                    <TextEquiv>
                        <Unicode>Wyß</Unicode>
                    </TextEquiv>
                </Word>
                <Word id="r1l9_w2" custom="readingOrder {index:1;}">
                    <Coords points="859,929 859,989 989,989 989,929"/>
                    <TextEquiv>
                        <Unicode>Jbauns</Unicode>
                    </TextEquiv>
                </Word>
                <TextEquiv>
                    <Unicode>Wyß Jbauns</Unicode>
                </TextEquiv>
            </TextLine>
            <TextLine id="r1l10" custom="readingOrder {index:9;}">
                <Coords points="1025,1008 1375,1006 1430,1049 1609,1013 1748,1051 1996,1031 1998,950 1611,954 1572,914 1439,979 1331,922 1167,916 1026,960"/>
                <Baseline points="1032,1007 1079,1005 1127,1004 1175,1004 1223,1002 1271,1004 1319,1004 1366,1004 1414,1005 1462,1005 1510,1007 1558,1008 1606,1010 1654,1011 1701,1012 1749,1013 1797,1014 1845,1016 1893,1017 1941,1017 1989,1019"/>
                <Word id="r1l10_w1" custom="readingOrder {index:0;}">
                    <Coords points="1036,964 1036,1024 1146,1024 1146,964"/>
                    <TextEquiv>
                        <Unicode>kindt</Unicode>
                    </TextEquiv>
                </Word>
                <Word id="r1l10_w2" custom="readingOrder {index:1;}">
                    <Coords points="1169,962 1169,1022 1234,1022 1234,962"/>
                    <TextEquiv>
                        <Unicode>dem</Unicode>
                    </TextEquiv>
                </Word>
                <Word id="r1l10_w3" custom="readingOrder {index:2;}">
                    <Coords points="1289,964 1289,1024 1488,1024 1488,964"/>
                    <TextEquiv>
                        <Unicode>Johanneß</Unicode>
                    </TextEquiv>
                </Word>
                <Word id="r1l10_w4" custom="readingOrder {index:3;}">
                    <Coords points="1554,970 1554,1030 1753,1030 1753,970"/>
                    <TextEquiv>
                        <Unicode>Wyßauß</Unicode>
                    </TextEquiv>
                </Word>
                <Word id="r1l10_w5" custom="readingOrder {index:4;}">
                    <Coords points="1797,976 1797,1036 1984,1036 1984,976"/>
                    <TextEquiv>
                        <Unicode>Stralsundt</Unicode>
                    </TextEquiv>
                </Word>
                <TextEquiv>
                    <Unicode>kindt dem Johanneß Wyßauß Stralsundt</Unicode>
                </TextEquiv>
            </TextLine>
            <TextLine id="r1l11" custom="readingOrder {index:10;}">
                <Coords points="1006,1165 1138,1097 1324,1105 1405,1163 1468,1110 1595,1097 1722,1103 1776,1144 1847,1095 1920,1112 1938,1071 1628,1017 1429,1049 1376,1006 1275,1007 1197,1068 1063,1012 1005,1037"/>
                <Baseline points="1013,1098 1058,1098 1104,1100 1150,1100 1196,1100 1242,1100 1288,1100 1334,1100 1380,1100 1426,1100 1472,1100 1517,1100 1563,1098 1609,1098 1655,1098 1701,1098 1747,1097 1793,1097 1839,1095 1885,1095 1931,1094"/>
                <Word id="r1l11_w1" custom="readingOrder {index:0;}">
                    <Coords points="1007,1060 1007,1120 1267,1120 1267,1060"/>
                    <TextEquiv>
                        <Unicode>zugefignet,</Unicode>
                    </TextEquiv>
                </Word>
                <Word id="r1l11_w2" custom="readingOrder {index:1;}">
                    <Coords points="1295,1060 1295,1120 1359,1120 1359,1060"/>
                    <TextEquiv>
                        <Unicode>daß</Unicode>
                    </TextEquiv>
                </Word>
                <Word id="r1l11_w3" custom="readingOrder {index:2;}">
                    <Coords points="1399,1060 1399,1120 1450,1120 1450,1060"/>
                    <TextEquiv>
                        <Unicode>sie</Unicode>
                    </TextEquiv>
                </Word>
                <Word id="r1l11_w4" custom="readingOrder {index:3;}">
                    <Coords points="1463,1058 1463,1118 1620,1118 1620,1058"/>
                    <TextEquiv>
                        <Unicode>selbishes</Unicode>
                    </TextEquiv>
                </Word>
                <Word id="r1l11_w5" custom="readingOrder {index:4;}">
                    <Coords points="1659,1058 1659,1118 1712,1118 1712,1058"/>
                    <TextEquiv>
                        <Unicode>fi</Unicode>
                    </TextEquiv>
                </Word>
                <Word id="r1l11_w6" custom="readingOrder {index:5;}">
                    <Coords points="1737,1057 1737,1117 1816,1117 1816,1057"/>
                    <TextEquiv>
                        <Unicode>Jahr</Unicode>
                    </TextEquiv>
                </Word>
                <Word id="r1l11_w7" custom="readingOrder {index:6;}">
                    <Coords points="1842,1054 1842,1114 1948,1114 1948,1054"/>
                    <TextEquiv>
                        <Unicode>lange</Unicode>
                    </TextEquiv>
                </Word>
                <TextEquiv>
                    <Unicode>zugefignet, daß sie selbishes fi Jahr lange</Unicode>
                </TextEquiv>
            </TextLine>
            <TextLine id="r1l12" custom="readingOrder {index:11;}">
                <Coords points="1009,1210 1150,1251 1275,1195 1581,1213 1736,1180 1826,1217 2022,1154 1943,1101 1777,1144 1725,1103 1691,1131 1557,1103 1400,1163 1244,1095 1090,1111 1007,1164"/>
                <Baseline points="1016,1193 1068,1194 1121,1194 1173,1194 1226,1194 1278,1193 1331,1193 1384,1191 1436,1190 1489,1188 1541,1187 1594,1185 1646,1184 1699,1182 1752,1179 1804,1178 1857,1175 1909,1173 1962,1170 2015,1169"/>
                <Word id="r1l12_w1" custom="readingOrder {index:0;}">
                    <Coords points="1009,1153 1009,1213 1045,1213 1045,1153"/>
                    <TextEquiv>
                        <Unicode>Me</Unicode>
                    </TextEquiv>
                </Word>
                <Word id="r1l12_w2" custom="readingOrder {index:1;}">
                    <Coords points="1069,1154 1069,1214 1106,1214 1106,1154"/>
                    <TextEquiv>
                        <Unicode>n</Unicode>
                    </TextEquiv>
                </Word>
                <Word id="r1l12_w3" custom="readingOrder {index:2;}">
                    <Coords points="1118,1154 1118,1214 1264,1214 1264,1154"/>
                    <TextEquiv>
                        <Unicode>ngnHern</Unicode>
                    </TextEquiv>
                </Word>
                <Word id="r1l12_w4" custom="readingOrder {index:3;}">
                    <Coords points="1288,1149 1288,1209 1605,1209 1605,1149"/>
                    <TextEquiv>
                        <Unicode>bottmeßigkeit</Unicode>
                    </TextEquiv>
                </Word>
                <Word id="r1l12_w5" custom="readingOrder {index:4;}">
                    <Coords points="1630,1143 1630,1203 1666,1203 1666,1143"/>
                    <TextEquiv>
                        <Unicode>do</Unicode>
                    </TextEquiv>
                </Word>
                <Word id="r1l12_w6" custom="readingOrder {index:5;}">
                    <Coords points="1690,1136 1690,1196 1959,1196 1959,1136"/>
                    <TextEquiv>
                        <Unicode>Zichelößen</Unicode>
                    </TextEquiv>
                </Word>
                <TextEquiv>
                    <Unicode>Me n ngnHern bottmeßigkeit do Zichelößen</Unicode>
                </TextEquiv>
            </TextLine>
            <TextLine id="r1l13" custom="readingOrder {index:12;}">
                <Coords points="1004,1338 1168,1284 1432,1273 1532,1330 1672,1273 1770,1328 1860,1272 2028,1266 2028,1218 1875,1196 1829,1234 1613,1248 1423,1193 1003,1240"/>
                <Baseline points="1011,1275 1061,1274 1112,1272 1162,1272 1213,1271 1263,1271 1314,1271 1364,1269 1415,1269 1465,1269 1516,1269 1566,1269 1617,1268 1667,1268 1718,1268 1768,1266 1819,1265 1869,1264 1920,1262 1970,1260 2021,1257"/>
                <Word id="r1l13_w1" custom="readingOrder {index:0;}">
                    <Coords points="1005,1233 1005,1293 1140,1293 1140,1233"/>
                    <TextEquiv>
                        <Unicode>möge,</Unicode>
                    </TextEquiv>
                </Word>
                <Word id="r1l13_w2" custom="readingOrder {index:1;}">
                    <Coords points="1176,1231 1176,1291 1238,1291 1238,1231"/>
                    <TextEquiv>
                        <Unicode>Ein</Unicode>
                    </TextEquiv>
                </Word>
                <Word id="r1l13_w3" custom="readingOrder {index:2;}">
                    <Coords points="1275,1229 1275,1289 1545,1289 1545,1229"/>
                    <TextEquiv>
                        <Unicode>bewilligund</Unicode>
                    </TextEquiv>
                </Word>
                <Word id="r1l13_w4" custom="readingOrder {index:3;}">
                    <Coords points="1557,1228 1557,1288 1693,1288 1693,1228"/>
                    <TextEquiv>
                        <Unicode>schein:</Unicode>
                    </TextEquiv>
                </Word>
                <Word id="r1l13_w5" custom="readingOrder {index:4;}">
                    <Coords points="1730,1226 1730,1286 1778,1286 1778,1226"/>
                    <TextEquiv>
                        <Unicode>ad</Unicode>
                    </TextEquiv>
                </Word>
                <Word id="r1l13_w6" custom="readingOrder {index:5;}">
                    <Coords points="1802,1222 1802,1282 2024,1282 2024,1222"/>
                    <TextEquiv>
                        <Unicode>formam.</Unicode>
                    </TextEquiv>
                </Word>
                <TextEquiv>
                    <Unicode>möge, Ein bewilligund schein: ad formam.</Unicode>
                </TextEquiv>
            </TextLine>
            <TextLine id="r1l14" custom="readingOrder {index:13;}">
                <Coords points="980,1409 1583,1384 1689,1443 1792,1441 1953,1416 2037,1365 2036,1317 1830,1285 1771,1332 1709,1301 1570,1362 1420,1331 1307,1366 1175,1303 979,1362"/>
                <Baseline points="986,1394 1038,1392 1090,1392 1142,1392 1194,1391 1247,1391 1299,1389 1351,1389 1403,1388 1455,1386 1508,1385 1560,1383 1612,1382 1664,1380 1716,1379 1769,1377 1821,1374 1873,1371 1925,1370 1977,1367 2030,1364"/>
                <Word id="r1l14_w1" custom="readingOrder {index:0;}">
                    <Coords points="993,1352 993,1412 1081,1412 1081,1352"/>
                    <TextEquiv>
                        <Unicode>N.</Unicode>
                    </TextEquiv>
                </Word>
                <Word id="r1l14_w2" custom="readingOrder {index:1;}">
                    <Coords points="1094,1352 1094,1412 1143,1412 1143,1352"/>
                    <TextEquiv>
                        <Unicode>die</Unicode>
                    </TextEquiv>
                </Word>
                <Word id="r1l14_w3" custom="readingOrder {index:2;}">
                    <Coords points="1168,1351 1168,1411 1319,1411 1319,1351"/>
                    <TextEquiv>
                        <Unicode>Wenger</Unicode>
                    </TextEquiv>
                </Word>
                <Word id="r1l14_w4" custom="readingOrder {index:3;}">
                    <Coords points="1331,1348 1331,1408 1419,1408 1419,1348"/>
                    <TextEquiv>
                        <Unicode>soll</Unicode>
                    </TextEquiv>
                </Word>
                <Word id="r1l14_w5" custom="readingOrder {index:4;}">
                    <Coords points="1444,1345 1444,1405 1508,1405 1508,1345"/>
                    <TextEquiv>
                        <Unicode>sich</Unicode>
                    </TextEquiv>
                </Word>
                <Word id="r1l14_w6" custom="readingOrder {index:5;}">
                    <Coords points="1532,1342 1532,1402 1606,1402 1606,1342"/>
                    <TextEquiv>
                        <Unicode>nach</Unicode>
                    </TextEquiv>
                </Word>
                <Word id="r1l14_w7" custom="readingOrder {index:6;}">
                    <Coords points="1657,1335 1657,1395 1932,1395 1932,1335"/>
                    <TextEquiv>
                        <Unicode>Verflüßung</Unicode>
                    </TextEquiv>
                </Word>
                <Word id="r1l14_w8" custom="readingOrder {index:7;}">
                    <Coords points="1958,1326 1958,1386 2020,1386 2020,1326"/>
                    <TextEquiv>
                        <Unicode>dise</Unicode>
                    </TextEquiv>
                </Word>
                <TextEquiv>
                    <Unicode>N. die Wenger soll sich nach Verflüßung dise</Unicode>
                </TextEquiv>
            </TextLine>
            <TextLine id="r1l15" custom="readingOrder {index:14;}">
                <Coords points="974,1527 1060,1514 1124,1475 1213,1502 1304,1482 1362,1505 1420,1484 1494,1492 1496,1401 1326,1386 1279,1412 1251,1395 1144,1419 1062,1395 975,1437"/>
                <Baseline points="981,1482 1006,1479 1031,1476 1057,1474 1082,1472 1107,1472 1133,1470 1158,1470 1183,1472 1209,1472 1234,1473 1259,1473 1285,1475 1310,1476 1335,1478 1361,1479 1386,1480 1411,1481 1437,1482 1462,1482 1488,1482"/>
                <Word id="r1l15_w1" custom="readingOrder {index:0;}">
                    <Coords points="1003,1434 1003,1494 1099,1494 1099,1434"/>
                    <TextEquiv>
                        <Unicode>zeth</Unicode>
                    </TextEquiv>
                </Word>
                <Word id="r1l15_w2" custom="readingOrder {index:1;}">
                    <Coords points="1112,1432 1112,1492 1315,1492 1315,1432"/>
                    <TextEquiv>
                        <Unicode>widerumb</Unicode>
                    </TextEquiv>
                </Word>
                <Word id="r1l15_w3" custom="readingOrder {index:2;}">
                    <Coords points="1343,1441 1343,1501 1506,1501 1506,1441"/>
                    <TextEquiv>
                        <Unicode>stellter.</Unicode>
                    </TextEquiv>
                </Word>
                <TextEquiv>
                    <Unicode>zeth widerumb stellter.</Unicode>
                </TextEquiv>
            </TextLine>
            <TextLine id="r1l16" custom="readingOrder {index:15;}">
                <Coords points="1007,1661 1437,1635 1661,1695 1747,1658 1802,1689 1883,1631 2013,1612 2012,1557 1800,1532 1414,1591 1114,1531 1004,1560"/>
                <Baseline points="1013,1635 1062,1637 1112,1637 1161,1638 1211,1638 1261,1638 1310,1638 1360,1638 1410,1638 1459,1638 1509,1637 1559,1635 1608,1632 1658,1631 1708,1628 1757,1625 1807,1621 1857,1617 1906,1612 1956,1606 2006,1599"/>
                <Word id="r1l16_w1" custom="readingOrder {index:0;}">
                    <Coords points="1008,1597 1008,1657 1159,1657 1159,1597"/>
                    <TextEquiv>
                        <Unicode>Gedul</Unicode>
                    </TextEquiv>
                </Word>
                <Word id="r1l16_w2" custom="readingOrder {index:1;}">
                    <Coords points="1189,1598 1189,1658 1235,1658 1235,1598"/>
                    <TextEquiv>
                        <Unicode>an</Unicode>
                    </TextEquiv>
                </Word>
                <Word id="r1l16_w3" custom="readingOrder {index:2;}">
                    <Coords points="1280,1598 1280,1658 1371,1658 1371,1598"/>
                    <TextEquiv>
                        <Unicode>Eine</Unicode>
                    </TextEquiv>
                </Word>
                <Word id="r1l16_w4" custom="readingOrder {index:3;}">
                    <Coords points="1400,1597 1400,1657 1597,1657 1597,1597"/>
                    <TextEquiv>
                        <Unicode>Ehrende</Unicode>
                    </TextEquiv>
                </Word>
                <Word id="r1l16_w5" custom="readingOrder {index:4;}">
                    <Coords points="1629,1582 1629,1642 1946,1642 1946,1582"/>
                    <TextEquiv>
                        <Unicode>Meisterschafft</Unicode>
                    </TextEquiv>
                </Word>
                <TextEquiv>
                    <Unicode>Gedul an Eine Ehrende Meisterschafft</Unicode>
                </TextEquiv>
            </TextLine>
            <TextLine id="r1l17" custom="readingOrder {index:16;}">
                <Coords points="739,1703 789,1692 822,1702 843,1687 890,1704 907,1699 896,1587 847,1598 838,1592 832,1600 793,1609 775,1601 759,1611 729,1605"/>
                <Baseline points="744,1686 769,1684 795,1683 820,1681 846,1677 871,1674 897,1671"/>
                <Word id="r1l17_w1" custom="readingOrder {index:0;}">
                    <Coords points="751,1643 751,1703 795,1703 795,1643"/>
                    <TextEquiv>
                        <Unicode>ob</Unicode>
                    </TextEquiv>
                </Word>
                <Word id="r1l17_w2" custom="readingOrder {index:1;}">
                    <Coords points="828,1634 828,1694 905,1694 905,1634"/>
                    <TextEquiv>
                        <Unicode>I:</Unicode>
                    </TextEquiv>
                </Word>
                <TextEquiv>
                    <Unicode>ob I:</Unicode>
                </TextEquiv>
            </TextLine>
            <TextLine id="r1l18" custom="readingOrder {index:17;}">
                <Coords points="1010,1765 1068,1724 1162,1791 1303,1729 1500,1786 1736,1721 1809,1773 2025,1699 1979,1637 1670,1704 1439,1640 1368,1673 1269,1637 1134,1694 1065,1648 1008,1670"/>
                <Baseline points="1016,1719 1066,1723 1116,1725 1166,1727 1216,1730 1266,1731 1316,1731 1366,1731 1416,1731 1466,1731 1517,1731 1567,1729 1617,1726 1667,1724 1717,1721 1767,1718 1817,1713 1867,1708 1917,1702 1967,1696 2018,1689"/>
                <Word id="r1l18_w1" custom="readingOrder {index:0;}">
                    <Coords points="1011,1690 1011,1750 1508,1750 1508,1690"/>
                    <TextEquiv>
                        <Unicode>Schreie-Handtverts.</Unicode>
                    </TextEquiv>
                </Word>
                <Word id="r1l18_w2" custom="readingOrder {index:1;}">
                    <Coords points="1536,1687 1536,1747 1643,1747 1643,1687"/>
                    <TextEquiv>
                        <Unicode>Ihne</Unicode>
                    </TextEquiv>
                </Word>
                <Word id="r1l18_w3" custom="readingOrder {index:2;}">
                    <Coords points="1683,1674 1683,1734 1912,1734 1912,1674"/>
                    <TextEquiv>
                        <Unicode>auffragen</Unicode>
                    </TextEquiv>
                </Word>
                <Word id="r1l18_w4" custom="readingOrder {index:3;}">
                    <Coords points="1939,1656 1939,1716 1993,1716 1993,1656"/>
                    <TextEquiv>
                        <Unicode>der</Unicode>
                    </TextEquiv>
                </Word>
                <TextEquiv>
                    <Unicode>Schreie-Handtverts. Ihne auffragen der</Unicode>
                </TextEquiv>
            </TextLine>
            <TextLine id="r1l19" custom="readingOrder {index:18;}">
                <Coords points="1004,1836 1366,1852 1887,1799 1941,1844 2034,1800 2033,1748 1858,1733 1805,1775 1735,1720 1499,1787 1248,1746 1150,1796 1070,1746 1002,1765"/>
                <Baseline points="1010,1806 1060,1812 1111,1816 1162,1820 1213,1822 1264,1823 1315,1824 1365,1824 1416,1824 1467,1823 1518,1821 1569,1820 1620,1817 1671,1815 1721,1811 1772,1808 1823,1805 1874,1801 1925,1797 1976,1793 2027,1790"/>
                <Word id="r1l19_w1" custom="readingOrder {index:0;}">
                    <Coords points="1012,1774 1012,1834 1166,1834 1166,1774"/>
                    <TextEquiv>
                        <Unicode>Wenger</Unicode>
                    </TextEquiv>
                </Word>
                <Word id="r1l19_w2" custom="readingOrder {index:1;}">
                    <Coords points="1197,1782 1197,1842 1300,1842 1300,1782"/>
                    <TextEquiv>
                        <Unicode>dahin</Unicode>
                    </TextEquiv>
                </Word>
                <Word id="r1l19_w3" custom="readingOrder {index:2;}">
                    <Coords points="1332,1783 1332,1843 1599,1843 1599,1783"/>
                    <TextEquiv>
                        <Unicode>behülfflich</Unicode>
                    </TextEquiv>
                </Word>
                <Word id="r1l19_w4" custom="readingOrder {index:3;}">
                    <Coords points="1641,1775 1641,1835 1682,1835 1682,1775"/>
                    <TextEquiv>
                        <Unicode>zu</Unicode>
                    </TextEquiv>
                </Word>
                <Word id="r1l19_w5" custom="readingOrder {index:4;}">
                    <Coords points="1702,1770 1702,1830 1754,1830 1754,1770"/>
                    <TextEquiv>
                        <Unicode>sei</Unicode>
                    </TextEquiv>
                </Word>
                <Word id="r1l19_w6" custom="readingOrder {index:5;}">
                    <Coords points="1795,1765 1795,1825 1837,1825 1837,1765"/>
                    <TextEquiv>
                        <Unicode>ob</Unicode>
                    </TextEquiv>
                </Word>
                <Word id="r1l19_w7" custom="readingOrder {index:6;}">
                    <Coords points="1868,1755 1868,1815 2012,1815 2012,1755"/>
                    <TextEquiv>
                        <Unicode>viellicht</Unicode>
                    </TextEquiv>
                </Word>
                <TextEquiv>
                    <Unicode>Wenger dahin behülfflich zu sei ob viellicht</Unicode>
                </TextEquiv>
            </TextLine>
            <TextLine id="r1l20" custom="readingOrder {index:19;}">
                <Coords points="1004,1926 1195,1913 1249,1954 1295,1917 1488,1915 1545,1961 1678,1893 1993,1878 1990,1790 1876,1847 1694,1802 1531,1892 1457,1827 1300,1870 1076,1816 1002,1873"/>
                <Baseline points="1010,1899 1058,1903 1107,1905 1156,1907 1205,1908 1253,1910 1302,1910 1351,1910 1400,1910 1448,1908 1497,1907 1546,1904 1595,1902 1643,1899 1692,1895 1741,1891 1790,1886 1838,1880 1887,1874 1936,1867 1985,1860"/>
                <Word id="r1l20_w1" custom="readingOrder {index:0;}">
                    <Coords points="1021,1862 1021,1922 1079,1922 1079,1862"/>
                    <TextEquiv>
                        <Unicode>der</Unicode>
                    </TextEquiv>
                </Word>
                <Word id="r1l20_w2" custom="readingOrder {index:1;}">
                    <Coords points="1109,1868 1109,1928 1303,1928 1303,1868"/>
                    <TextEquiv>
                        <Unicode>Johannß</Unicode>
                    </TextEquiv>
                </Word>
                <Word id="r1l20_w3" custom="readingOrder {index:2;}">
                    <Coords points="1361,1869 1361,1929 1466,1929 1466,1869"/>
                    <TextEquiv>
                        <Unicode>Myß</Unicode>
                    </TextEquiv>
                </Word>
                <Word id="r1l20_w4" custom="readingOrder {index:3;}">
                    <Coords points="1512,1863 1512,1923 1585,1923 1585,1863"/>
                    <TextEquiv>
                        <Unicode>alß</Unicode>
                    </TextEquiv>
                </Word>
                <Word id="r1l20_w5" custom="readingOrder {index:4;}">
                    <Coords points="1631,1857 1631,1917 1704,1917 1704,1857"/>
                    <TextEquiv>
                        <Unicode>Ein</Unicode>
                    </TextEquiv>
                </Word>
                <Word id="r1l20_w6" custom="readingOrder {index:5;}">
                    <Coords points="1733,1842 1733,1902 1898,1902 1898,1842"/>
                    <TextEquiv>
                        <Unicode>Schreines</Unicode>
                    </TextEquiv>
                </Word>
                <Word id="r1l20_w7" custom="readingOrder {index:6;}">
                    <Coords points="1913,1823 1913,1883 2003,1883 2003,1823"/>
                    <TextEquiv>
                        <Unicode>nit¬</Unicode>
                    </TextEquiv>
                </Word>
                <TextEquiv>
                    <Unicode>der Johannß Myß alß Ein Schreines nit¬</Unicode>
                </TextEquiv>
            </TextLine>
            <TextLine id="r1l21" custom="readingOrder {index:20;}">
                <Coords points="991,2005 1128,2008 1196,2063 1448,2041 1487,2005 1641,2039 1720,1997 1776,2042 2019,1956 2018,1920 1829,1912 1731,1965 1683,1921 1545,1961 1410,1913 1256,1967 1101,1903 990,1972"/>
                <Baseline points="998,1991 1048,1994 1099,1997 1150,2000 1200,2002 1251,2004 1302,2006 1352,2007 1403,2007 1454,2007 1505,2006 1555,2005 1606,2003 1657,2000 1707,1996 1758,1992 1809,1986 1859,1979 1910,1971 1961,1961 2012,1952"/>
                <Word id="r1l21_w1" custom="readingOrder {index:0;}">
                    <Coords points="1010,1954 1010,2014 1103,2014 1103,1954"/>
                    <TextEquiv>
                        <Unicode>duch</Unicode>
                    </TextEquiv>
                </Word>
                <Word id="r1l21_w2" custom="readingOrder {index:1;}">
                    <Coords points="1120,1960 1120,2020 1197,2020 1197,1960"/>
                    <TextEquiv>
                        <Unicode>das</Unicode>
                    </TextEquiv>
                </Word>
                <Word id="r1l21_w3" custom="readingOrder {index:2;}">
                    <Coords points="1228,1967 1228,2027 1479,2027 1479,1967"/>
                    <TextEquiv>
                        <Unicode>Handvorke</Unicode>
                    </TextEquiv>
                </Word>
                <Word id="r1l21_w4" custom="readingOrder {index:3;}">
                    <Coords points="1512,1963 1512,2023 1668,2023 1668,1963"/>
                    <TextEquiv>
                        <Unicode>bödten</Unicode>
                    </TextEquiv>
                </Word>
                <Word id="r1l21_w5" custom="readingOrder {index:4;}">
                    <Coords points="1699,1942 1699,2002 1965,2002 1965,1942"/>
                    <TextEquiv>
                        <Unicode>auffgetriben</Unicode>
                    </TextEquiv>
                </Word>
                <TextEquiv>
                    <Unicode>duch das Handvorke bödten auffgetriben</Unicode>
                </TextEquiv>
            </TextLine>
            <TextLine id="r1l22" custom="readingOrder {index:21;}">
                <Coords points="1009,2097 1022,2096 1032,2106 1046,2097 1070,2114 1107,2113 1136,2088 1185,2081 1184,2019 1170,2023 1159,2017 1148,2025 1127,2007 1097,2032 1065,2022 1045,2028 1009,2021"/>
                <Baseline points="1016,2081 1043,2080 1070,2079 1097,2079 1124,2079 1151,2079 1178,2081"/>
                <Word id="r1l22_w1" custom="readingOrder {index:0;}">
                    <Coords points="1018,2039 1018,2099 1195,2099 1195,2039"/>
                    <TextEquiv>
                        <Unicode>werden.</Unicode>
                    </TextEquiv>
                </Word>
                <TextEquiv>
                    <Unicode>werden.</Unicode>
                </TextEquiv>
            </TextLine>
            <TextLine id="r1l23" custom="readingOrder {index:22;}">
                <Coords points="973,2262 1017,2229 1258,2312 1332,2266 1392,2313 1475,2254 1694,2284 1770,2241 1880,2278 2043,2195 2042,2089 1797,2091 1670,2184 1520,2193 1428,2144 1342,2170 1102,2111 972,2151"/>
                <Baseline points="980,2241 1032,2240 1085,2240 1138,2241 1191,2242 1244,2244 1296,2246 1349,2248 1402,2250 1455,2252 1508,2253 1560,2253 1613,2253 1666,2253 1719,2250 1772,2246 1824,2242 1877,2235 1930,2227 1983,2215 2036,2201"/>
                <Word id="r1l23_w1" custom="readingOrder {index:0;}">
                    <Coords points="978,2201 978,2261 1318,2261 1318,2201"/>
                    <TextEquiv>
                        <Unicode>Schwatzenburg</Unicode>
                    </TextEquiv>
                </Word>
                <Word id="r1l23_w2" custom="readingOrder {index:1;}">
                    <Coords points="1353,2210 1353,2270 1488,2270 1488,2210"/>
                    <TextEquiv>
                        <Unicode>Rraf.</Unicode>
                    </TextEquiv>
                </Word>
                <Word id="r1l23_w3" custom="readingOrder {index:2;}">
                    <Coords points="1524,2213 1524,2273 1642,2273 1642,2213"/>
                    <TextEquiv>
                        <Unicode>Ihme</Unicode>
                    </TextEquiv>
                </Word>
                <Word id="r1l23_w4" custom="readingOrder {index:3;}">
                    <Coords points="1659,2208 1659,2268 1830,2268 1830,2208"/>
                    <TextEquiv>
                        <Unicode>ersucke</Unicode>
                    </TextEquiv>
                </Word>
                <Word id="r1l23_w5" custom="readingOrder {index:4;}">
                    <Coords points="1863,2193 1863,2253 1915,2253 1915,2193"/>
                    <TextEquiv>
                        <Unicode>des</Unicode>
                    </TextEquiv>
                </Word>
                <Word id="r1l23_w6" custom="readingOrder {index:5;}">
                    <Coords points="1932,2178 1932,2238 2000,2238 2000,2178"/>
                    <TextEquiv>
                        <Unicode>haß</Unicode>
                    </TextEquiv>
                </Word>
                <TextEquiv>
                    <Unicode>Schwatzenburg Rraf. Ihme ersucke des haß</Unicode>
                </TextEquiv>
            </TextLine>
            <TextLine id="r1l24" custom="readingOrder {index:23;}">
                <Coords points="675,2332 703,2317 735,2330 797,2321 824,2305 851,2327 960,2319 961,2258 946,2265 885,2248 857,2266 795,2239 778,2246 728,2229 677,2233"/>
                <Baseline points="683,2316 710,2315 737,2315 764,2315 791,2316 818,2318 845,2318 872,2319 899,2319 926,2319 953,2318"/>
                <Word id="r1l24_w1" custom="readingOrder {index:0;}">
                    <Coords points="686,2275 686,2335 796,2335 796,2275"/>
                    <TextEquiv>
                        <Unicode>Visen</Unicode>
                    </TextEquiv>
                </Word>
                <Word id="r1l24_w2" custom="readingOrder {index:1;}">
                    <Coords points="828,2279 828,2339 971,2339 971,2279"/>
                    <TextEquiv>
                        <Unicode>Hauß.</Unicode>
                    </TextEquiv>
                </Word>
                <TextEquiv>
                    <Unicode>Visen Hauß.</Unicode>
                </TextEquiv>
            </TextLine>
            <TextLine id="r1l25" custom="readingOrder {index:24;}">
                <Coords points="1010,2381 1087,2330 1366,2367 2020,2294 2006,2195 1664,2318 1518,2255 1382,2318 1161,2303 1087,2250 1007,2273"/>
                <Baseline points="1016,2328 1065,2330 1115,2330 1165,2331 1215,2333 1265,2335 1314,2337 1364,2339 1414,2340 1464,2340 1514,2340 1563,2340 1613,2339 1663,2336 1713,2332 1763,2327 1812,2321 1862,2313 1912,2302 1962,2290 2012,2274"/>
                <Word id="r1l25_w1" custom="readingOrder {index:0;}">
                    <Coords points="1011,2289 1011,2349 1117,2349 1117,2289"/>
                    <TextEquiv>
                        <Unicode>Richer</Unicode>
                    </TextEquiv>
                </Word>
                <Word id="r1l25_w2" custom="readingOrder {index:1;}">
                    <Coords points="1147,2290 1147,2350 1179,2350 1179,2290"/>
                    <TextEquiv>
                        <Unicode>in</Unicode>
                    </TextEquiv>
                </Word>
                <Word id="r1l25_w3" custom="readingOrder {index:2;}">
                    <Coords points="1208,2294 1208,2354 1314,2354 1314,2294"/>
                    <TextEquiv>
                        <Unicode>seinem</Unicode>
                    </TextEquiv>
                </Word>
                <Word id="r1l25_w4" custom="readingOrder {index:3;}">
                    <Coords points="1376,2300 1376,2360 1572,2360 1572,2300"/>
                    <TextEquiv>
                        <Unicode>habtade</Unicode>
                    </TextEquiv>
                </Word>
                <Word id="r1l25_w5" custom="readingOrder {index:4;}">
                    <Coords points="1604,2296 1604,2356 1710,2356 1710,2296"/>
                    <TextEquiv>
                        <Unicode>stornt</Unicode>
                    </TextEquiv>
                </Word>
                <Word id="r1l25_w6" custom="readingOrder {index:5;}">
                    <Coords points="1725,2287 1725,2347 1801,2347 1801,2287"/>
                    <TextEquiv>
                        <Unicode>mit</Unicode>
                    </TextEquiv>
                </Word>
                <Word id="r1l25_w7" custom="readingOrder {index:6;}">
                    <Coords points="1816,2266 1816,2326 1968,2326 1968,2266"/>
                    <TextEquiv>
                        <Unicode>schösten</Unicode>
                    </TextEquiv>
                </Word>
                <TextEquiv>
                    <Unicode>Richer in seinem habtade stornt mit schösten</Unicode>
                </TextEquiv>
            </TextLine>
            <TextLine id="r1l26" custom="readingOrder {index:25;}">
                <Coords points="667,2453 704,2433 730,2452 772,2440 790,2456 845,2457 925,2396 976,2406 977,2326 944,2315 907,2344 880,2323 845,2346 808,2322 733,2333 703,2317 668,2331"/>
                <Baseline points="675,2393 701,2391 728,2391 755,2391 781,2391 808,2392 835,2393 862,2393 888,2394 915,2394 942,2394 969,2394"/>
                <Word id="r1l26_w1" custom="readingOrder {index:0;}">
                    <Coords points="685,2351 685,2411 813,2411 813,2351"/>
                    <TextEquiv>
                        <Unicode>zbinde</Unicode>
                    </TextEquiv>
                </Word>
                <Word id="r1l26_w2" custom="readingOrder {index:1;}">
                    <Coords points="842,2354 842,2414 987,2414 987,2354"/>
                    <TextEquiv>
                        <Unicode>Ehrister.</Unicode>
                    </TextEquiv>
                </Word>
                <TextEquiv>
                    <Unicode>zbinde Ehrister.</Unicode>
                </TextEquiv>
            </TextLine>
            <TextLine id="r1l27" custom="readingOrder {index:26;}">
                <Coords points="1022,2415 1234,2421 1298,2479 1383,2424 1723,2433 1954,2356 2021,2372 2018,2293 1664,2355 1255,2381 1073,2338 1020,2374"/>
                <Baseline points="1028,2406 1077,2408 1126,2409 1175,2411 1224,2414 1274,2417 1323,2418 1372,2421 1421,2421 1470,2423 1520,2423 1569,2422 1618,2420 1667,2417 1716,2412 1766,2406 1815,2399 1864,2389 1913,2376 1962,2362 2012,2345"/>
                <Word id="r1l27_w1" custom="readingOrder {index:0;}">
                    <Coords points="1040,2368 1040,2428 1179,2428 1179,2368"/>
                    <TextEquiv>
                        <Unicode>binden</Unicode>
                    </TextEquiv>
                </Word>
                <Word id="r1l27_w2" custom="readingOrder {index:1;}">
                    <Coords points="1194,2379 1194,2439 1504,2439 1504,2379"/>
                    <TextEquiv>
                        <Unicode>perhuiptorische</Unicode>
                    </TextEquiv>
                </Word>
                <Word id="r1l27_w3" custom="readingOrder {index:2;}">
                    <Coords points="1534,2379 1534,2439 1721,2439 1721,2379"/>
                    <TextEquiv>
                        <Unicode>sitation</Unicode>
                    </TextEquiv>
                </Word>
                <Word id="r1l27_w4" custom="readingOrder {index:3;}">
                    <Coords points="1766,2357 1766,2417 1876,2417 1876,2357"/>
                    <TextEquiv>
                        <Unicode>auff</Unicode>
                    </TextEquiv>
                </Word>
                <Word id="r1l27_w5" custom="readingOrder {index:4;}">
                    <Coords points="1891,2327 1891,2387 1998,2387 1998,2327"/>
                    <TextEquiv>
                        <Unicode>heite</Unicode>
                    </TextEquiv>
                </Word>
                <TextEquiv>
                    <Unicode>binden perhuiptorische sitation auff heite</Unicode>
                </TextEquiv>
            </TextLine>
            <TextLine id="r1l28" custom="readingOrder {index:27;}">
                <Coords points="978,2492 1516,2550 1728,2502 1876,2524 2023,2438 1987,2356 1681,2446 1494,2418 1403,2484 1297,2479 1214,2418 1122,2455 975,2407"/>
                <Baseline points="984,2481 1035,2484 1087,2487 1138,2490 1190,2493 1241,2496 1293,2499 1344,2501 1396,2504 1447,2504 1499,2504 1551,2504 1602,2502 1654,2499 1705,2493 1757,2487 1808,2478 1860,2468 1911,2456 1963,2442 2015,2424"/>
                <Word id="r1l28_w1" custom="readingOrder {index:0;}">
                    <Coords points="980,2443 980,2503 1056,2503 1056,2443"/>
                    <TextEquiv>
                        <Unicode>über</Unicode>
                    </TextEquiv>
                </Word>
                <Word id="r1l28_w2" custom="readingOrder {index:1;}">
                    <Coords points="1071,2449 1071,2509 1180,2509 1180,2449"/>
                    <TextEquiv>
                        <Unicode>acht</Unicode>
                    </TextEquiv>
                </Word>
                <Word id="r1l28_w3" custom="readingOrder {index:2;}">
                    <Coords points="1195,2455 1195,2515 1258,2515 1258,2455"/>
                    <TextEquiv>
                        <Unicode>tag</Unicode>
                    </TextEquiv>
                </Word>
                <Word id="r1l28_w4" custom="readingOrder {index:3;}">
                    <Coords points="1273,2461 1273,2521 1428,2521 1428,2461"/>
                    <TextEquiv>
                        <Unicode>auegen</Unicode>
                    </TextEquiv>
                </Word>
                <Word id="r1l28_w5" custom="readingOrder {index:4;}">
                    <Coords points="1443,2464 1443,2524 1489,2524 1489,2464"/>
                    <TextEquiv>
                        <Unicode>zu</Unicode>
                    </TextEquiv>
                </Word>
                <Word id="r1l28_w6" custom="readingOrder {index:5;}">
                    <Coords points="1506,2462 1506,2522 1661,2522 1661,2462"/>
                    <TextEquiv>
                        <Unicode>laßen,</Unicode>
                    </TextEquiv>
                </Word>
                <Word id="r1l28_w7" custom="readingOrder {index:6;}">
                    <Coords points="1691,2449 1691,2509 1785,2509 1785,2449"/>
                    <TextEquiv>
                        <Unicode>undt</Unicode>
                    </TextEquiv>
                </Word>
                <Word id="r1l28_w8" custom="readingOrder {index:7;}">
                    <Coords points="1800,2433 1800,2493 1861,2493 1861,2433"/>
                    <TextEquiv>
                        <Unicode>wau</Unicode>
                    </TextEquiv>
                </Word>
                <Word id="r1l28_w9" custom="readingOrder {index:8;}">
                    <Coords points="1891,2406 1891,2466 2000,2466 2000,2406"/>
                    <TextEquiv>
                        <Unicode>Erudt</Unicode>
                    </TextEquiv>
                </Word>
                <TextEquiv>
                    <Unicode>über acht tag auegen zu laßen, undt wau Erudt</Unicode>
                </TextEquiv>
            </TextLine>
            <TextLine id="r1l29" custom="readingOrder {index:28;}">
                <Coords points="978,2646 1159,2579 1274,2590 1367,2657 1439,2607 1495,2646 1732,2635 1844,2538 2038,2496 2034,2426 1886,2516 1573,2515 1405,2566 1326,2519 971,2518"/>
                <Baseline points="981,2568 1033,2570 1085,2573 1138,2576 1190,2579 1243,2583 1295,2586 1348,2588 1400,2589 1453,2591 1505,2591 1557,2589 1610,2586 1662,2582 1715,2575 1767,2567 1820,2556 1872,2543 1925,2527 1977,2508 2030,2487"/>
                <Word id="r1l29_w1" custom="readingOrder {index:0;}">
                    <Coords points="979,2532 979,2592 1162,2592 1162,2532"/>
                    <TextEquiv>
                        <Unicode>gschunn</Unicode>
                    </TextEquiv>
                </Word>
                <Word id="r1l29_w2" custom="readingOrder {index:1;}">
                    <Coords points="1198,2545 1198,2605 1365,2605 1365,2545"/>
                    <TextEquiv>
                        <Unicode>wolle,</Unicode>
                    </TextEquiv>
                </Word>
                <Word id="r1l29_w3" custom="readingOrder {index:2;}">
                    <Coords points="1401,2547 1401,2607 1751,2607 1751,2547"/>
                    <TextEquiv>
                        <Unicode>guvorsamblich</Unicode>
                    </TextEquiv>
                </Word>
                <Word id="r1l29_w4" custom="readingOrder {index:3;}">
                    <Coords points="1770,2518 1770,2578 1844,2578 1844,2518"/>
                    <TextEquiv>
                        <Unicode>far</Unicode>
                    </TextEquiv>
                </Word>
                <Word id="r1l29_w5" custom="readingOrder {index:4;}">
                    <Coords points="1862,2483 1862,2543 2009,2543 2009,2483"/>
                    <TextEquiv>
                        <Unicode>seler</Unicode>
                    </TextEquiv>
                </Word>
                <TextEquiv>
                    <Unicode>gschunn wolle, guvorsamblich far seler</Unicode>
                </TextEquiv>
            </TextLine>
            <TextEquiv>
                <Unicode></Unicode>
            </TextEquiv>
        </TextRegion>
        <TextRegion orientation="0.0" id="r2" custom="readingOrder {index:1;}">
            <Coords points="2115,390 2115,2543 3509,2543 3509,390"/>
            <TextLine id="r2l1" custom="readingOrder {index:0;}">
                <Coords points="3385,458 3397,456 3405,466 3415,462 3471,470 3483,464 3502,466 3511,360 3478,358 3454,344 3419,353 3395,348"/>
                <Baseline points="3396,419 3421,424 3447,427 3472,428 3498,429"/>
                <Word id="r2l1_w1" custom="readingOrder {index:0;}">
                    <Coords points="3389,387 3389,447 3521,447 3521,387"/>
                    <TextEquiv>
                        <Unicode>44.</Unicode>
                    </TextEquiv>
                </Word>
                <TextEquiv>
                    <Unicode>44.</Unicode>
                </TextEquiv>
            </TextLine>
            <TextLine id="r2l2" custom="readingOrder {index:1;}">
                <Coords points="2397,531 2517,473 2559,504 3194,476 3261,534 3426,489 3427,435 3351,408 2754,377 2684,422 2507,346 2401,367"/>
                <Baseline points="2406,468 2456,466 2507,465 2557,464 2608,464 2659,464 2709,464 2760,465 2811,467 2861,468 2912,470 2963,471 3013,473 3064,475 3115,477 3165,479 3216,480 3267,481 3317,482 3368,482 3419,483"/>
                <Word id="r2l2_w1" custom="readingOrder {index:0;}">
                    <Coords points="2411,424 2411,484 2673,484 2673,424"/>
                    <TextEquiv>
                        <Unicode>Wollingen:</Unicode>
                    </TextEquiv>
                </Word>
                <Word id="r2l2_w2" custom="readingOrder {index:1;}">
                    <Coords points="2699,425 2699,485 2861,485 2861,425"/>
                    <TextEquiv>
                        <Unicode>Weilen</Unicode>
                    </TextEquiv>
                </Word>
                <Word id="r2l2_w3" custom="readingOrder {index:2;}">
                    <Coords points="2898,430 2898,490 3011,490 3011,430"/>
                    <TextEquiv>
                        <Unicode>durch</Unicode>
                    </TextEquiv>
                </Word>
                <Word id="r2l2_w4" custom="readingOrder {index:3;}">
                    <Coords points="3036,434 3036,494 3085,494 3085,434"/>
                    <TextEquiv>
                        <Unicode>die</Unicode>
                    </TextEquiv>
                </Word>
                <Word id="r2l2_w5" custom="readingOrder {index:4;}">
                    <Coords points="3110,440 3110,500 3385,500 3385,440"/>
                    <TextEquiv>
                        <Unicode>Kundtschaffts</Unicode>
                    </TextEquiv>
                </Word>
                <TextEquiv>
                    <Unicode>Wollingen: Weilen durch die Kundtschaffts</Unicode>
                </TextEquiv>
            </TextLine>
            <TextLine id="r2l3" custom="readingOrder {index:2;}">
                <Coords points="2417,554 2572,582 2691,539 2814,588 3085,551 3159,599 3396,569 3397,501 3264,536 3054,479 2986,526 2786,471 2418,504"/>
                <Baseline points="2424,551 2472,549 2520,548 2568,548 2617,548 2665,548 2713,549 2761,550 2810,551 2858,552 2906,554 2954,555 3003,557 3051,558 3099,560 3147,561 3196,561 3244,563 3292,563 3340,561 3389,561"/>
                <Word id="r2l3_w1" custom="readingOrder {index:0;}">
                    <Coords points="2416,510 2416,570 2444,570 2444,510"/>
                    <TextEquiv>
                        <Unicode>au</Unicode>
                    </TextEquiv>
                </Word>
                <Word id="r2l3_w2" custom="readingOrder {index:1;}">
                    <Coords points="2483,508 2483,568 2570,568 2570,508"/>
                    <TextEquiv>
                        <Unicode>taag</Unicode>
                    </TextEquiv>
                </Word>
                <Word id="r2l3_w3" custom="readingOrder {index:2;}">
                    <Coords points="2598,508 2598,568 2675,568 2675,508"/>
                    <TextEquiv>
                        <Unicode>Ihres</Unicode>
                    </TextEquiv>
                </Word>
                <Word id="r2l3_w4" custom="readingOrder {index:3;}">
                    <Coords points="2684,510 2684,570 2867,570 2867,510"/>
                    <TextEquiv>
                        <Unicode>Pfofosen</Unicode>
                    </TextEquiv>
                </Word>
                <Word id="r2l3_w5" custom="readingOrder {index:4;}">
                    <Coords points="2886,514 2886,574 2973,574 2973,514"/>
                    <TextEquiv>
                        <Unicode>Ulli</Unicode>
                    </TextEquiv>
                </Word>
                <Word id="r2l3_w6" custom="readingOrder {index:5;}">
                    <Coords points="2993,519 2993,579 3175,579 3175,519"/>
                    <TextEquiv>
                        <Unicode>Nidterhauß</Unicode>
                    </TextEquiv>
                </Word>
                <Word id="r2l3_w7" custom="readingOrder {index:6;}">
                    <Coords points="3223,523 3223,583 3310,583 3310,523"/>
                    <TextEquiv>
                        <Unicode>vintr</Unicode>
                    </TextEquiv>
                </Word>
                <Word id="r2l3_w8" custom="readingOrder {index:7;}">
                    <Coords points="3339,521 3339,581 3386,581 3386,521"/>
                    <TextEquiv>
                        <Unicode>den</Unicode>
                    </TextEquiv>
                </Word>
                <TextEquiv>
                    <Unicode>au taag Ihres Pfofosen Ulli Nidterhauß vintr den</Unicode>
                </TextEquiv>
            </TextLine>
            <TextLine id="r2l4" custom="readingOrder {index:3;}">
                <Coords points="2120,588 2168,582 2198,592 2216,576 2267,577 2294,559 2398,564 2386,473 2302,484 2263,476 2206,500 2174,494 2112,526"/>
                <Baseline points="2127,582 2153,576 2179,571 2205,568 2231,563 2257,559 2283,556 2309,554 2335,551 2361,549 2388,549"/>
                <Word id="r2l4_w1" custom="readingOrder {index:0;}">
                    <Coords points="2122,532 2122,592 2217,592 2217,532"/>
                    <TextEquiv>
                        <Unicode>Roher</Unicode>
                    </TextEquiv>
                </Word>
                <Word id="r2l4_w2" custom="readingOrder {index:1;}">
                    <Coords points="2238,513 2238,573 2396,573 2396,513"/>
                    <TextEquiv>
                        <Unicode>Biedicht</Unicode>
                    </TextEquiv>
                </Word>
                <TextEquiv>
                    <Unicode>Roher Biedicht</Unicode>
                </TextEquiv>
            </TextLine>
            <TextLine id="r2l5" custom="readingOrder {index:4;}">
                <Coords points="2408,653 3159,685 3423,626 3422,578 3369,561 2984,611 2690,539 2572,583 2408,567"/>
                <Baseline points="2415,639 2465,638 2515,637 2565,636 2615,636 2665,638 2715,638 2765,638 2815,639 2865,640 2915,641 2965,641 3015,642 3065,642 3115,641 3165,641 3215,639 3265,638 3315,635 3365,632 3416,627"/>
                <Word id="r2l5_w1" custom="readingOrder {index:0;}">
                    <Coords points="2409,597 2409,657 2589,657 2589,597"/>
                    <TextEquiv>
                        <Unicode>kendichst</Unicode>
                    </TextEquiv>
                </Word>
                <Word id="r2l5_w2" custom="readingOrder {index:1;}">
                    <Coords points="2613,597 2613,657 2709,657 2709,597"/>
                    <TextEquiv>
                        <Unicode>Rohns</Unicode>
                    </TextEquiv>
                </Word>
                <Word id="r2l5_w3" custom="readingOrder {index:2;}">
                    <Coords points="2733,598 2733,658 2794,658 2794,598"/>
                    <TextEquiv>
                        <Unicode>den</Unicode>
                    </TextEquiv>
                </Word>
                <Word id="r2l5_w4" custom="readingOrder {index:3;}">
                    <Coords points="2830,601 2830,661 3058,661 3058,601"/>
                    <TextEquiv>
                        <Unicode>Wiethshauß</Unicode>
                    </TextEquiv>
                </Word>
                <Word id="r2l5_w5" custom="readingOrder {index:4;}">
                    <Coords points="3119,600 3119,660 3251,660 3251,600"/>
                    <TextEquiv>
                        <Unicode>Knecht</Unicode>
                    </TextEquiv>
                </Word>
                <Word id="r2l5_w6" custom="readingOrder {index:5;}">
                    <Coords points="3275,593 3275,653 3407,653 3407,593"/>
                    <TextEquiv>
                        <Unicode>beyder</Unicode>
                    </TextEquiv>
                </Word>
                <TextEquiv>
                    <Unicode>kendichst Rohns den Wiethshauß Knecht beyder</Unicode>
                </TextEquiv>
            </TextLine>
            <TextLine id="r2l6" custom="readingOrder {index:5;}">
                <Coords points="2125,673 2209,650 2273,690 2316,687 2329,674 2344,679 2328,574 2306,580 2277,564 2247,601 2222,590 2196,593 2176,579 2115,606"/>
                <Baseline points="2130,660 2155,654 2180,649 2205,645 2230,641 2255,638 2280,635 2305,631 2330,629"/>
                <Word id="r2l6_w1" custom="readingOrder {index:0;}">
                    <Coords points="2116,611 2116,671 2223,671 2223,611"/>
                    <TextEquiv>
                        <Unicode>Wäbe</Unicode>
                    </TextEquiv>
                </Word>
                <Word id="r2l6_w2" custom="readingOrder {index:1;}">
                    <Coords points="2247,595 2247,655 2306,655 2306,595"/>
                    <TextEquiv>
                        <Unicode>bab</Unicode>
                    </TextEquiv>
                </Word>
                <TextEquiv>
                    <Unicode>Wäbe bab</Unicode>
                </TextEquiv>
            </TextLine>
            <TextLine id="r2l7" custom="readingOrder {index:6;}">
                <Coords points="2385,768 2895,732 3227,780 3453,726 3453,662 3406,649 3151,687 2942,660 2881,708 2573,657 2489,693 2386,650"/>
                <Baseline points="2393,731 2445,727 2498,725 2550,723 2603,723 2656,723 2708,723 2761,725 2814,725 2866,727 2919,729 2972,729 3024,731 3077,732 3130,732 3182,732 3235,732 3288,729 3340,727 3393,724 3446,719"/>
                <Word id="r2l7_w1" custom="readingOrder {index:0;}">
                    <Coords points="2396,686 2396,746 2524,746 2524,686"/>
                    <TextEquiv>
                        <Unicode>Clapris</Unicode>
                    </TextEquiv>
                </Word>
                <Word id="r2l7_w2" custom="readingOrder {index:1;}">
                    <Coords points="2547,683 2547,743 2675,743 2675,683"/>
                    <TextEquiv>
                        <Unicode>Mühle,</Unicode>
                    </TextEquiv>
                </Word>
                <Word id="r2l7_w3" custom="readingOrder {index:2;}">
                    <Coords points="2698,684 2698,744 2815,744 2815,684"/>
                    <TextEquiv>
                        <Unicode>welches</Unicode>
                    </TextEquiv>
                </Word>
                <Word id="r2l7_w4" custom="readingOrder {index:3;}">
                    <Coords points="2826,686 2826,746 2859,746 2859,686"/>
                    <TextEquiv>
                        <Unicode>in</Unicode>
                    </TextEquiv>
                </Word>
                <Word id="r2l7_w5" custom="readingOrder {index:4;}">
                    <Coords points="2880,689 2880,749 3063,749 3063,689"/>
                    <TextEquiv>
                        <Unicode>flagtanti</Unicode>
                    </TextEquiv>
                </Word>
                <Word id="r2l7_w6" custom="readingOrder {index:5;}">
                    <Coords points="3085,692 3085,752 3149,752 3149,692"/>
                    <TextEquiv>
                        <Unicode>mit</Unicode>
                    </TextEquiv>
                </Word>
                <Word id="r2l7_w7" custom="readingOrder {index:6;}">
                    <Coords points="3171,692 3171,752 3257,752 3257,692"/>
                    <TextEquiv>
                        <Unicode>Bab,</Unicode>
                    </TextEquiv>
                </Word>
                <Word id="r2l7_w8" custom="readingOrder {index:7;}">
                    <Coords points="3278,686 3278,746 3408,746 3408,686"/>
                    <TextEquiv>
                        <Unicode>Wäber</Unicode>
                    </TextEquiv>
                </Word>
                <TextEquiv>
                    <Unicode>Clapris Mühle, welches in flagtanti mit Bab, Wäber</Unicode>
                </TextEquiv>
            </TextLine>
            <TextLine id="r2l8" custom="readingOrder {index:7;}">
                <Coords points="2377,835 3393,834 3474,800 3450,740 3341,781 3094,742 2987,796 2859,734 2703,781 2661,751 2377,780"/>
                <Baseline points="2384,822 2438,819 2492,816 2546,813 2600,812 2654,812 2708,812 2763,812 2817,812 2871,812 2925,813 2979,813 3033,815 3087,815 3142,815 3196,815 3250,813 3304,812 3358,810 3412,807 3467,803"/>
                <Word id="r2l8_w1" custom="readingOrder {index:0;}">
                    <Coords points="2394,779 2394,839 2468,839 2468,779"/>
                    <TextEquiv>
                        <Unicode>von</Unicode>
                    </TextEquiv>
                </Word>
                <Word id="r2l8_w2" custom="readingOrder {index:1;}">
                    <Coords points="2504,772 2504,832 2744,832 2744,772"/>
                    <TextEquiv>
                        <Unicode>Mühledorff</Unicode>
                    </TextEquiv>
                </Word>
                <Word id="r2l8_w3" custom="readingOrder {index:2;}">
                    <Coords points="2773,772 2773,832 2847,832 2847,772"/>
                    <TextEquiv>
                        <Unicode>soll</Unicode>
                    </TextEquiv>
                </Word>
                <Word id="r2l8_w4" custom="readingOrder {index:3;}">
                    <Coords points="2865,773 2865,833 3087,833 3087,773"/>
                    <TextEquiv>
                        <Unicode>angetroffen</Unicode>
                    </TextEquiv>
                </Word>
                <Word id="r2l8_w5" custom="readingOrder {index:4;}">
                    <Coords points="3105,775 3105,835 3224,835 3224,775"/>
                    <TextEquiv>
                        <Unicode>worden</Unicode>
                    </TextEquiv>
                </Word>
                <Word id="r2l8_w6" custom="readingOrder {index:5;}">
                    <Coords points="3233,772 3233,832 3289,832 3289,772"/>
                    <TextEquiv>
                        <Unicode>sein</Unicode>
                    </TextEquiv>
                </Word>
                <Word id="r2l8_w7" custom="readingOrder {index:6;}">
                    <Coords points="3327,768 3327,828 3455,828 3455,768"/>
                    <TextEquiv>
                        <Unicode>nichtts</Unicode>
                    </TextEquiv>
                </Word>
                <TextEquiv>
                    <Unicode>von Mühledorff soll angetroffen worden sein nichtts</Unicode>
                </TextEquiv>
            </TextLine>
            <TextLine id="r2l9" custom="readingOrder {index:8;}">
                <Coords points="2397,912 3001,893 3140,958 3226,904 3457,902 3457,857 3348,820 3091,874 2968,826 2697,860 2595,823 2397,868"/>
                <Baseline points="2405,906 2457,903 2509,899 2561,896 2614,894 2666,893 2718,893 2770,893 2823,893 2875,893 2927,893 2979,894 3032,894 3084,896 3136,896 3188,896 3241,896 3293,896 3345,895 3397,894 3450,891"/>
                <Word id="r2l9_w1" custom="readingOrder {index:0;}">
                    <Coords points="2405,855 2405,915 2739,915 2739,855"/>
                    <TextEquiv>
                        <Unicode>heraußkommen,</Unicode>
                    </TextEquiv>
                </Word>
                <Word id="r2l9_w2" custom="readingOrder {index:1;}">
                    <Coords points="2768,853 2768,913 2911,913 2911,853"/>
                    <TextEquiv>
                        <Unicode>fodann</Unicode>
                    </TextEquiv>
                </Word>
                <Word id="r2l9_w3" custom="readingOrder {index:2;}">
                    <Coords points="2931,853 2931,913 2960,913 2960,853"/>
                    <TextEquiv>
                        <Unicode>so</Unicode>
                    </TextEquiv>
                </Word>
                <Word id="r2l9_w4" custom="readingOrder {index:3;}">
                    <Coords points="2979,854 2979,914 3045,914 3045,854"/>
                    <TextEquiv>
                        <Unicode>wohl</Unicode>
                    </TextEquiv>
                </Word>
                <Word id="r2l9_w5" custom="readingOrder {index:4;}">
                    <Coords points="3075,856 3075,916 3131,916 3131,856"/>
                    <TextEquiv>
                        <Unicode>alß</Unicode>
                    </TextEquiv>
                </Word>
                <Word id="r2l9_w6" custom="readingOrder {index:5;}">
                    <Coords points="3169,856 3169,916 3218,916 3218,856"/>
                    <TextEquiv>
                        <Unicode>die</Unicode>
                    </TextEquiv>
                </Word>
                <Word id="r2l9_w7" custom="readingOrder {index:6;}">
                    <Coords points="3256,854 3256,914 3456,914 3456,854"/>
                    <TextEquiv>
                        <Unicode>Weibs¬</Unicode>
                    </TextEquiv>
                </Word>
                <TextEquiv>
                    <Unicode>heraußkommen, fodann so wohl alß die Weibs¬</Unicode>
                </TextEquiv>
            </TextLine>
            <TextLine id="r2l10" custom="readingOrder {index:9;}">
                <Coords points="2389,1035 2492,976 2586,984 2649,1039 2802,973 3183,1033 3417,971 3417,931 3314,913 3171,964 3002,893 2849,929 2719,890 2614,941 2497,896 2388,935"/>
                <Baseline points="2396,998 2446,992 2497,987 2548,982 2598,979 2649,978 2700,977 2750,977 2801,977 2852,978 2903,980 2953,980 3004,981 3055,983 3105,983 3156,983 3207,983 3257,981 3308,980 3359,975 3410,971"/>
                <Word id="r2l10_w1" custom="readingOrder {index:0;}">
                    <Coords points="2402,948 2402,1008 2562,1008 2562,948"/>
                    <TextEquiv>
                        <Unicode>hferbohn</Unicode>
                    </TextEquiv>
                </Word>
                <Word id="r2l10_w2" custom="readingOrder {index:1;}">
                    <Coords points="2587,938 2587,998 2649,998 2649,938"/>
                    <TextEquiv>
                        <Unicode>alle</Unicode>
                    </TextEquiv>
                </Word>
                <Word id="r2l10_w3" custom="readingOrder {index:2;}">
                    <Coords points="2673,937 2673,997 2846,997 2846,937"/>
                    <TextEquiv>
                        <Unicode>thätlich</Unicode>
                    </TextEquiv>
                </Word>
                <Word id="r2l10_w4" custom="readingOrder {index:3;}">
                    <Coords points="2858,939 2858,999 2920,999 2920,939"/>
                    <TextEquiv>
                        <Unicode>keit</Unicode>
                    </TextEquiv>
                </Word>
                <Word id="r2l10_w5" custom="readingOrder {index:4;}">
                    <Coords points="2944,942 2944,1002 3154,1002 3154,942"/>
                    <TextEquiv>
                        <Unicode>vermeinen,</Unicode>
                    </TextEquiv>
                </Word>
                <Word id="r2l10_w6" custom="readingOrder {index:5;}">
                    <Coords points="3179,942 3179,1002 3240,1002 3240,942"/>
                    <TextEquiv>
                        <Unicode>alß</Unicode>
                    </TextEquiv>
                </Word>
                <Word id="r2l10_w7" custom="readingOrder {index:6;}">
                    <Coords points="3254,940 3254,1000 3302,1000 3302,940"/>
                    <TextEquiv>
                        <Unicode>ist</Unicode>
                    </TextEquiv>
                </Word>
                <Word id="r2l10_w8" custom="readingOrder {index:7;}">
                    <Coords points="3326,935 3326,995 3389,995 3389,935"/>
                    <TextEquiv>
                        <Unicode>der</Unicode>
                    </TextEquiv>
                </Word>
                <TextEquiv>
                    <Unicode>hferbohn alle thätlich keit vermeinen, alß ist der</Unicode>
                </TextEquiv>
            </TextLine>
            <TextLine id="r2l11" custom="readingOrder {index:10;}">
                <Coords points="2380,1143 2566,1132 2608,1092 2716,1113 2782,1065 2930,1101 3043,1070 3126,1101 3310,1085 3357,1068 3356,1011 3182,1032 2763,987 2650,1039 2585,984 2379,1070"/>
                <Baseline points="2387,1091 2435,1084 2483,1078 2531,1073 2579,1069 2627,1067 2675,1065 2724,1064 2772,1064 2820,1064 2868,1064 2916,1064 2964,1064 3012,1064 3061,1064 3109,1062 3157,1062 3205,1060 3253,1057 3301,1053 3350,1049"/>
                <Word id="r2l11_w1" custom="readingOrder {index:0;}">
                    <Coords points="2393,1042 2393,1102 2504,1102 2504,1042"/>
                    <TextEquiv>
                        <Unicode>Kahre</Unicode>
                    </TextEquiv>
                </Word>
                <Word id="r2l11_w2" custom="readingOrder {index:1;}">
                    <Coords points="2530,1029 2530,1089 2617,1089 2617,1029"/>
                    <TextEquiv>
                        <Unicode>dieses</Unicode>
                    </TextEquiv>
                </Word>
                <Word id="r2l11_w3" custom="readingOrder {index:2;}">
                    <Coords points="2642,1024 2642,1084 2805,1084 2805,1024"/>
                    <TextEquiv>
                        <Unicode>anbeydt</Unicode>
                    </TextEquiv>
                </Word>
                <Word id="r2l11_w4" custom="readingOrder {index:3;}">
                    <Coords points="2830,1024 2830,1084 2979,1084 2979,1024"/>
                    <TextEquiv>
                        <Unicode>gäntzlich</Unicode>
                    </TextEquiv>
                </Word>
                <Word id="r2l11_w5" custom="readingOrder {index:4;}">
                    <Coords points="3004,1023 3004,1083 3166,1083 3166,1023"/>
                    <TextEquiv>
                        <Unicode>liberirt</Unicode>
                    </TextEquiv>
                </Word>
                <Word id="r2l11_w6" custom="readingOrder {index:5;}">
                    <Coords points="3191,1015 3191,1075 3353,1075 3353,1015"/>
                    <TextEquiv>
                        <Unicode>worden:</Unicode>
                    </TextEquiv>
                </Word>
                <TextEquiv>
                    <Unicode>Kahre dieses anbeydt gäntzlich liberirt worden:</Unicode>
                </TextEquiv>
            </TextLine>
            <TextLine id="r2l12" custom="readingOrder {index:11;}">
                <Coords points="2339,1310 2670,1248 2768,1306 2949,1252 3053,1324 3122,1256 3504,1244 3105,1157 2737,1152 2597,1210 2472,1149 2336,1195"/>
                <Baseline points="2345,1292 2402,1284 2460,1275 2517,1269 2575,1264 2633,1259 2690,1256 2748,1254 2805,1253 2863,1251 2921,1250 2978,1250 3036,1250 3093,1250 3151,1251 3209,1251 3266,1251 3324,1251 3381,1250 3439,1248 3497,1247"/>
                <Word id="r2l12_w1" custom="readingOrder {index:0;}">
                    <Coords points="2367,1230 2367,1290 2633,1290 2633,1230"/>
                    <TextEquiv>
                        <Unicode>Folenbanh.</Unicode>
                    </TextEquiv>
                </Word>
                <Word id="r2l12_w2" custom="readingOrder {index:1;}">
                    <Coords points="2660,1213 2660,1273 2883,1273 2883,1213"/>
                    <TextEquiv>
                        <Unicode>zumahlen</Unicode>
                    </TextEquiv>
                </Word>
                <Word id="r2l12_w3" custom="readingOrder {index:2;}">
                    <Coords points="2897,1210 2897,1270 3065,1270 3065,1210"/>
                    <TextEquiv>
                        <Unicode>Samuel</Unicode>
                    </TextEquiv>
                </Word>
                <Word id="r2l12_w4" custom="readingOrder {index:3;}">
                    <Coords points="3107,1211 3107,1271 3234,1271 3234,1211"/>
                    <TextEquiv>
                        <Unicode>hengg</Unicode>
                    </TextEquiv>
                </Word>
                <Word id="r2l12_w5" custom="readingOrder {index:4;}">
                    <Coords points="3275,1209 3275,1269 3514,1269 3514,1209"/>
                    <TextEquiv>
                        <Unicode>Pange¬</Unicode>
                    </TextEquiv>
                </Word>
                <TextEquiv>
                    <Unicode>Folenbanh. zumahlen Samuel hengg Pange¬</Unicode>
                </TextEquiv>
            </TextLine>
            <TextLine id="r2l13" custom="readingOrder {index:12;}">
                <Coords points="2436,1383 2520,1358 2850,1401 2914,1353 3317,1331 3349,1360 3465,1332 3463,1260 3148,1252 3067,1314 2996,1261 2849,1261 2752,1315 2663,1255 2563,1332 2434,1308"/>
                <Baseline points="2442,1367 2492,1362 2543,1359 2594,1356 2645,1353 2696,1352 2746,1349 2797,1348 2848,1346 2899,1345 2950,1344 3000,1343 3051,1342 3102,1341 3153,1340 3204,1338 3254,1337 3305,1335 3356,1334 3407,1332 3458,1329"/>
                <Word id="r2l13_w1" custom="readingOrder {index:0;}">
                    <Coords points="2449,1320 2449,1380 2592,1380 2592,1320"/>
                    <TextEquiv>
                        <Unicode>horiges</Unicode>
                    </TextEquiv>
                </Word>
                <Word id="r2l13_w2" custom="readingOrder {index:1;}">
                    <Coords points="2617,1312 2617,1372 2708,1372 2708,1312"/>
                    <TextEquiv>
                        <Unicode>das</Unicode>
                    </TextEquiv>
                </Word>
                <Word id="r2l13_w3" custom="readingOrder {index:2;}">
                    <Coords points="2721,1305 2721,1365 3020,1365 3020,1305"/>
                    <TextEquiv>
                        <Unicode>gsatzmeßige</Unicode>
                    </TextEquiv>
                </Word>
                <Word id="r2l13_w4" custom="readingOrder {index:3;}">
                    <Coords points="3032,1301 3032,1361 3163,1361 3163,1301"/>
                    <TextEquiv>
                        <Unicode>allteo</Unicode>
                    </TextEquiv>
                </Word>
                <Word id="r2l13_w5" custom="readingOrder {index:4;}">
                    <Coords points="3188,1297 3188,1357 3241,1357 3241,1297"/>
                    <TextEquiv>
                        <Unicode>des</Unicode>
                    </TextEquiv>
                </Word>
                <Word id="r2l13_w6" custom="readingOrder {index:5;}">
                    <Coords points="3266,1295 3266,1355 3319,1355 3319,1295"/>
                    <TextEquiv>
                        <Unicode>2.</Unicode>
                    </TextEquiv>
                </Word>
                <Word id="r2l13_w7" custom="readingOrder {index:6;}">
                    <Coords points="3331,1292 3331,1352 3460,1352 3460,1292"/>
                    <TextEquiv>
                        <Unicode>Jahren</Unicode>
                    </TextEquiv>
                </Word>
                <TextEquiv>
                    <Unicode>horiges das gsatzmeßige allteo des 2. Jahren</Unicode>
                </TextEquiv>
            </TextLine>
            <TextLine id="r2l14" custom="readingOrder {index:13;}">
                <Coords points="2126,1455 2192,1415 2215,1431 2236,1422 2270,1444 2361,1417 2398,1428 2397,1322 2351,1305 2308,1333 2245,1326 2213,1354 2172,1341 2123,1379"/>
                <Baseline points="2132,1416 2158,1416 2184,1416 2210,1416 2236,1416 2262,1415 2288,1414 2314,1412 2340,1410 2366,1409 2393,1406"/>
                <Word id="r2l14_w1" custom="readingOrder {index:0;}">
                    <Coords points="2138,1376 2138,1436 2253,1436 2253,1376"/>
                    <TextEquiv>
                        <Unicode>Heng.</Unicode>
                    </TextEquiv>
                </Word>
                <Word id="r2l14_w2" custom="readingOrder {index:1;}">
                    <Coords points="2267,1370 2267,1430 2410,1430 2410,1370"/>
                    <TextEquiv>
                        <Unicode>Samut.</Unicode>
                    </TextEquiv>
                </Word>
                <TextEquiv>
                    <Unicode>Heng. Samut.</Unicode>
                </TextEquiv>
            </TextLine>
            <TextLine id="r2l15" custom="readingOrder {index:14;}">
                <Coords points="2407,1452 2698,1443 2766,1503 2984,1436 3187,1495 3258,1434 3443,1465 3517,1434 3516,1378 3390,1390 3317,1330 3061,1378 2914,1353 2701,1418 2520,1358 2406,1418"/>
                <Baseline points="2414,1446 2468,1448 2523,1448 2578,1446 2633,1446 2687,1445 2742,1444 2797,1442 2852,1440 2906,1439 2961,1436 3016,1434 3071,1432 3125,1430 3180,1428 3235,1427 3290,1425 3344,1424 3399,1423 3454,1422 3509,1422"/>
                <Word id="r2l15_w1" custom="readingOrder {index:0;}">
                    <Coords points="2409,1406 2409,1466 2720,1466 2720,1406"/>
                    <TextEquiv>
                        <Unicode>überstigen,</Unicode>
                    </TextEquiv>
                </Word>
                <Word id="r2l15_w2" custom="readingOrder {index:1;}">
                    <Coords points="2748,1401 2748,1461 2847,1461 2847,1401"/>
                    <TextEquiv>
                        <Unicode>alßo</Unicode>
                    </TextEquiv>
                </Word>
                <Word id="r2l15_w3" custom="readingOrder {index:2;}">
                    <Coords points="2861,1397 2861,1457 2988,1457 2988,1397"/>
                    <TextEquiv>
                        <Unicode>haben</Unicode>
                    </TextEquiv>
                </Word>
                <Word id="r2l15_w4" custom="readingOrder {index:3;}">
                    <Coords points="3002,1392 3002,1452 3115,1452 3115,1392"/>
                    <TextEquiv>
                        <Unicode>gnädigen</Unicode>
                    </TextEquiv>
                </Word>
                <Word id="r2l15_w5" custom="readingOrder {index:4;}">
                    <Coords points="3129,1388 3129,1448 3229,1448 3229,1388"/>
                    <TextEquiv>
                        <Unicode>Heren</Unicode>
                    </TextEquiv>
                </Word>
                <Word id="r2l15_w6" custom="readingOrder {index:5;}">
                    <Coords points="3256,1385 3256,1445 3300,1445 3300,1385"/>
                    <TextEquiv>
                        <Unicode>en</Unicode>
                    </TextEquiv>
                </Word>
                <Word id="r2l15_w7" custom="readingOrder {index:6;}">
                    <Coords points="3328,1382 3328,1442 3483,1442 3483,1382"/>
                    <TextEquiv>
                        <Unicode>figrung</Unicode>
                    </TextEquiv>
                </Word>
                <TextEquiv>
                    <Unicode>überstigen, alßo haben gnädigen Heren en figrung</Unicode>
                </TextEquiv>
            </TextLine>
            <TextLine id="r2l16" custom="readingOrder {index:15;}">
                <Coords points="2112,1539 2150,1519 2174,1528 2190,1511 2254,1497 2274,1508 2314,1495 2374,1510 2402,1501 2395,1428 2363,1418 2328,1427 2254,1468 2192,1421 2105,1474"/>
                <Baseline points="2117,1514 2142,1511 2167,1508 2192,1504 2217,1502 2242,1498 2267,1496 2292,1494 2317,1492 2342,1490 2367,1488 2393,1487"/>
                <Word id="r2l16_w1" custom="readingOrder {index:0;}">
                    <Coords points="2125,1465 2125,1525 2241,1525 2241,1465"/>
                    <TextEquiv>
                        <Unicode>Seine</Unicode>
                    </TextEquiv>
                </Word>
                <Word id="r2l16_w2" custom="readingOrder {index:1;}">
                    <Coords points="2273,1449 2273,1509 2412,1509 2412,1449"/>
                    <TextEquiv>
                        <Unicode>Baobora¬</Unicode>
                    </TextEquiv>
                </Word>
                <TextEquiv>
                    <Unicode>Seine Baobora¬</Unicode>
                </TextEquiv>
            </TextLine>
            <TextLine id="r2l17" custom="readingOrder {index:16;}">
                <Coords points="2385,1571 2878,1509 3461,1530 3502,1481 3423,1450 3333,1492 3277,1446 3072,1491 3015,1440 2774,1494 2699,1442 2624,1477 2555,1451 2490,1515 2383,1501"/>
                <Baseline points="2391,1542 2446,1537 2501,1533 2556,1529 2611,1526 2667,1523 2722,1521 2777,1518 2832,1517 2887,1515 2943,1514 2998,1514 3053,1513 3108,1512 3163,1512 3219,1512 3274,1512 3329,1512 3384,1512 3439,1512 3495,1512"/>
                <Word id="r2l17_w1" custom="readingOrder {index:0;}">
                    <Coords points="2401,1495 2401,1555 2543,1555 2543,1495"/>
                    <TextEquiv>
                        <Unicode>grund</Unicode>
                    </TextEquiv>
                </Word>
                <Word id="r2l17_w2" custom="readingOrder {index:1;}">
                    <Coords points="2580,1485 2580,1545 2675,1545 2675,1485"/>
                    <TextEquiv>
                        <Unicode>wider</Unicode>
                    </TextEquiv>
                </Word>
                <Word id="r2l17_w3" custom="readingOrder {index:2;}">
                    <Coords points="2685,1480 2685,1540 2780,1540 2780,1480"/>
                    <TextEquiv>
                        <Unicode>seine</Unicode>
                    </TextEquiv>
                </Word>
                <Word id="r2l17_w4" custom="readingOrder {index:3;}">
                    <Coords points="2818,1474 2818,1534 3027,1534 3027,1474"/>
                    <TextEquiv>
                        <Unicode>vorhabende</Unicode>
                    </TextEquiv>
                </Word>
                <Word id="r2l17_w5" custom="readingOrder {index:4;}">
                    <Coords points="3065,1472 3065,1532 3122,1532 3122,1472"/>
                    <TextEquiv>
                        <Unicode>Ehe</Unicode>
                    </TextEquiv>
                </Word>
                <Word id="r2l17_w6" custom="readingOrder {index:5;}">
                    <Coords points="3170,1472 3170,1532 3254,1532 3254,1472"/>
                    <TextEquiv>
                        <Unicode>mit</Unicode>
                    </TextEquiv>
                </Word>
                <Word id="r2l17_w7" custom="readingOrder {index:6;}">
                    <Coords points="3293,1472 3293,1532 3473,1532 3473,1472"/>
                    <TextEquiv>
                        <Unicode>Barbara</Unicode>
                    </TextEquiv>
                </Word>
                <TextEquiv>
                    <Unicode>grund wider seine vorhabende Ehe mit Barbara</Unicode>
                </TextEquiv>
            </TextLine>
            <TextLine id="r2l18" custom="readingOrder {index:17;}">
                <Coords points="2374,1643 3170,1591 3259,1652 3465,1584 3463,1530 3394,1519 3179,1571 3092,1514 2880,1509 2371,1555"/>
                <Baseline points="2381,1626 2434,1622 2488,1617 2542,1614 2596,1612 2650,1610 2704,1608 2757,1607 2811,1605 2865,1604 2919,1604 2973,1602 3027,1602 3081,1601 3134,1600 3188,1599 3242,1597 3296,1595 3350,1593 3404,1589 3458,1586"/>
                <Word id="r2l18_w1" custom="readingOrder {index:0;}">
                    <Coords points="2384,1580 2384,1640 2517,1640 2517,1580"/>
                    <TextEquiv>
                        <Unicode>Steiner</Unicode>
                    </TextEquiv>
                </Word>
                <Word id="r2l18_w2" custom="readingOrder {index:1;}">
                    <Coords points="2553,1572 2553,1632 2638,1632 2638,1572"/>
                    <TextEquiv>
                        <Unicode>von</Unicode>
                    </TextEquiv>
                </Word>
                <Word id="r2l18_w3" custom="readingOrder {index:2;}">
                    <Coords points="2687,1567 2687,1627 2796,1627 2796,1567"/>
                    <TextEquiv>
                        <Unicode>Trub</Unicode>
                    </TextEquiv>
                </Word>
                <Word id="r2l18_w4" custom="readingOrder {index:3;}">
                    <Coords points="2820,1564 2820,1624 2893,1624 2893,1564"/>
                    <TextEquiv>
                        <Unicode>nit</Unicode>
                    </TextEquiv>
                </Word>
                <Word id="r2l18_w5" custom="readingOrder {index:4;}">
                    <Coords points="2917,1562 2917,1622 3111,1622 3111,1562"/>
                    <TextEquiv>
                        <Unicode>erheklich</Unicode>
                    </TextEquiv>
                </Word>
                <Word id="r2l18_w6" custom="readingOrder {index:5;}">
                    <Coords points="3134,1559 3134,1619 3219,1619 3219,1559"/>
                    <TextEquiv>
                        <Unicode>gnng</Unicode>
                    </TextEquiv>
                </Word>
                <Word id="r2l18_w7" custom="readingOrder {index:6;}">
                    <Coords points="3267,1551 3267,1611 3461,1611 3461,1551"/>
                    <TextEquiv>
                        <Unicode>befunden</Unicode>
                    </TextEquiv>
                </Word>
                <TextEquiv>
                    <Unicode>Steiner von Trub nit erheklich gnng befunden</Unicode>
                </TextEquiv>
            </TextLine>
            <TextLine id="r2l19" custom="readingOrder {index:18;}">
                <Coords points="2364,1714 3155,1688 3248,1746 3327,1683 3481,1685 3480,1633 3402,1654 3347,1612 3270,1658 3169,1591 3006,1657 2893,1622 2829,1661 2734,1622 2363,1657"/>
                <Baseline points="2372,1715 2427,1708 2482,1703 2537,1699 2592,1696 2647,1694 2702,1691 2757,1689 2812,1689 2867,1688 2922,1688 2977,1688 3032,1688 3087,1687 3142,1686 3197,1686 3252,1684 3307,1682 3362,1680 3417,1677 3473,1673"/>
                <Word id="r2l19_w1" custom="readingOrder {index:0;}">
                    <Coords points="2385,1663 2385,1723 2558,1723 2558,1663"/>
                    <TextEquiv>
                        <Unicode>dieselbe</Unicode>
                    </TextEquiv>
                </Word>
                <Word id="r2l19_w2" custom="readingOrder {index:1;}">
                    <Coords points="2590,1652 2590,1712 2774,1712 2774,1652"/>
                    <TextEquiv>
                        <Unicode>behinderen</Unicode>
                    </TextEquiv>
                </Word>
                <Word id="r2l19_w3" custom="readingOrder {index:2;}">
                    <Coords points="2829,1648 2829,1708 3034,1708 3034,1648"/>
                    <TextEquiv>
                        <Unicode>können,</Unicode>
                    </TextEquiv>
                </Word>
                <Word id="r2l19_w4" custom="readingOrder {index:3;}">
                    <Coords points="3078,1646 3078,1706 3262,1706 3262,1646"/>
                    <TextEquiv>
                        <Unicode>derowegn</Unicode>
                    </TextEquiv>
                </Word>
                <Word id="r2l19_w5" custom="readingOrder {index:4;}">
                    <Coords points="3284,1640 3284,1700 3404,1700 3404,1640"/>
                    <TextEquiv>
                        <Unicode>Ihnen</Unicode>
                    </TextEquiv>
                </Word>
                <TextEquiv>
                    <Unicode>dieselbe behinderen können, derowegn Ihnen</Unicode>
                </TextEquiv>
            </TextLine>
            <TextLine id="r2l20" custom="readingOrder {index:19;}">
                <Coords points="2381,1833 2838,1767 2937,1856 3038,1855 3223,1784 3484,1769 3413,1705 3314,1694 3245,1746 3199,1700 3021,1683 2875,1757 2790,1690 2379,1755"/>
                <Baseline points="2388,1805 2442,1797 2496,1791 2551,1787 2605,1784 2660,1781 2714,1781 2768,1779 2823,1778 2877,1778 2932,1778 2986,1778 3040,1778 3095,1779 3149,1779 3204,1778 3258,1778 3312,1777 3367,1775 3421,1773 3476,1770"/>
                <Word id="r2l20_w1" custom="readingOrder {index:0;}">
                    <Coords points="2395,1747 2395,1807 2684,1807 2684,1747"/>
                    <TextEquiv>
                        <Unicode>auffgetrogen</Unicode>
                    </TextEquiv>
                </Word>
                <Word id="r2l20_w2" custom="readingOrder {index:1;}">
                    <Coords points="2697,1739 2697,1799 2821,1799 2821,1739"/>
                    <TextEquiv>
                        <Unicode>werden</Unicode>
                    </TextEquiv>
                </Word>
                <Word id="r2l20_w3" custom="readingOrder {index:2;}">
                    <Coords points="2874,1738 2874,1798 2999,1798 2999,1738"/>
                    <TextEquiv>
                        <Unicode>selbe</Unicode>
                    </TextEquiv>
                </Word>
                <Word id="r2l20_w4" custom="readingOrder {index:3;}">
                    <Coords points="3026,1739 3026,1799 3219,1799 3219,1739"/>
                    <TextEquiv>
                        <Unicode>fortfahre</Unicode>
                    </TextEquiv>
                </Word>
                <Word id="r2l20_w5" custom="readingOrder {index:4;}">
                    <Coords points="3246,1737 3246,1797 3342,1797 3342,1737"/>
                    <TextEquiv>
                        <Unicode>undt</Unicode>
                    </TextEquiv>
                </Word>
                <Word id="r2l20_w6" custom="readingOrder {index:5;}">
                    <Coords points="3369,1732 3369,1792 3494,1792 3494,1732"/>
                    <TextEquiv>
                        <Unicode>Ver¬</Unicode>
                    </TextEquiv>
                </Word>
                <TextEquiv>
                    <Unicode>auffgetrogen werden selbe fortfahre undt Ver¬</Unicode>
                </TextEquiv>
            </TextLine>
            <TextLine id="r2l21" custom="readingOrder {index:20;}">
                <Coords points="2376,1919 2402,1932 2469,1895 2522,1890 2641,1946 2728,1903 2810,1894 2803,1807 2739,1819 2706,1798 2629,1818 2603,1800 2585,1816 2562,1806 2491,1868 2374,1881"/>
                <Baseline points="2382,1902 2408,1900 2434,1898 2460,1896 2486,1893 2512,1890 2539,1887 2565,1885 2591,1883 2617,1881 2643,1879 2670,1877 2696,1875 2722,1875 2748,1874 2774,1874 2801,1874"/>
                <Word id="r2l21_w1" custom="readingOrder {index:0;}">
                    <Coords points="2401,1854 2401,1914 2552,1914 2552,1854"/>
                    <TextEquiv>
                        <Unicode>kinde</Unicode>
                    </TextEquiv>
                </Word>
                <Word id="r2l21_w2" custom="readingOrder {index:1;}">
                    <Coords points="2591,1841 2591,1901 2629,1901 2629,1841"/>
                    <TextEquiv>
                        <Unicode>zu</Unicode>
                    </TextEquiv>
                </Word>
                <Word id="r2l21_w3" custom="readingOrder {index:2;}">
                    <Coords points="2654,1834 2654,1894 2793,1894 2793,1834"/>
                    <TextEquiv>
                        <Unicode>laße.</Unicode>
                    </TextEquiv>
                </Word>
                <TextEquiv>
                    <Unicode>kinde zu laße.</Unicode>
                </TextEquiv>
            </TextLine>
            <TextLine id="r2l22" custom="readingOrder {index:21;}">
                <Coords points="2336,2132 2471,2089 2525,2133 2585,2074 2647,2102 2703,2064 3336,2100 3418,2052 3398,1959 3282,2008 3127,1945 3013,1996 2334,1978"/>
                <Baseline points="2342,2075 2395,2072 2448,2068 2502,2067 2555,2064 2609,2064 2662,2063 2715,2063 2769,2063 2822,2063 2876,2064 2929,2064 2982,2064 3036,2064 3089,2063 3143,2063 3196,2061 3249,2060 3303,2057 3356,2053 3410,2049"/>
                <Word id="r2l22_w1" custom="readingOrder {index:0;}">
                    <Coords points="2352,2032 2352,2092 2426,2092 2426,2032"/>
                    <TextEquiv>
                        <Unicode>S.</Unicode>
                    </TextEquiv>
                </Word>
                <Word id="r2l22_w2" custom="readingOrder {index:1;}">
                    <Coords points="2455,2024 2455,2084 2646,2084 2646,2024"/>
                    <TextEquiv>
                        <Unicode>Jehanß.</Unicode>
                    </TextEquiv>
                </Word>
                <Word id="r2l22_w3" custom="readingOrder {index:2;}">
                    <Coords points="2660,2023 2660,2083 2794,2083 2794,2023"/>
                    <TextEquiv>
                        <Unicode>Jasul</Unicode>
                    </TextEquiv>
                </Word>
                <Word id="r2l22_w4" custom="readingOrder {index:3;}">
                    <Coords points="2822,2023 2822,2083 2867,2083 2867,2023"/>
                    <TextEquiv>
                        <Unicode>an</Unicode>
                    </TextEquiv>
                </Word>
                <Word id="r2l22_w5" custom="readingOrder {index:4;}">
                    <Coords points="2882,2024 2882,2084 2956,2084 2956,2024"/>
                    <TextEquiv>
                        <Unicode>H.</Unicode>
                    </TextEquiv>
                </Word>
                <Word id="r2l22_w6" custom="readingOrder {index:5;}">
                    <Coords points="2970,2023 2970,2083 3161,2083 3161,2023"/>
                    <TextEquiv>
                        <Unicode>Pfarhl.</Unicode>
                    </TextEquiv>
                </Word>
                <Word id="r2l22_w7" custom="readingOrder {index:6;}">
                    <Coords points="3192,2020 3192,2080 3265,2080 3265,2020"/>
                    <TextEquiv>
                        <Unicode>Ihro</Unicode>
                    </TextEquiv>
                </Word>
                <Word id="r2l22_w8" custom="readingOrder {index:7;}">
                    <Coords points="3294,2012 3294,2072 3428,2072 3428,2012"/>
                    <TextEquiv>
                        <Unicode>deß¬</Unicode>
                    </TextEquiv>
                </Word>
                <TextEquiv>
                    <Unicode>S. Jehanß. Jasul an H. Pfarhl. Ihro deß¬</Unicode>
                </TextEquiv>
            </TextLine>
            <TextLine id="r2l23" custom="readingOrder {index:22;}">
                <Coords points="2373,2182 2442,2207 2521,2156 2603,2186 2689,2162 2797,2232 2918,2193 3010,2216 3116,2162 3228,2162 3227,2089 3152,2077 3078,2117 2838,2079 2762,2140 2577,2097 2523,2134 2471,2089 2372,2141"/>
                <Baseline points="2379,2175 2421,2172 2463,2171 2505,2168 2547,2167 2589,2166 2631,2165 2673,2163 2715,2163 2757,2162 2800,2162 2842,2162 2884,2162 2926,2161 2968,2160 3010,2160 3052,2160 3094,2160 3136,2160 3178,2160 3221,2160"/>
                <Word id="r2l23_w1" custom="readingOrder {index:0;}">
                    <Coords points="2389,2131 2389,2191 2487,2191 2487,2131"/>
                    <TextEquiv>
                        <Unicode>obge</Unicode>
                    </TextEquiv>
                </Word>
                <Word id="r2l23_w2" custom="readingOrder {index:1;}">
                    <Coords points="2541,2126 2541,2186 2570,2186 2570,2126"/>
                    <TextEquiv>
                        <Unicode>u</Unicode>
                    </TextEquiv>
                </Word>
                <Word id="r2l23_w3" custom="readingOrder {index:2;}">
                    <Coords points="2612,2123 2612,2183 2722,2183 2722,2123"/>
                    <TextEquiv>
                        <Unicode>seinem</Unicode>
                    </TextEquiv>
                </Word>
                <Word id="r2l23_w4" custom="readingOrder {index:3;}">
                    <Coords points="2791,2122 2791,2182 2958,2182 2958,2122"/>
                    <TextEquiv>
                        <Unicode>verhalt</Unicode>
                    </TextEquiv>
                </Word>
                <Word id="r2l23_w5" custom="readingOrder {index:4;}">
                    <Coords points="2987,2120 2987,2180 3238,2180 3238,2120"/>
                    <TextEquiv>
                        <Unicode>berichten.</Unicode>
                    </TextEquiv>
                </Word>
                <TextEquiv>
                    <Unicode>obge u seinem verhalt berichten.</Unicode>
                </TextEquiv>
            </TextLine>
            <TextLine id="r2l24" custom="readingOrder {index:23;}">
                <Coords points="2137,2186 2152,2184 2160,2191 2198,2176 2224,2193 2242,2189 2262,2203 2274,2202 2278,2081 2259,2076 2229,2082 2191,2054 2163,2079 2142,2079"/>
                <Baseline points="2145,2162 2175,2163 2206,2162 2237,2163 2268,2171"/>
                <Word id="r2l24_w1" custom="readingOrder {index:0;}">
                    <Coords points="2151,2122 2151,2182 2237,2182 2237,2122"/>
                    <TextEquiv>
                        <Unicode>obse</Unicode>
                    </TextEquiv>
                </Word>
                <TextEquiv>
                    <Unicode>obse</Unicode>
                </TextEquiv>
            </TextLine>
            <TextLine id="r2l25" custom="readingOrder {index:24;}">
                <Coords points="2440,2377 2492,2361 2555,2416 2637,2352 2710,2391 2842,2355 2922,2384 2983,2338 3124,2373 3213,2331 3460,2329 3457,2250 3226,2277 3064,2233 2995,2276 2849,2256 2741,2318 2683,2275 2576,2302 2437,2273"/>
                <Baseline points="2447,2358 2497,2355 2547,2352 2597,2349 2648,2348 2698,2346 2748,2345 2798,2343 2849,2342 2899,2340 2949,2339 2999,2337 3050,2336 3100,2336 3150,2333 3200,2332 3251,2330 3301,2327 3351,2324 3401,2321 3452,2318"/>
                <Word id="r2l25_w1" custom="readingOrder {index:0;}">
                    <Coords points="2438,2317 2438,2377 2474,2377 2474,2317"/>
                    <TextEquiv>
                        <Unicode>die</Unicode>
                    </TextEquiv>
                </Word>
                <Word id="r2l25_w2" custom="readingOrder {index:1;}">
                    <Coords points="2498,2308 2498,2368 2753,2368 2753,2308"/>
                    <TextEquiv>
                        <Unicode>beurtheilung</Unicode>
                    </TextEquiv>
                </Word>
                <Word id="r2l25_w3" custom="readingOrder {index:2;}">
                    <Coords points="2789,2302 2789,2362 2850,2362 2850,2302"/>
                    <TextEquiv>
                        <Unicode>deß</Unicode>
                    </TextEquiv>
                </Word>
                <Word id="r2l25_w4" custom="readingOrder {index:3;}">
                    <Coords points="2887,2299 2887,2359 2972,2359 2972,2299"/>
                    <TextEquiv>
                        <Unicode>Hanß</Unicode>
                    </TextEquiv>
                </Word>
                <Word id="r2l25_w5" custom="readingOrder {index:4;}">
                    <Coords points="3033,2294 3033,2354 3226,2354 3226,2294"/>
                    <TextEquiv>
                        <Unicode>Bakmans</Unicode>
                    </TextEquiv>
                </Word>
                <Word id="r2l25_w6" custom="readingOrder {index:5;}">
                    <Coords points="3251,2284 3251,2344 3444,2344 3444,2284"/>
                    <TextEquiv>
                        <Unicode>Vorhabende</Unicode>
                    </TextEquiv>
                </Word>
                <TextEquiv>
                    <Unicode>die beurtheilung deß Hanß Bakmans Vorhabende</Unicode>
                </TextEquiv>
            </TextLine>
            <TextLine id="r2l26" custom="readingOrder {index:25;}">
                <Coords points="2123,2375 2189,2388 2286,2377 2347,2417 2369,2399 2399,2401 2402,2245 2321,2288 2259,2283 2234,2304 2200,2295 2124,2334"/>
                <Baseline points="2130,2376 2156,2374 2182,2372 2208,2373 2235,2373 2261,2376 2287,2376 2314,2378 2340,2378 2366,2377 2393,2375"/>
                <Word id="r2l26_w1" custom="readingOrder {index:0;}">
                    <Coords points="2142,2333 2142,2393 2300,2393 2300,2333"/>
                    <TextEquiv>
                        <Unicode>bahenan</Unicode>
                    </TextEquiv>
                </Word>
                <Word id="r2l26_w2" custom="readingOrder {index:1;}">
                    <Coords points="2317,2337 2317,2397 2380,2397 2380,2337"/>
                    <TextEquiv>
                        <Unicode>haß</Unicode>
                    </TextEquiv>
                </Word>
                <TextEquiv>
                    <Unicode>bahenan haß</Unicode>
                </TextEquiv>
            </TextLine>
            <TextLine id="r2l27" custom="readingOrder {index:26;}">
                <Coords points="2411,2480 2549,2433 2849,2468 3160,2415 3270,2486 3312,2448 3451,2450 3448,2347 3013,2361 2876,2410 2636,2352 2556,2416 2408,2382"/>
                <Baseline points="2417,2438 2468,2438 2519,2438 2570,2438 2622,2438 2673,2436 2724,2436 2776,2435 2827,2433 2878,2432 2930,2430 2981,2429 3032,2427 3083,2426 3135,2423 3186,2421 3237,2420 3289,2418 3340,2416 3391,2414 3443,2412"/>
                <Word id="r2l27_w1" custom="readingOrder {index:0;}">
                    <Coords points="2409,2398 2409,2458 2465,2458 2465,2398"/>
                    <TextEquiv>
                        <Unicode>ehe</Unicode>
                    </TextEquiv>
                </Word>
                <Word id="r2l27_w2" custom="readingOrder {index:1;}">
                    <Coords points="2488,2398 2488,2458 2569,2458 2569,2398"/>
                    <TextEquiv>
                        <Unicode>mit</Unicode>
                    </TextEquiv>
                </Word>
                <Word id="r2l27_w3" custom="readingOrder {index:2;}">
                    <Coords points="2625,2396 2625,2456 2763,2456 2763,2396"/>
                    <TextEquiv>
                        <Unicode>Marie</Unicode>
                    </TextEquiv>
                </Word>
                <Word id="r2l27_w4" custom="readingOrder {index:3;}">
                    <Coords points="2797,2392 2797,2452 2934,2452 2934,2392"/>
                    <TextEquiv>
                        <Unicode>Jamper</Unicode>
                    </TextEquiv>
                </Word>
                <Word id="r2l27_w5" custom="readingOrder {index:4;}">
                    <Coords points="2945,2389 2945,2449 2991,2449 2991,2389"/>
                    <TextEquiv>
                        <Unicode>ist</Unicode>
                    </TextEquiv>
                </Word>
                <Word id="r2l27_w6" custom="readingOrder {index:5;}">
                    <Coords points="3026,2386 3026,2446 3083,2446 3083,2386"/>
                    <TextEquiv>
                        <Unicode>biß</Unicode>
                    </TextEquiv>
                </Word>
                <Word id="r2l27_w7" custom="readingOrder {index:6;}">
                    <Coords points="3117,2381 3117,2441 3209,2441 3209,2381"/>
                    <TextEquiv>
                        <Unicode>auff</Unicode>
                    </TextEquiv>
                </Word>
                <Word id="r2l27_w8" custom="readingOrder {index:7;}">
                    <Coords points="3243,2375 3243,2435 3461,2435 3461,2375"/>
                    <TextEquiv>
                        <Unicode>künfftigen</Unicode>
                    </TextEquiv>
                </Word>
                <TextEquiv>
                    <Unicode>ehe mit Marie Jamper ist biß auff künfftigen</Unicode>
                </TextEquiv>
            </TextLine>
            <TextLine id="r2l28" custom="readingOrder {index:27;}">
                <Coords points="2107,2467 2149,2456 2179,2478 2264,2472 2283,2457 2373,2460 2374,2427 2357,2427 2321,2394 2276,2428 2263,2427 2206,2413 2157,2380 2111,2375"/>
                <Baseline points="2115,2444 2140,2444 2165,2444 2190,2445 2215,2447 2240,2448 2265,2450 2290,2451 2315,2452 2340,2454 2366,2454"/>
                <Word id="r2l28_w1" custom="readingOrder {index:0;}">
                    <Coords points="2113,2404 2113,2464 2248,2464 2248,2404"/>
                    <TextEquiv>
                        <Unicode>Gampa</Unicode>
                    </TextEquiv>
                </Word>
                <Word id="r2l28_w2" custom="readingOrder {index:1;}">
                    <Coords points="2282,2413 2282,2473 2374,2473 2374,2413"/>
                    <TextEquiv>
                        <Unicode>Mana</Unicode>
                    </TextEquiv>
                </Word>
                <TextEquiv>
                    <Unicode>Gampa Mana</Unicode>
                </TextEquiv>
            </TextLine>
            <TextLine id="r2l29" custom="readingOrder {index:28;}">
                <Coords points="2375,2579 2482,2584 2586,2540 2673,2581 2803,2518 2929,2505 2985,2525 3019,2508 3018,2459 2955,2441 2837,2486 2732,2447 2601,2475 2540,2450 2509,2480 2447,2453 2373,2507"/>
                <Baseline points="2381,2525 2412,2522 2444,2521 2475,2520 2507,2519 2538,2518 2570,2517 2601,2517 2633,2516 2664,2516 2696,2516 2727,2516 2759,2514 2790,2514 2822,2513 2853,2512 2885,2511 2916,2510 2948,2507 2979,2505 3011,2502"/>
                <Word id="r2l29_w1" custom="readingOrder {index:0;}">
                    <Coords points="2399,2479 2399,2539 2583,2539 2583,2479"/>
                    <TextEquiv>
                        <Unicode>forstag</Unicode>
                    </TextEquiv>
                </Word>
                <Word id="r2l29_w2" custom="readingOrder {index:1;}">
                    <Coords points="2621,2476 2621,2536 2830,2536 2830,2476"/>
                    <TextEquiv>
                        <Unicode>verschoben</Unicode>
                    </TextEquiv>
                </Word>
                <Word id="r2l29_w3" custom="readingOrder {index:2;}">
                    <Coords points="2842,2468 2842,2528 3015,2528 3015,2468"/>
                    <TextEquiv>
                        <Unicode>worden.</Unicode>
                    </TextEquiv>
                </Word>
                <TextEquiv>
                    <Unicode>forstag verschoben worden.</Unicode>
                </TextEquiv>
            </TextLine>
            <TextEquiv>
                <Unicode></Unicode>
            </TextEquiv>
        </TextRegion>
    </Page>
</PcGts>
