4032 3024
683 261 875 321 498f.

689 473 817 533 Wirth
842 472 971 532 Casfar

687 571 839 631 Bühler
865 563 968 623 haton

709 982 853 1042 Wältz
866 983 1025 1043 Elisakets

1011 354 1133 414 fer
1344 338 1422 398 e
1466 341 1550 401 e
1633 353 1716 413 he
1839 399 2089 459 en

1024 438 1138 498 Ihren
1182 434 1454 494 aufgetragen
1468 442 1584 502 haben
1670 455 1742 515 den
1756 464 1914 524 Caspfar
1928 474 2028 534 Mircg

1020 527 1095 587 von
1120 524 1332 584 Erßteil
1383 529 1495 589 undt
1521 536 1632 596 Catri
1671 547 1845 607 büchter
1870 557 1957 617 von

1028 611 1243 671 Madishiel
1295 608 1376 668 Von
1389 610 1484 670 heit
1510 613 1590 673 über
1617 619 1725 679 acht
1751 626 1818 686 tag
1858 638 2019 698 herhalten

1001 698 1259 758 zulaßen.

1020 892 1183 952 Dürich.
1212 888 1322 948 Cons.
1349 885 1445 945 Auß
1500 883 1623 943 Eüte
1638 883 1679 943 etc
1719 886 1898 946 gefhrten
1925 894 1995 954 Wan

1044 991 1070 1051 2
1097 988 1152 1048 diß
1191 981 1354 1041 habendt
1394 977 1488 1037 Wais
1515 975 1596 1035 fur
1609 974 1704 1034 sehen
1730 974 1866 1034 gehabt
1893 974 2014 1034 wiedaß

1022 1074 1110 1134 Eine
1149 1069 1325 1129 gewüße
1375 1067 1590 1127 Elisabeth
1628 1068 1768 1128 Wältzi
1793 1068 1868 1128 von
1894 1067 1994 1127 Eiunen

1010 1156 1333 1216 schnambsendt
1346 1156 1630 1216 schwanigeren
1694 1153 1797 1213 Lubs
1823 1149 1875 1209 sich
1900 1143 2044 1203 befnden

1006 1238 1131 1298 sundt
1153 1240 1247 1300 zum
1310 1240 1478 1300 Vatter
1509 1240 1656 1300 deßen
1729 1231 1960 1291 ernambste

1007 1321 1070 1381 Ein
1166 1324 1465 1384 Schusterknecht
1509 1322 1604 1382 von
1637 1317 1861 1377 Straßburg
1882 1307 2021 1367 nahmens

1004 1419 1110 1479 Hanß
1163 1416 1282 1476 Grörg
1322 1414 1387 1474 N.
1415 1410 1520 1470 undt
1546 1407 1613 1467 Ihr
1640 1403 1666 1463 zu
1692 1399 1838 1459 teuffen
1864 1392 2023 1452 verlanget

1011 1517 1143 1577 fahls
1179 1513 1240 1573 die
1276 1508 1445 1568 felegern
1493 1500 1601 1560 auff
1626 1494 1674 1554 den
1735 1483 1940 1543 beklagten

1021 1606 1195 1666 verharren
1226 1600 1412 1660 wünde,
1432 1591 1637 1651 wasnach
1679 1580 1750 1640 der
1782 1565 1926 1625 genißt
1936 1551 1997 1611 mit

999 1691 1088 1751 Ihra
1132 1684 1433 1744 vorzunemmen
1498 1677 1565 1737 sein
1587 1671 1743 1731 wolte,
1765 1652 1931 1712 wollendt
1955 1633 2009 1693 Wie

1011 1773 1107 1833 Einh
1161 1777 1202 1837 in
1217 1778 1437 1838 freundtl.
1450 1776 1491 1836 Ey
1520 1772 1601 1832 dH.
1629 1760 1820 1820 antwort
1835 1736 1999 1796 verhekt

1033 1870 1202 1930 haben,
1228 1873 1319 1933 daß
1371 1872 1475 1932 swar
1528 1868 1580 1928 die
1618 1859 1789 1919 Wälti
1815 1842 1905 1902 Gan
1919 1828 1996 1888 kinen

1013 1962 1186 2022 gebürtig
1220 1966 1335 2026 allen
1369 1963 1519 2023 Unsere
1564 1944 1888 2004 Constitutionen
1922 1920 1956 1980 in

1011 2048 1136 2108 solchen
1149 2053 1286 2113 fählen
1337 2053 1463 2113 geben
1512 2045 1613 2105 mit
1650 2034 1738 2094 daß
1789 2019 1851 2079 wan
1888 2001 1963 2061 fine

997 2138 1163 2198 Webe
1180 2144 1381 2204 Persohn
1430 2142 1496 2202 sich
1547 2135 1629 2195 von
1664 2121 1781 2181 Einem
1830 2088 2013 2148 freuber

982 2236 1236 2296 schwängenn
1279 2237 1421 2297 laßet,
1448 2230 1632 2290 derselbe
1661 2210 1845 2270 darüber
1859 2178 1986 2238 hinder

986 2321 1091 2381 hete
1123 2326 1290 2386 nimbt
1320 2327 1412 2387 und
1457 2324 1518 2384 Sie
1548 2318 1670 2378 auff
1700 2301 1807 2361 Ihme
1837 2283 1882 2343 in
1912 2252 2051 2312 fr¬

975 2407 1133 2467 geüset
1161 2413 1336 2473 Vrhamt
1378 2416 1436 2476 Sie
1464 2414 1536 2474 alß
1580 2408 1653 2468 ein
1695 2395 1767 2455 die
1797 2378 1853 2438 Ihr
1883 2346 2014 2406 landt¬

967 2494 1108 2554 Recht
1124 2506 1344 2566 verbärbet,
1375 2509 1470 2569 und
1503 2503 1596 2563 auß
1644 2491 1723 2551 dem
1770 2471 1864 2531 land
1911 2444 1975 2504 der

989 2581 1316 2641 Fürgnahgelisen
1330 2590 1474 2650 werde:
1516 2583 1629 2643 Für
1659 2565 1815 2625 Einto¬

3388 373 3485 433 494

3458 402 3481 462 8

2429 414 2540 474 Kürs
2551 412 2685 472 andere
2719 418 2863 478 dann:
2875 431 3096 491 Erstattendt
3131 439 3219 499 Wit
3241 438 3332 498 füns¬

3222 473 3303 533 ist
3364 460 3453 520 den

2431 497 2593 557 behörig,
2618 496 2694 556 und
2718 502 2870 562 Freundt
2882 514 3020 574 Eydec,
3045 526 3133 586 dank
3170 536 3258 596 für
3283 541 3334 601 die
3359 545 3509 605 beeisene

2153 548 2283 608 Pochen
2299 529 2416 589 Mern.

2414 597 2548 657 Paty
2594 592 2744 652 Unsere
2774 598 3014 658 angehörgein
3045 611 3164 671 Masin
3195 619 3329 679 Stehin
3360 623 3465 683 undt

2126 622 2338 682 Vorsweiber

2175 679 2349 739 heirich.

2402 687 2474 747 Ihes
2504 680 2576 740 den
2605 678 2738 738 herrer
2781 681 2987 741 Weiweiele
3015 687 3073 747 Von
3103 694 3426 754 Kurfhuhenbachn

2414 763 2671 823 zugefegneten
2694 761 2829 821 Kindts
2862 768 3020 828 dardurch
3043 772 3088 832 Ihr
3121 775 3279 835 daßelbe
3301 772 3448 832 sambt

2434 859 2483 919 Ir
2512 848 2677 908 Mutter
2706 845 2765 905 alß
2803 847 3018 907 Ehe-Ehr-
3037 850 3125 910 undt
3154 850 3290 910 heblsich
3310 843 3475 903 erkennnet

2412 929 2521 989 undt
2533 924 2643 984 Ihnen
2680 923 2754 983 Ihr
2778 925 2961 985 heindalh
2985 931 3070 991 Reht
3108 935 3144 995 zu
3193 936 3498 996 kurzflichebeh

2411 1017 2572 1077 verzeget
2606 1015 2697 1075 mit
2720 1017 2939 1077 versicher,
2961 1020 3019 1080 daß
3064 1022 3133 1082 Wie
3156 1024 3247 1084 solche
3271 1024 3294 1084 in
3316 1021 3466 1081 andern

2409 1106 2516 1166 undt
2549 1106 2743 1166 dergleiches
2786 1109 3056 1169 begebenheiten
3109 1110 3185 1170 mit
3207 1108 3443 1168 hinlidrigen

2403 1192 2799 1252 dienstgeselligkeiten
2849 1190 3060 1250 zuerliesen
3085 1190 3383 1250 ohnvergesen

2420 1296 2486 1356 sen
2511 1285 2630 1345 werden,
2655 1280 2760 1340 undt
2787 1279 2904 1339 solches
2918 1280 3166 1340 zuerstatten,
3192 1277 3310 1337 Altio
3323 1271 3401 1331 Unß

2393 1386 2544 1446 hiemit
2558 1370 2875 1430 erbietigmachen

2387 1577 2581 1637 Gonff.
2608 1566 2712 1626 Cons.
2724 1561 2815 1621 Von
2842 1558 2893 1618 dem
2933 1555 3140 1615 Consitorio
3167 1552 3206 1612 zu
3245 1548 3362 1608 Arjier
3374 1542 3480 1602 sind.

2422 1675 2528 1735 Wio
2560 1657 2731 1717 beaichtet
2752 1646 2924 1706 werden,
2956 1641 3008 1701 wie
3031 1639 3094 1699 daß
3148 1636 3286 1696 Nicolas
3308 1629 3532 1689 Lambobtanne

2132 1678 2252 1738 Lambo
2271 1675 2391 1735 Geaun

2399 1756 2481 1816 Von
2517 1745 2681 1805 Giorins
2708 1738 2735 1798 so
2753 1736 2808 1796 sich
2835 1730 3026 1790 dißmahl
3072 1725 3099 1785 in
3126 1722 3254 1782 Eüter
3290 1717 3407 1777 Unserp

2195 1741 2354 1801 Nicolas

2418 1835 2614 1895 spramison
2646 1827 2865 1887 befindet,
2886 1821 2952 1881 das
2985 1817 3060 1877 Ihme
3094 1814 3170 1874 von
3213 1813 3279 1873 der
3311 1813 3453 1873 Marie

2105 1828 2221 1888 Pagras
2243 1826 2370 1886 Elianec

2202 1894 2322 1954 Maril

2395 1918 2595 1978 Elisabelh
2652 1909 2814 1969 Pegraz
2853 1903 2938 1963 Oon
2967 1898 3100 1958 Arjilt
3138 1893 3168 1953 so
3187 1891 3234 1951 sich
3262 1886 3310 1946 bey
3339 1883 3434 1943 Einem

2384 2005 2570 2065 gewüßen
2610 1996 2824 2056 Renardet
2837 1991 3092 2051 auffhaltet,
3118 1981 3372 2041 zugefignet

2389 2091 2697 2151 Kinkeitnus
2734 2080 3005 2140 angenommen,
3024 2078 3177 2138 sondern
3195 2072 3350 2132 selbiges
3368 2061 3459 2121 zur

2378 2185 2645 2245 Verpflegin
2670 2176 2747 2236 das
2772 2172 2925 2232 Saftoy
2950 2168 3153 2228 übergeben
3192 2162 3331 2222 habe,
3357 2154 3521 2214 benebens

2393 2270 2478 2330 aber
2528 2261 2625 2321 beyde
2675 2257 2760 2317 umb
2798 2257 2895 2317 diesen
2919 2257 3042 2317 fähler
3066 2256 3177 2316 nicht
3189 2251 3458 2311 abgebüeßet

2400 2353 2480 2413 und
2524 2351 2580 2411 dem
2637 2348 2886 2408 Hhrr-Gecht
2920 2344 3010 2404 von
3068 2338 3271 2398 bedeuten
3316 2332 3452 2392 Arjier

2380 2441 2444 2501 die
2471 2444 2638 2504 behörige
2678 2437 3028 2497 Emolimentnoch
3040 2427 3119 2487 mit
3144 2419 3379 2479 Entrichtet
3391 2413 3546 2473 habinde
