<?xml version="1.0" encoding="UTF-8" standalone="yes"?>
<PcGts xmlns="http://schema.primaresearch.org/PAGE/gts/pagecontent/2013-07-15" xmlns:xsi="http://www.w3.org/2001/XMLSchema-instance" xsi:schemaLocation="http://schema.primaresearch.org/PAGE/gts/pagecontent/2013-07-15 http://schema.primaresearch.org/PAGE/gts/pagecontent/2013-07-15/pagecontent.xsd">
    <Metadata>
        <Creator>prov=READ-COOP:name=PyLaia@TranskribusPlatform:version=0.6.0:model_id=38215:lm=none:date=22_11_2021_11:10
prov=READ-COOP:name=PyLaia@Transkribus:version=0.6.0:model_id=38215:date=22_11_2021_11:06
prov=University of Rostock/Institute of Mathematics/CITlab|PLANET AI GmbH/Tobias Gruening/tobias.gruening@planet-ai.de:name=de.uros.citlab.module.baseline2polygon.B2PSeamMultiOriented:v=2.6.7</Creator>
        <Created>2021-08-09T15:16:25.742+02:00</Created>
        <LastChange>2021-11-22T11:10:01.273+01:00</LastChange>
        <TranskribusMetadata docId="746917" pageId="28279674" pageNr="250" tsid="68401305" status="IN_PROGRESS" userId="537" imgUrl="https://files.transkribus.eu/Get?id=DEHQSECDZURUTNJGHXYFFOJR&amp;fileType=view" xmlUrl="https://files.transkribus.eu/Get?id=QJLAVCZQIKYBULNMWIZVPIHT" imageId="22025155"/>
    </Metadata>
    <Page imageFilename="250.jpg" imageWidth="4032" imageHeight="3024">
        <ReadingOrder>
            <OrderedGroup id="ro_1687514971439" caption="Regions reading order">
                <RegionRefIndexed index="0" regionRef="r1"/>
                <RegionRefIndexed index="1" regionRef="r2"/>
                <RegionRefIndexed index="2" regionRef="r3"/>
                <RegionRefIndexed index="3" regionRef="r4"/>
            </OrderedGroup>
        </ReadingOrder>
        <TextRegion orientation="0.0" id="r1" custom="readingOrder {index:0;}">
            <Coords points="713,205 713,358 857,358 857,205"/>
            <TextLine id="r1l1" custom="readingOrder {index:0;}">
                <Coords points="707,357 760,368 776,354 791,358 803,352 818,359 838,340 865,339 864,235 832,224 814,239 800,232 787,240 760,239 746,251 728,244 705,251"/>
                <Baseline points="713,308 741,306 770,305 799,305 828,306 857,305"/>
                <Word id="r1l1_w1" custom="readingOrder {index:0;}">
                    <Coords points="711,265 711,325 793,325 793,265"/>
                    <TextEquiv>
                        <Unicode>500</Unicode>
                    </TextEquiv>
                </Word>
                <Word id="r1l1_w2" custom="readingOrder {index:1;}">
                    <Coords points="825,265 825,325 875,325 875,265"/>
                    <TextEquiv>
                        <Unicode>fl.</Unicode>
                    </TextEquiv>
                </Word>
                <TextEquiv>
                    <Unicode>500 fl.</Unicode>
                </TextEquiv>
            </TextLine>
            <TextEquiv>
                <Unicode></Unicode>
            </TextEquiv>
        </TextRegion>
        <TextRegion orientation="0.0" id="r2" custom="readingOrder {index:1;}">
            <Coords points="692,303 692,2592 2076,2592 2076,303"/>
            <TextLine id="r2l1" custom="readingOrder {index:0;}">
                <Coords points="982,382 1377,350 1506,405 1635,351 1710,408 1778,368 1875,420 2041,427 1939,301 1872,321 1785,265 1713,302 1511,247 1191,328 1108,281 986,289"/>
                <Baseline points="990,366 1042,362 1094,357 1146,354 1198,350 1251,348 1303,347 1355,345 1407,345 1459,345 1512,347 1564,350 1616,352 1668,357 1720,361 1773,367 1825,375 1877,383 1929,392 1981,402 2034,414"/>
                <Word id="r2l1_w1" custom="readingOrder {index:0;}">
                    <Coords points="1014,314 1014,374 1258,374 1258,314"/>
                    <TextEquiv>
                        <Unicode>Minen</Unicode>
                    </TextEquiv>
                </Word>
                <Word id="r2l1_w2" custom="readingOrder {index:1;}">
                    <Coords points="1300,305 1300,365 1389,365 1389,305"/>
                    <TextEquiv>
                        <Unicode>Wir</Unicode>
                    </TextEquiv>
                </Word>
                <Word id="r2l1_w3" custom="readingOrder {index:2;}">
                    <Coords points="1410,308 1410,368 1675,368 1675,308"/>
                    <TextEquiv>
                        <Unicode>bebachtet,</Unicode>
                    </TextEquiv>
                </Word>
                <Word id="r2l1_w4" custom="readingOrder {index:3;}">
                    <Coords points="1699,322 1699,382 1763,382 1763,322"/>
                    <TextEquiv>
                        <Unicode>daß</Unicode>
                    </TextEquiv>
                </Word>
                <Word id="r2l1_w5" custom="readingOrder {index:4;}">
                    <Coords points="1787,334 1787,394 1851,394 1851,334"/>
                    <TextEquiv>
                        <Unicode>de</Unicode>
                    </TextEquiv>
                </Word>
                <Word id="r2l1_w6" custom="readingOrder {index:5;}">
                    <Coords points="1875,358 1875,418 2052,418 2052,358"/>
                    <TextEquiv>
                        <Unicode>sahten</Unicode>
                    </TextEquiv>
                </Word>
                <TextEquiv>
                    <Unicode>Minen Wir bebachtet, daß de sahten</Unicode>
                </TextEquiv>
            </TextLine>
            <TextLine id="r2l2" custom="readingOrder {index:1;}">
                <Coords points="1008,481 1118,492 1211,435 1301,463 1355,426 1793,443 2034,501 2058,465 1772,376 1702,415 1637,351 1507,406 1363,355 1012,385"/>
                <Baseline points="1017,443 1068,441 1120,440 1171,438 1223,437 1275,435 1326,434 1378,434 1429,432 1481,432 1533,434 1584,434 1636,437 1687,440 1739,443 1791,448 1842,455 1894,462 1945,471 1997,482 2049,494"/>
                <Word id="r2l2_w1" custom="readingOrder {index:0;}">
                    <Coords points="1010,401 1010,461 1082,461 1082,401"/>
                    <TextEquiv>
                        <Unicode>nit</Unicode>
                    </TextEquiv>
                </Word>
                <Word id="r2l2_w2" custom="readingOrder {index:1;}">
                    <Coords points="1095,396 1095,456 1354,456 1354,396"/>
                    <TextEquiv>
                        <Unicode>abgestoafft</Unicode>
                    </TextEquiv>
                </Word>
                <Word id="r2l2_w3" custom="readingOrder {index:2;}">
                    <Coords points="1391,392 1391,452 1477,452 1477,392"/>
                    <TextEquiv>
                        <Unicode>das</Unicode>
                    </TextEquiv>
                </Word>
                <Word id="r2l2_w4" custom="readingOrder {index:3;}">
                    <Coords points="1501,394 1501,454 1697,454 1697,394"/>
                    <TextEquiv>
                        <Unicode>Kundtin</Unicode>
                    </TextEquiv>
                </Word>
                <Word id="r2l2_w5" custom="readingOrder {index:4;}">
                    <Coords points="1723,404 1723,464 1784,464 1784,404"/>
                    <TextEquiv>
                        <Unicode>der</Unicode>
                    </TextEquiv>
                </Word>
                <Word id="r2l2_w6" custom="readingOrder {index:5;}">
                    <Coords points="1808,426 1808,486 2030,486 2030,426"/>
                    <TextEquiv>
                        <Unicode>Catholictet</Unicode>
                    </TextEquiv>
                </Word>
                <TextEquiv>
                    <Unicode>nit abgestoafft das Kundtin der Catholictet</Unicode>
                </TextEquiv>
            </TextLine>
            <TextLine id="r2l3" custom="readingOrder {index:2;}">
                <Coords points="995,574 1680,523 1762,593 1860,540 1936,596 1978,567 2082,600 2084,512 1801,446 1400,463 1353,426 1294,466 1235,436 1152,509 997,487"/>
                <Baseline points="1002,548 1055,543 1109,537 1163,533 1216,528 1270,524 1324,522 1377,520 1431,519 1485,518 1539,519 1592,521 1646,522 1700,526 1753,530 1807,535 1861,542 1914,549 1968,558 2022,568 2076,579"/>
                <Word id="r2l3_w1" custom="readingOrder {index:0;}">
                    <Coords points="1015,503 1015,563 1090,563 1090,503"/>
                    <TextEquiv>
                        <Unicode>sich</Unicode>
                    </TextEquiv>
                </Word>
                <Word id="r2l3_w2" custom="readingOrder {index:1;}">
                    <Coords points="1120,487 1120,547 1319,547 1319,487"/>
                    <TextEquiv>
                        <Unicode>befindet,</Unicode>
                    </TextEquiv>
                </Word>
                <Word id="r2l3_w3" custom="readingOrder {index:2;}">
                    <Coords points="1334,479 1334,539 1454,539 1454,479"/>
                    <TextEquiv>
                        <Unicode>undt</Unicode>
                    </TextEquiv>
                </Word>
                <Word id="r2l3_w4" custom="readingOrder {index:3;}">
                    <Coords points="1471,478 1471,538 1546,538 1546,478"/>
                    <TextEquiv>
                        <Unicode>die</Unicode>
                    </TextEquiv>
                </Word>
                <Word id="r2l3_w5" custom="readingOrder {index:4;}">
                    <Coords points="1576,482 1576,542 1728,542 1728,482"/>
                    <TextEquiv>
                        <Unicode>gebuhr</Unicode>
                    </TextEquiv>
                </Word>
                <Word id="r2l3_w6" custom="readingOrder {index:5;}">
                    <Coords points="1758,498 1758,558 1910,558 1910,498"/>
                    <TextEquiv>
                        <Unicode>nochmit</Unicode>
                    </TextEquiv>
                </Word>
                <Word id="r2l3_w7" custom="readingOrder {index:6;}">
                    <Coords points="1925,525 1925,585 2094,585 2094,525"/>
                    <TextEquiv>
                        <Unicode>ersalten</Unicode>
                    </TextEquiv>
                </Word>
                <TextEquiv>
                    <Unicode>sich befindet, undt die gebuhr nochmit ersalten</Unicode>
                </TextEquiv>
            </TextLine>
            <TextLine id="r2l4" custom="readingOrder {index:3;}">
                <Coords points="1016,633 1788,626 1877,697 1946,647 2065,664 2066,604 1923,596 1805,536 1745,571 1558,533 1408,569 1334,530 1224,584 1017,594"/>
                <Baseline points="1023,621 1074,620 1126,618 1178,617 1230,615 1281,614 1333,612 1385,612 1437,611 1488,611 1540,611 1592,611 1644,612 1695,614 1747,616 1799,619 1851,624 1902,629 1954,635 2006,643 2058,651"/>
                <Word id="r2l4_w1" custom="readingOrder {index:0;}">
                    <Coords points="1030,577 1030,637 1246,637 1246,577"/>
                    <TextEquiv>
                        <Unicode>worden:</Unicode>
                    </TextEquiv>
                </Word>
                <Word id="r2l4_w2" custom="readingOrder {index:1;}">
                    <Coords points="1273,572 1273,632 1362,632 1362,572"/>
                    <TextEquiv>
                        <Unicode>Alß</Unicode>
                    </TextEquiv>
                </Word>
                <Word id="r2l4_w3" custom="readingOrder {index:2;}">
                    <Coords points="1412,571 1412,631 1577,631 1577,571"/>
                    <TextEquiv>
                        <Unicode>wollendt</Unicode>
                    </TextEquiv>
                </Word>
                <Word id="r2l4_w4" custom="readingOrder {index:3;}">
                    <Coords points="1616,573 1616,633 1730,633 1730,573"/>
                    <TextEquiv>
                        <Unicode>Wie</Unicode>
                    </TextEquiv>
                </Word>
                <Word id="r2l4_w5" custom="readingOrder {index:4;}">
                    <Coords points="1769,582 1769,642 1908,642 1908,582"/>
                    <TextEquiv>
                        <Unicode>fürft.</Unicode>
                    </TextEquiv>
                </Word>
                <Word id="r2l4_w6" custom="readingOrder {index:5;}">
                    <Coords points="1935,602 1935,662 2076,662 2076,602"/>
                    <TextEquiv>
                        <Unicode>Freundt¬</Unicode>
                    </TextEquiv>
                </Word>
                <TextEquiv>
                    <Unicode>worden: Alß wollendt Wie fürft. Freundt¬</Unicode>
                </TextEquiv>
            </TextLine>
            <TextLine id="r2l5" custom="readingOrder {index:4;}">
                <Coords points="992,716 1289,704 1414,741 1685,697 1857,771 2020,721 2021,663 1875,694 1790,628 1711,657 1453,614 1306,663 1140,636 992,680"/>
                <Baseline points="999,710 1049,707 1100,704 1151,702 1201,701 1252,699 1303,698 1353,696 1404,696 1455,696 1506,696 1556,696 1607,697 1658,698 1708,700 1759,702 1810,707 1860,709 1911,714 1962,719 2013,725"/>
                <Word id="r2l5_w1" custom="readingOrder {index:0;}">
                    <Coords points="1029,660 1029,720 1415,720 1415,660"/>
                    <TextEquiv>
                        <Unicode>nachberlichersucht</Unicode>
                    </TextEquiv>
                </Word>
                <Word id="r2l5_w2" custom="readingOrder {index:1;}">
                    <Coords points="1451,656 1451,716 1548,716 1548,656"/>
                    <TextEquiv>
                        <Unicode>undt</Unicode>
                    </TextEquiv>
                </Word>
                <Word id="r2l5_w3" custom="readingOrder {index:2;}">
                    <Coords points="1583,660 1583,720 1861,720 1861,660"/>
                    <TextEquiv>
                        <Unicode>überlaßen</Unicode>
                    </TextEquiv>
                </Word>
                <Word id="r2l5_w4" custom="readingOrder {index:3;}">
                    <Coords points="1909,678 1909,738 2005,738 2005,678"/>
                    <TextEquiv>
                        <Unicode>haben</Unicode>
                    </TextEquiv>
                </Word>
                <TextEquiv>
                    <Unicode>nachberlichersucht undt überlaßen haben</Unicode>
                </TextEquiv>
            </TextLine>
            <TextLine id="r2l6" custom="readingOrder {index:5;}">
                <Coords points="1010,825 1568,774 1749,864 1833,802 1913,850 1967,814 2078,828 2003,756 1925,774 1742,699 1580,703 1475,759 1332,711 1292,749 1011,743"/>
                <Baseline points="1017,800 1069,797 1122,794 1174,792 1227,789 1280,788 1332,785 1385,783 1438,782 1490,780 1543,780 1596,780 1648,780 1701,782 1754,785 1806,787 1859,793 1912,798 1964,803 2017,812 2070,821"/>
                <Word id="r2l6_w1" custom="readingOrder {index:0;}">
                    <Coords points="1029,757 1029,817 1104,817 1104,757"/>
                    <TextEquiv>
                        <Unicode>den</Unicode>
                    </TextEquiv>
                </Word>
                <Word id="r2l6_w2" custom="readingOrder {index:1;}">
                    <Coords points="1133,747 1133,807 1446,807 1446,747"/>
                    <TextEquiv>
                        <Unicode>Lambetheana</Unicode>
                    </TextEquiv>
                </Word>
                <Word id="r2l6_w3" custom="readingOrder {index:2;}">
                    <Coords points="1490,740 1490,800 1596,800 1596,740"/>
                    <TextEquiv>
                        <Unicode>undt</Unicode>
                    </TextEquiv>
                </Word>
                <Word id="r2l6_w4" custom="readingOrder {index:3;}">
                    <Coords points="1625,740 1625,800 1683,800 1683,740"/>
                    <TextEquiv>
                        <Unicode>der</Unicode>
                    </TextEquiv>
                </Word>
                <Word id="r2l6_w5" custom="readingOrder {index:4;}">
                    <Coords points="1714,746 1714,806 1863,806 1863,746"/>
                    <TextEquiv>
                        <Unicode>Seypra</Unicode>
                    </TextEquiv>
                </Word>
                <Word id="r2l6_w6" custom="readingOrder {index:5;}">
                    <Coords points="1923,764 1923,824 2027,824 2027,764"/>
                    <TextEquiv>
                        <Unicode>nachm</Unicode>
                    </TextEquiv>
                </Word>
                <TextEquiv>
                    <Unicode>den Lambetheana undt der Seypra nachm</Unicode>
                </TextEquiv>
            </TextLine>
            <TextLine id="r2l7" custom="readingOrder {index:6;}">
                <Coords points="1021,902 1609,872 1924,937 1971,892 2071,905 2072,844 1963,817 1912,850 1831,803 1743,858 1673,799 1553,780 1174,845 1021,830"/>
                <Baseline points="1028,885 1079,882 1131,879 1183,876 1235,875 1287,873 1338,872 1390,870 1442,869 1494,869 1546,869 1597,869 1649,870 1701,871 1753,873 1805,875 1856,878 1908,881 1960,885 2012,890 2064,894"/>
                <Word id="r2l7_w1" custom="readingOrder {index:0;}">
                    <Coords points="1023,841 1023,901 1165,901 1165,841"/>
                    <TextEquiv>
                        <Unicode>füwen</Unicode>
                    </TextEquiv>
                </Word>
                <Word id="r2l7_w2" custom="readingOrder {index:1;}">
                    <Coords points="1216,832 1216,892 1397,892 1397,832"/>
                    <TextEquiv>
                        <Unicode>habenden</Unicode>
                    </TextEquiv>
                </Word>
                <Word id="r2l7_w3" custom="readingOrder {index:2;}">
                    <Coords points="1423,829 1423,889 1746,889 1746,829"/>
                    <TextEquiv>
                        <Unicode>Constitutionen</Unicode>
                    </TextEquiv>
                </Word>
                <Word id="r2l7_w4" custom="readingOrder {index:3;}">
                    <Coords points="1784,836 1784,896 1862,896 1862,836"/>
                    <TextEquiv>
                        <Unicode>due</Unicode>
                    </TextEquiv>
                </Word>
                <Word id="r2l7_w5" custom="readingOrder {index:4;}">
                    <Coords points="1875,846 1875,906 2082,906 2082,846"/>
                    <TextEquiv>
                        <Unicode>gebuhrnden</Unicode>
                    </TextEquiv>
                </Word>
                <TextEquiv>
                    <Unicode>füwen habenden Constitutionen due gebuhrnden</Unicode>
                </TextEquiv>
            </TextLine>
            <TextLine id="r2l8" custom="readingOrder {index:7;}">
                <Coords points="1003,994 1670,956 2010,1008 2058,988 2058,925 1973,893 1833,939 1659,884 1472,923 1373,875 1336,906 1206,876 1003,948"/>
                <Baseline points="1010,977 1062,972 1114,968 1166,964 1218,960 1270,959 1322,957 1374,956 1426,956 1478,956 1530,956 1582,957 1634,959 1686,960 1738,961 1790,963 1842,965 1894,966 1946,968 1998,969 2051,969"/>
                <Word id="r2l8_w1" custom="readingOrder {index:0;}">
                    <Coords points="1026,930 1026,990 1141,990 1141,930"/>
                    <TextEquiv>
                        <Unicode>stoff</Unicode>
                    </TextEquiv>
                </Word>
                <Word id="r2l8_w2" custom="readingOrder {index:1;}">
                    <Coords points="1163,922 1163,982 1209,982 1209,922"/>
                    <TextEquiv>
                        <Unicode>zu</Unicode>
                    </TextEquiv>
                </Word>
                <Word id="r2l8_w3" custom="readingOrder {index:2;}">
                    <Coords points="1255,916 1255,976 1404,976 1404,916"/>
                    <TextEquiv>
                        <Unicode>dictiten</Unicode>
                    </TextEquiv>
                </Word>
                <Word id="r2l8_w4" custom="readingOrder {index:3;}">
                    <Coords points="1460,916 1460,976 1678,976 1678,916"/>
                    <TextEquiv>
                        <Unicode>benebens</Unicode>
                    </TextEquiv>
                </Word>
                <Word id="r2l8_w5" custom="readingOrder {index:4;}">
                    <Coords points="1713,921 1713,981 1803,981 1803,921"/>
                    <TextEquiv>
                        <Unicode>aber</Unicode>
                    </TextEquiv>
                </Word>
                <Word id="r2l8_w6" custom="readingOrder {index:5;}">
                    <Coords points="1826,925 1826,985 1918,985 1918,925"/>
                    <TextEquiv>
                        <Unicode>Ihnen</Unicode>
                    </TextEquiv>
                </Word>
                <Word id="r2l8_w7" custom="readingOrder {index:6;}">
                    <Coords points="1929,929 1929,989 2068,989 2068,929"/>
                    <TextEquiv>
                        <Unicode>Ininin</Unicode>
                    </TextEquiv>
                </Word>
                <TextEquiv>
                    <Unicode>stoff zu dictiten benebens aber Ihnen Ininin</Unicode>
                </TextEquiv>
            </TextLine>
            <TextLine id="r2l9" custom="readingOrder {index:8;}">
                <Coords points="1012,1076 1250,1035 1517,1074 2001,1054 2000,992 1956,974 1795,996 1636,955 1575,987 1212,966 1012,1012"/>
                <Baseline points="1019,1058 1067,1053 1116,1051 1165,1047 1214,1046 1262,1044 1311,1043 1360,1041 1409,1041 1457,1041 1506,1041 1555,1041 1604,1041 1652,1041 1701,1041 1750,1041 1799,1041 1847,1041 1896,1041 1945,1040 1994,1040"/>
                <Word id="r2l9_w1" custom="readingOrder {index:0;}">
                    <Coords points="1023,1008 1023,1068 1269,1068 1269,1008"/>
                    <TextEquiv>
                        <Unicode>zulaßen,</Unicode>
                    </TextEquiv>
                </Word>
                <Word id="r2l9_w2" custom="readingOrder {index:1;}">
                    <Coords points="1301,1001 1301,1061 1387,1061 1387,1001"/>
                    <TextEquiv>
                        <Unicode>daß</Unicode>
                    </TextEquiv>
                </Word>
                <Word id="r2l9_w3" custom="readingOrder {index:2;}">
                    <Coords points="1451,1001 1451,1061 1505,1061 1505,1001"/>
                    <TextEquiv>
                        <Unicode>Sie</Unicode>
                    </TextEquiv>
                </Word>
                <Word id="r2l9_w4" custom="readingOrder {index:3;}">
                    <Coords points="1537,1001 1537,1061 1602,1061 1602,1001"/>
                    <TextEquiv>
                        <Unicode>Ihr</Unicode>
                    </TextEquiv>
                </Word>
                <Word id="r2l9_w5" custom="readingOrder {index:4;}">
                    <Coords points="1635,1001 1635,1061 1752,1061 1752,1001"/>
                    <TextEquiv>
                        <Unicode>Kindt</Unicode>
                    </TextEquiv>
                </Word>
                <Word id="r2l9_w6" custom="readingOrder {index:5;}">
                    <Coords points="1773,1001 1773,1061 1806,1061 1806,1001"/>
                    <TextEquiv>
                        <Unicode>so</Unicode>
                    </TextEquiv>
                </Word>
                <Word id="r2l9_w7" custom="readingOrder {index:6;}">
                    <Coords points="1827,1001 1827,1061 1946,1061 1946,1001"/>
                    <TextEquiv>
                        <Unicode>baldt</Unicode>
                    </TextEquiv>
                </Word>
                <TextEquiv>
                    <Unicode>zulaßen, daß Sie Ihr Kindt so baldt</Unicode>
                </TextEquiv>
            </TextLine>
            <TextLine id="r2l10" custom="readingOrder {index:9;}">
                <Coords points="1010,1149 1355,1129 1463,1167 1647,1115 1769,1128 1850,1185 1968,1111 1968,1053 1751,1042 1637,1098 1349,1045 1253,1106 1160,1051 1009,1071"/>
                <Baseline points="1016,1127 1063,1127 1110,1125 1157,1125 1205,1125 1252,1125 1299,1125 1346,1125 1394,1125 1441,1125 1488,1125 1535,1125 1583,1125 1630,1124 1677,1124 1724,1122 1772,1122 1819,1121 1866,1119 1913,1117 1961,1115"/>
                <Word id="r2l10_w1" custom="readingOrder {index:0;}">
                    <Coords points="1009,1085 1009,1145 1174,1145 1174,1085"/>
                    <TextEquiv>
                        <Unicode>müglich</Unicode>
                    </TextEquiv>
                </Word>
                <Word id="r2l10_w2" custom="readingOrder {index:1;}">
                    <Coords points="1206,1085 1206,1145 1251,1145 1251,1085"/>
                    <TextEquiv>
                        <Unicode>an</Unicode>
                    </TextEquiv>
                </Word>
                <Word id="r2l10_w3" custom="readingOrder {index:2;}">
                    <Coords points="1295,1085 1295,1145 1361,1145 1361,1085"/>
                    <TextEquiv>
                        <Unicode>Ein</Unicode>
                    </TextEquiv>
                </Word>
                <Word id="r2l10_w4" custom="readingOrder {index:3;}">
                    <Coords points="1404,1085 1404,1145 1679,1145 1679,1085"/>
                    <TextEquiv>
                        <Unicode>Reformirt</Unicode>
                    </TextEquiv>
                </Word>
                <Word id="r2l10_w5" custom="readingOrder {index:4;}">
                    <Coords points="1735,1081 1735,1141 1833,1141 1833,1081"/>
                    <TextEquiv>
                        <Unicode>Goth</Unicode>
                    </TextEquiv>
                </Word>
                <Word id="r2l10_w6" custom="readingOrder {index:5;}">
                    <Coords points="1867,1077 1867,1137 1944,1137 1944,1077"/>
                    <TextEquiv>
                        <Unicode>zur</Unicode>
                    </TextEquiv>
                </Word>
                <TextEquiv>
                    <Unicode>müglich an Ein Reformirt Goth zur</Unicode>
                </TextEquiv>
            </TextLine>
            <TextLine id="r2l11" custom="readingOrder {index:10;}">
                <Coords points="997,1238 1090,1270 1340,1215 1414,1270 1695,1213 2021,1219 2054,1140 1850,1185 1765,1127 1700,1162 1629,1130 1503,1204 1317,1129 1078,1131 995,1188"/>
                <Baseline points="1004,1227 1056,1226 1108,1224 1160,1223 1212,1223 1265,1221 1317,1221 1369,1220 1421,1220 1473,1218 1526,1218 1578,1217 1630,1217 1682,1215 1734,1214 1787,1211 1839,1208 1891,1206 1943,1202 1995,1198 2048,1194"/>
                <Word id="r2l11_w1" custom="readingOrder {index:0;}">
                    <Coords points="1011,1184 1011,1244 1187,1244 1187,1184"/>
                    <TextEquiv>
                        <Unicode>Verpfleg</Unicode>
                    </TextEquiv>
                </Word>
                <Word id="r2l11_w2" custom="readingOrder {index:1;}">
                    <Coords points="1213,1180 1213,1240 1470,1240 1470,1180"/>
                    <TextEquiv>
                        <Unicode>verdingen,</Unicode>
                    </TextEquiv>
                </Word>
                <Word id="r2l11_w3" custom="readingOrder {index:2;}">
                    <Coords points="1483,1177 1483,1237 1604,1237 1604,1177"/>
                    <TextEquiv>
                        <Unicode>undt</Unicode>
                    </TextEquiv>
                </Word>
                <Word id="r2l11_w4" custom="readingOrder {index:3;}">
                    <Coords points="1632,1175 1632,1235 1727,1235 1727,1175"/>
                    <TextEquiv>
                        <Unicode>mit</Unicode>
                    </TextEquiv>
                </Word>
                <Word id="r2l11_w5" custom="readingOrder {index:4;}">
                    <Coords points="1753,1171 1753,1231 1821,1231 1821,1171"/>
                    <TextEquiv>
                        <Unicode>den</Unicode>
                    </TextEquiv>
                </Word>
                <Word id="r2l11_w6" custom="readingOrder {index:5;}">
                    <Coords points="1861,1161 1861,1221 2036,1221 2036,1161"/>
                    <TextEquiv>
                        <Unicode>Echorgicht</Unicode>
                    </TextEquiv>
                </Word>
                <TextEquiv>
                    <Unicode>Verpfleg verdingen, undt mit den Echorgicht</Unicode>
                </TextEquiv>
            </TextLine>
            <TextLine id="r2l12" custom="readingOrder {index:11;}">
                <Coords points="960,1383 1154,1333 1389,1374 1504,1320 1846,1326 2031,1292 2028,1241 1905,1263 1819,1208 1714,1255 1477,1246 1296,1314 1170,1223 1120,1278 1058,1249 954,1285"/>
                <Baseline points="965,1349 1020,1346 1076,1343 1132,1340 1187,1338 1243,1334 1299,1332 1355,1329 1410,1328 1466,1323 1522,1320 1578,1317 1633,1314 1689,1310 1745,1306 1801,1302 1856,1297 1912,1292 1968,1286 2024,1280"/>
                <Word id="r2l12_w1" custom="readingOrder {index:0;}">
                    <Coords points="980,1306 980,1366 1029,1366 1029,1306"/>
                    <TextEquiv>
                        <Unicode>zu</Unicode>
                    </TextEquiv>
                </Word>
                <Word id="r2l12_w2" custom="readingOrder {index:1;}">
                    <Coords points="1091,1294 1091,1354 1373,1354 1373,1294"/>
                    <TextEquiv>
                        <Unicode>Ariedumb</Unicode>
                    </TextEquiv>
                </Word>
                <Word id="r2l12_w3" custom="readingOrder {index:2;}">
                    <Coords points="1424,1284 1424,1344 1472,1344 1472,1284"/>
                    <TextEquiv>
                        <Unicode>Ihr</Unicode>
                    </TextEquiv>
                </Word>
                <Word id="r2l12_w4" custom="readingOrder {index:3;}">
                    <Coords points="1559,1274 1559,1334 1706,1334 1706,1274"/>
                    <TextEquiv>
                        <Unicode>bitlich</Unicode>
                    </TextEquiv>
                </Word>
                <Word id="r2l12_w5" custom="readingOrder {index:4;}">
                    <Coords points="1732,1257 1732,1317 1966,1317 1966,1257"/>
                    <TextEquiv>
                        <Unicode>forderende</Unicode>
                    </TextEquiv>
                </Word>
                <TextEquiv>
                    <Unicode>zu Ariedumb Ihr bitlich forderende</Unicode>
                </TextEquiv>
            </TextLine>
            <TextLine id="r2l13" custom="readingOrder {index:12;}">
                <Coords points="1013,1451 1389,1448 1556,1405 1765,1468 2032,1409 2028,1325 1917,1314 1851,1346 1511,1326 1267,1392 1212,1349 1009,1360"/>
                <Baseline points="1019,1431 1069,1431 1119,1430 1169,1429 1220,1428 1270,1425 1320,1424 1370,1422 1421,1420 1471,1418 1521,1415 1571,1413 1622,1411 1672,1408 1722,1406 1772,1403 1823,1400 1873,1398 1923,1396 1973,1394 2024,1391"/>
                <Word id="r2l13_w1" custom="readingOrder {index:0;}">
                    <Coords points="1023,1389 1023,1449 1309,1449 1309,1389"/>
                    <TextEquiv>
                        <Unicode>Emolumment</Unicode>
                    </TextEquiv>
                </Word>
                <Word id="r2l13_w2" custom="readingOrder {index:1;}">
                    <Coords points="1345,1378 1345,1438 1556,1438 1556,1378"/>
                    <TextEquiv>
                        <Unicode>abfinden</Unicode>
                    </TextEquiv>
                </Word>
                <Word id="r2l13_w3" custom="readingOrder {index:2;}">
                    <Coords points="1569,1368 1569,1428 1756,1428 1756,1368"/>
                    <TextEquiv>
                        <Unicode>sollind:</Unicode>
                    </TextEquiv>
                </Word>
                <Word id="r2l13_w4" custom="readingOrder {index:3;}">
                    <Coords points="1768,1360 1768,1420 1867,1420 1867,1360"/>
                    <TextEquiv>
                        <Unicode>Cat.</Unicode>
                    </TextEquiv>
                </Word>
                <Word id="r2l13_w5" custom="readingOrder {index:4;}">
                    <Coords points="1879,1357 1879,1417 1917,1417 1917,1357"/>
                    <TextEquiv>
                        <Unicode>ad</Unicode>
                    </TextEquiv>
                </Word>
                <Word id="r2l13_w6" custom="readingOrder {index:5;}">
                    <Coords points="1941,1352 1941,1412 2042,1412 2042,1352"/>
                    <TextEquiv>
                        <Unicode>frm.</Unicode>
                    </TextEquiv>
                </Word>
                <TextEquiv>
                    <Unicode>Emolumment abfinden sollind: Cat. ad frm.</Unicode>
                </TextEquiv>
            </TextLine>
            <TextLine id="r2l14" custom="readingOrder {index:13;}">
                <Coords points="970,1636 1472,1608 1725,1664 1771,1617 1846,1641 2043,1569 2040,1483 1716,1460 1536,1565 1379,1507 1221,1556 1079,1517 968,1579"/>
                <Baseline points="977,1623 1032,1620 1088,1619 1144,1617 1199,1615 1255,1614 1311,1611 1367,1610 1422,1608 1478,1607 1534,1605 1590,1604 1645,1602 1701,1600 1757,1597 1813,1595 1868,1592 1924,1589 1980,1584 2036,1580"/>
                <Word id="r2l14_w1" custom="readingOrder {index:0;}">
                    <Coords points="987,1579 987,1639 1184,1639 1184,1579"/>
                    <TextEquiv>
                        <Unicode>Aries:</Unicode>
                    </TextEquiv>
                </Word>
                <Word id="r2l14_w2" custom="readingOrder {index:1;}">
                    <Coords points="1216,1574 1216,1634 1276,1634 1276,1574"/>
                    <TextEquiv>
                        <Unicode>Sie</Unicode>
                    </TextEquiv>
                </Word>
                <Word id="r2l14_w3" custom="readingOrder {index:2;}">
                    <Coords points="1306,1569 1306,1629 1474,1629 1474,1569"/>
                    <TextEquiv>
                        <Unicode>deßen</Unicode>
                    </TextEquiv>
                </Word>
                <Word id="r2l14_w4" custom="readingOrder {index:3;}">
                    <Coords points="1519,1564 1519,1624 1626,1624 1626,1564"/>
                    <TextEquiv>
                        <Unicode>über</Unicode>
                    </TextEquiv>
                </Word>
                <Word id="r2l14_w5" custom="readingOrder {index:4;}">
                    <Coords points="1656,1560 1656,1620 1732,1620 1732,1560"/>
                    <TextEquiv>
                        <Unicode>Ihr</Unicode>
                    </TextEquiv>
                </Word>
                <Word id="r2l14_w6" custom="readingOrder {index:5;}">
                    <Coords points="1747,1554 1747,1614 1914,1614 1914,1554"/>
                    <TextEquiv>
                        <Unicode>schreiben</Unicode>
                    </TextEquiv>
                </Word>
                <Word id="r2l14_w7" custom="readingOrder {index:6;}">
                    <Coords points="1931,1544 1931,1604 2021,1604 2021,1544"/>
                    <TextEquiv>
                        <Unicode>auch</Unicode>
                    </TextEquiv>
                </Word>
                <TextEquiv>
                    <Unicode>Aries: Sie deßen über Ihr schreiben auch</Unicode>
                </TextEquiv>
            </TextLine>
            <TextLine id="r2l15" custom="readingOrder {index:14;}">
                <Coords points="764,1666 789,1669 810,1660 840,1674 888,1657 919,1667 908,1535 869,1529 817,1582 799,1577 756,1587"/>
                <Baseline points="767,1634 795,1631 823,1627 852,1625 880,1623 909,1620"/>
                <Word id="r2l15_w1" custom="readingOrder {index:0;}">
                    <Coords points="769,1591 769,1651 818,1651 818,1591"/>
                    <TextEquiv>
                        <Unicode>ob</Unicode>
                    </TextEquiv>
                </Word>
                <Word id="r2l15_w2" custom="readingOrder {index:1;}">
                    <Coords points="843,1582 843,1642 930,1642 930,1582"/>
                    <TextEquiv>
                        <Unicode>18.</Unicode>
                    </TextEquiv>
                </Word>
                <TextEquiv>
                    <Unicode>ob 18.</Unicode>
                </TextEquiv>
            </TextLine>
            <TextLine id="r2l16" custom="readingOrder {index:15;}">
                <Coords points="1054,1782 1105,1784 1199,1717 1274,1713 1322,1745 1356,1722 1389,1728 1389,1689 1342,1680 1304,1695 1246,1645 1210,1631 1196,1639 1172,1617 1115,1629 1078,1656 1055,1647"/>
                <Baseline points="1061,1718 1087,1715 1114,1713 1141,1712 1168,1712 1194,1712 1221,1713 1248,1713 1275,1715 1301,1716 1328,1716 1355,1718 1382,1718"/>
                <Word id="r2l16_w1" custom="readingOrder {index:0;}">
                    <Coords points="1071,1673 1071,1733 1399,1733 1399,1673"/>
                    <TextEquiv>
                        <Unicode>verständig:</Unicode>
                    </TextEquiv>
                </Word>
                <TextEquiv>
                    <Unicode>verständig:</Unicode>
                </TextEquiv>
            </TextLine>
            <TextLine id="r2l17" custom="readingOrder {index:16;}">
                <Coords points="992,1940 1081,1898 1321,1936 1939,1903 2061,1880 2059,1802 1822,1800 1741,1841 1459,1799 1192,1852 987,1808"/>
                <Baseline points="998,1911 1050,1910 1103,1910 1156,1910 1209,1908 1262,1908 1314,1908 1367,1908 1420,1907 1473,1907 1526,1905 1578,1904 1631,1901 1684,1899 1737,1896 1790,1892 1842,1889 1895,1883 1948,1878 2001,1871 2054,1863"/>
                <Word id="r2l17_w1" custom="readingOrder {index:0;}">
                    <Coords points="1000,1870 1000,1930 1155,1930 1155,1870"/>
                    <TextEquiv>
                        <Unicode>Arnier</Unicode>
                    </TextEquiv>
                </Word>
                <Word id="r2l17_w2" custom="readingOrder {index:1;}">
                    <Coords points="1178,1868 1178,1928 1213,1928 1213,1868"/>
                    <TextEquiv>
                        <Unicode>an</Unicode>
                    </TextEquiv>
                </Word>
                <Word id="r2l17_w3" custom="readingOrder {index:2;}">
                    <Coords points="1238,1868 1238,1928 1296,1928 1296,1868"/>
                    <TextEquiv>
                        <Unicode>H.</Unicode>
                    </TextEquiv>
                </Word>
                <Word id="r2l17_w4" custom="readingOrder {index:3;}">
                    <Coords points="1321,1867 1321,1927 1571,1927 1571,1867"/>
                    <TextEquiv>
                        <Unicode>Efoedinant</Unicode>
                    </TextEquiv>
                </Word>
                <Word id="r2l17_w5" custom="readingOrder {index:4;}">
                    <Coords points="1606,1857 1606,1917 1821,1917 1821,1857"/>
                    <TextEquiv>
                        <Unicode>Moret.</Unicode>
                    </TextEquiv>
                </Word>
                <Word id="r2l17_w6" custom="readingOrder {index:5;}">
                    <Coords points="1844,1843 1844,1903 1939,1903 1939,1843"/>
                    <TextEquiv>
                        <Unicode>Eher</Unicode>
                    </TextEquiv>
                </Word>
                <Word id="r2l17_w7" custom="readingOrder {index:6;}">
                    <Coords points="1974,1828 1974,1888 2057,1888 2057,1828"/>
                    <TextEquiv>
                        <Unicode>undt</Unicode>
                    </TextEquiv>
                </Word>
                <TextEquiv>
                    <Unicode>Arnier an H. Efoedinant Moret. Eher undt</Unicode>
                </TextEquiv>
            </TextLine>
            <TextLine id="r2l18" custom="readingOrder {index:17;}">
                <Coords points="1053,2037 1136,2006 1314,2067 1381,2014 1497,2073 1598,1998 1747,2013 2048,1960 2045,1885 1755,1929 1301,1928 1212,1972 1136,1906 1048,1921"/>
                <Baseline points="1059,2001 1108,2003 1157,2003 1206,2004 1255,2005 1304,2006 1353,2006 1402,2006 1451,2006 1500,2006 1549,2004 1598,2003 1647,2001 1696,1997 1745,1993 1794,1988 1843,1983 1892,1977 1941,1969 1990,1960 2040,1950"/>
                <Word id="r2l18_w1" custom="readingOrder {index:0;}">
                    <Coords points="1053,1962 1053,2022 1161,2022 1161,1962"/>
                    <TextEquiv>
                        <Unicode>bevor</Unicode>
                    </TextEquiv>
                </Word>
                <Word id="r2l18_w2" custom="readingOrder {index:1;}">
                    <Coords points="1191,1964 1191,2024 1254,2024 1254,1964"/>
                    <TextEquiv>
                        <Unicode>Me</Unicode>
                    </TextEquiv>
                </Word>
                <Word id="r2l18_w3" custom="readingOrder {index:2;}">
                    <Coords points="1269,1966 1269,2026 1377,2026 1377,1966"/>
                    <TextEquiv>
                        <Unicode>HHn</Unicode>
                    </TextEquiv>
                </Word>
                <Word id="r2l18_w4" custom="readingOrder {index:3;}">
                    <Coords points="1407,1966 1407,2026 1485,2026 1485,1966"/>
                    <TextEquiv>
                        <Unicode>ber</Unicode>
                    </TextEquiv>
                </Word>
                <Word id="r2l18_w5" custom="readingOrder {index:4;}">
                    <Coords points="1515,1964 1515,2024 1578,2024 1578,1964"/>
                    <TextEquiv>
                        <Unicode>daß</Unicode>
                    </TextEquiv>
                </Word>
                <Word id="r2l18_w6" custom="readingOrder {index:5;}">
                    <Coords points="1639,1958 1639,2018 1716,2018 1716,1958"/>
                    <TextEquiv>
                        <Unicode>dean</Unicode>
                    </TextEquiv>
                </Word>
                <Word id="r2l18_w7" custom="readingOrder {index:6;}">
                    <Coords points="1747,1944 1747,2004 1902,2004 1902,1944"/>
                    <TextEquiv>
                        <Unicode>Soderne</Unicode>
                    </TextEquiv>
                </Word>
                <Word id="r2l18_w8" custom="readingOrder {index:7;}">
                    <Coords points="1917,1922 1917,1982 2040,1982 2040,1922"/>
                    <TextEquiv>
                        <Unicode>Nolor</Unicode>
                    </TextEquiv>
                </Word>
                <TextEquiv>
                    <Unicode>bevor Me HHn ber daß dean Soderne Nolor</Unicode>
                </TextEquiv>
            </TextLine>
            <TextLine id="r2l19" custom="readingOrder {index:18;}">
                <Coords points="691,2038 813,2048 918,2032 1023,2049 1024,1959 1001,1954 960,1974 883,1941 857,1966 763,1948 692,1991"/>
                <Baseline points="698,2030 724,2028 751,2027 777,2027 804,2027 830,2028 857,2029 883,2030 910,2031 936,2031 963,2031 989,2031 1016,2030"/>
                <Word id="r2l19_w1" custom="readingOrder {index:0;}">
                    <Coords points="699,1987 699,2047 827,2047 827,1987"/>
                    <TextEquiv>
                        <Unicode>Reller</Unicode>
                    </TextEquiv>
                </Word>
                <Word id="r2l19_w2" custom="readingOrder {index:1;}">
                    <Coords points="847,1990 847,2050 926,2050 926,1990"/>
                    <TextEquiv>
                        <Unicode>tean</Unicode>
                    </TextEquiv>
                </Word>
                <Word id="r2l19_w3" custom="readingOrder {index:2;}">
                    <Coords points="944,1991 944,2051 1023,2051 1023,1991"/>
                    <TextEquiv>
                        <Unicode>Piere</Unicode>
                    </TextEquiv>
                </Word>
                <TextEquiv>
                    <Unicode>Reller tean Piere</Unicode>
                </TextEquiv>
            </TextLine>
            <TextLine id="r2l20" custom="readingOrder {index:19;}">
                <Coords points="1044,2113 1105,2091 1189,2154 1241,2108 1338,2153 1407,2109 1615,2135 2041,2041 2038,1999 1959,1979 1796,2002 1711,2067 1601,2020 1486,2082 1039,2028"/>
                <Baseline points="1049,2091 1098,2094 1147,2096 1196,2098 1245,2100 1295,2100 1344,2102 1393,2102 1442,2101 1491,2100 1541,2098 1590,2096 1639,2092 1688,2088 1737,2081 1787,2075 1836,2067 1885,2058 1934,2047 1983,2037 2033,2022"/>
                <Word id="r2l20_w1" custom="readingOrder {index:0;}">
                    <Coords points="1040,2053 1040,2113 1125,2113 1125,2053"/>
                    <TextEquiv>
                        <Unicode>von</Unicode>
                    </TextEquiv>
                </Word>
                <Word id="r2l20_w2" custom="readingOrder {index:1;}">
                    <Coords points="1161,2060 1161,2120 1368,2120 1368,2060"/>
                    <TextEquiv>
                        <Unicode>Gesperay</Unicode>
                    </TextEquiv>
                </Word>
                <Word id="r2l20_w3" custom="readingOrder {index:2;}">
                    <Coords points="1429,2057 1429,2117 1660,2117 1660,2057"/>
                    <TextEquiv>
                        <Unicode>gebürtig</Unicode>
                    </TextEquiv>
                </Word>
                <Word id="r2l20_w4" custom="readingOrder {index:3;}">
                    <Coords points="1709,2038 1709,2098 1806,2098 1806,2038"/>
                    <TextEquiv>
                        <Unicode>undt</Unicode>
                    </TextEquiv>
                </Word>
                <Word id="r2l20_w5" custom="readingOrder {index:4;}">
                    <Coords points="1843,2012 1843,2072 1978,2072 1978,2012"/>
                    <TextEquiv>
                        <Unicode>deßen</Unicode>
                    </TextEquiv>
                </Word>
                <TextEquiv>
                    <Unicode>von Gesperay gebürtig undt deßen</Unicode>
                </TextEquiv>
            </TextLine>
            <TextLine id="r2l21" custom="readingOrder {index:20;}">
                <Coords points="686,2138 763,2175 785,2159 859,2165 919,2117 958,2139 1012,2140 1023,2135 1022,2049 952,2039 921,2050 904,2036 855,2068 825,2046 805,2055 783,2040 757,2053 738,2042 685,2081"/>
                <Baseline points="692,2109 719,2109 746,2109 773,2109 800,2108 827,2108 854,2107 881,2106 908,2106 935,2106 962,2105 989,2105 1016,2105"/>
                <Word id="r2l21_w1" custom="readingOrder {index:0;}">
                    <Coords points="687,2069 687,2129 827,2129 827,2069"/>
                    <TextEquiv>
                        <Unicode>Peypar</Unicode>
                    </TextEquiv>
                </Word>
                <Word id="r2l21_w2" custom="readingOrder {index:1;}">
                    <Coords points="866,2065 866,2125 1019,2125 1019,2065"/>
                    <TextEquiv>
                        <Unicode>Candine</Unicode>
                    </TextEquiv>
                </Word>
                <TextEquiv>
                    <Unicode>Peypar Candine</Unicode>
                </TextEquiv>
            </TextLine>
            <TextLine id="r2l22" custom="readingOrder {index:21;}">
                <Coords points="1008,2214 1165,2204 1382,2260 1619,2177 1763,2168 1827,2213 2033,2112 2023,2046 1620,2140 1572,2105 1409,2112 1323,2161 1254,2111 1193,2154 1130,2109 1000,2114"/>
                <Baseline points="1013,2193 1063,2194 1114,2195 1164,2195 1215,2195 1265,2196 1316,2195 1366,2195 1417,2193 1467,2192 1518,2188 1569,2186 1619,2181 1670,2175 1720,2170 1771,2162 1821,2152 1872,2142 1922,2129 1973,2115 2024,2099"/>
                <Word id="r2l22_w1" custom="readingOrder {index:0;}">
                    <Coords points="1020,2154 1020,2214 1174,2214 1174,2154"/>
                    <TextEquiv>
                        <Unicode>Vatter</Unicode>
                    </TextEquiv>
                </Word>
                <Word id="r2l22_w2" custom="readingOrder {index:1;}">
                    <Coords points="1191,2155 1191,2215 1359,2215 1359,2155"/>
                    <TextEquiv>
                        <Unicode>Römisch</Unicode>
                    </TextEquiv>
                </Word>
                <Word id="r2l22_w3" custom="readingOrder {index:2;}">
                    <Coords points="1392,2152 1392,2212 1515,2212 1515,2152"/>
                    <TextEquiv>
                        <Unicode>Achol.</Unicode>
                    </TextEquiv>
                </Word>
                <Word id="r2l22_w4" custom="readingOrder {index:3;}">
                    <Coords points="1545,2134 1545,2194 1809,2194 1809,2134"/>
                    <TextEquiv>
                        <Unicode>Gorhabende</Unicode>
                    </TextEquiv>
                </Word>
                <Word id="r2l22_w5" custom="readingOrder {index:4;}">
                    <Coords points="1839,2100 1839,2160 1917,2160 1917,2100"/>
                    <TextEquiv>
                        <Unicode>Ehe</Unicode>
                    </TextEquiv>
                </Word>
                <Word id="r2l22_w6" custom="readingOrder {index:5;}">
                    <Coords points="1932,2075 1932,2135 2010,2135 2010,2075"/>
                    <TextEquiv>
                        <Unicode>mnt</Unicode>
                    </TextEquiv>
                </Word>
                <TextEquiv>
                    <Unicode>Vatter Römisch Achol. Gorhabende Ehe mnt</Unicode>
                </TextEquiv>
            </TextLine>
            <TextLine id="r2l23" custom="readingOrder {index:22;}">
                <Coords points="1026,2288 1652,2269 1743,2313 1809,2242 2017,2203 2039,2160 1917,2145 1828,2211 1563,2186 1380,2259 1164,2214 1023,2247"/>
                <Baseline points="1031,2268 1081,2273 1131,2276 1181,2279 1231,2281 1281,2282 1331,2283 1381,2282 1431,2282 1481,2280 1532,2276 1582,2273 1632,2268 1682,2261 1732,2253 1782,2244 1832,2236 1882,2224 1932,2212 1982,2197 2033,2183"/>
                <Word id="r2l23_w1" custom="readingOrder {index:0;}">
                    <Coords points="1029,2231 1029,2291 1112,2291 1112,2231"/>
                    <TextEquiv>
                        <Unicode>seie</Unicode>
                    </TextEquiv>
                </Word>
                <Word id="r2l23_w2" custom="readingOrder {index:1;}">
                    <Coords points="1145,2241 1145,2301 1380,2301 1380,2241"/>
                    <TextEquiv>
                        <Unicode>schwanger</Unicode>
                    </TextEquiv>
                </Word>
                <Word id="r2l23_w3" custom="readingOrder {index:2;}">
                    <Coords points="1446,2234 1446,2294 1665,2294 1665,2234"/>
                    <TextEquiv>
                        <Unicode>Mandine</Unicode>
                    </TextEquiv>
                </Word>
                <Word id="r2l23_w4" custom="readingOrder {index:3;}">
                    <Coords points="1698,2202 1698,2262 1881,2262 1881,2202"/>
                    <TextEquiv>
                        <Unicode>Pegras,</Unicode>
                    </TextEquiv>
                </Word>
                <Word id="r2l23_w5" custom="readingOrder {index:4;}">
                    <Coords points="1898,2172 1898,2232 1966,2232 1966,2172"/>
                    <TextEquiv>
                        <Unicode>von</Unicode>
                    </TextEquiv>
                </Word>
                <TextEquiv>
                    <Unicode>seie schwanger Mandine Pegras, von</Unicode>
                </TextEquiv>
            </TextLine>
            <TextLine id="r2l24" custom="readingOrder {index:23;}">
                <Coords points="1003,2371 1280,2448 1381,2380 1944,2367 2065,2283 2038,2214 1877,2292 1586,2330 1430,2283 1266,2344 999,2315"/>
                <Baseline points="1010,2370 1062,2373 1114,2376 1167,2378 1219,2380 1271,2381 1324,2382 1376,2382 1428,2381 1481,2378 1533,2376 1585,2371 1638,2367 1690,2360 1742,2352 1795,2343 1847,2332 1899,2320 1952,2306 2004,2290 2057,2273"/>
                <Word id="r2l24_w1" custom="readingOrder {index:0;}">
                    <Coords points="1004,2333 1004,2393 1130,2393 1130,2333"/>
                    <TextEquiv>
                        <Unicode>trsaes</Unicode>
                    </TextEquiv>
                </Word>
                <Word id="r2l24_w2" custom="readingOrder {index:1;}">
                    <Coords points="1161,2340 1161,2400 1380,2400 1380,2340"/>
                    <TextEquiv>
                        <Unicode>absprehen</Unicode>
                    </TextEquiv>
                </Word>
                <Word id="r2l24_w3" custom="readingOrder {index:2;}">
                    <Coords points="1398,2338 1398,2398 1555,2398 1555,2338"/>
                    <TextEquiv>
                        <Unicode>wollen</Unicode>
                    </TextEquiv>
                </Word>
                <Word id="r2l24_w4" custom="readingOrder {index:3;}">
                    <Coords points="1617,2322 1617,2382 1727,2382 1727,2322"/>
                    <TextEquiv>
                        <Unicode>will</Unicode>
                    </TextEquiv>
                </Word>
                <Word id="r2l24_w5" custom="readingOrder {index:4;}">
                    <Coords points="1758,2302 1758,2362 1838,2362 1838,2302"/>
                    <TextEquiv>
                        <Unicode>vaß</Unicode>
                    </TextEquiv>
                </Word>
                <Word id="r2l24_w6" custom="readingOrder {index:5;}">
                    <Coords points="1884,2260 1884,2320 2057,2320 2057,2260"/>
                    <TextEquiv>
                        <Unicode>hutiser</Unicode>
                    </TextEquiv>
                </Word>
                <TextEquiv>
                    <Unicode>trsaes absprehen wollen will vaß hutiser</Unicode>
                </TextEquiv>
            </TextLine>
            <TextLine id="r2l25" custom="readingOrder {index:24;}">
                <Coords points="1000,2518 1158,2470 1639,2497 2013,2417 2063,2350 1915,2347 1743,2432 1596,2393 1385,2404 1317,2453 1107,2403 995,2439"/>
                <Baseline points="1004,2462 1056,2465 1109,2469 1161,2472 1214,2475 1267,2477 1319,2480 1372,2480 1425,2480 1477,2480 1530,2477 1583,2474 1635,2470 1688,2465 1741,2459 1793,2449 1846,2441 1899,2429 1951,2417 2004,2401 2057,2384"/>
                <Word id="r2l25_w1" custom="readingOrder {index:0;}">
                    <Coords points="1007,2428 1007,2488 1191,2488 1191,2428"/>
                    <TextEquiv>
                        <Unicode>Mäche</Unicode>
                    </TextEquiv>
                </Word>
                <Word id="r2l25_w2" custom="readingOrder {index:1;}">
                    <Coords points="1214,2436 1214,2496 1284,2496 1284,2436"/>
                    <TextEquiv>
                        <Unicode>sin</Unicode>
                    </TextEquiv>
                </Word>
                <Word id="r2l25_w3" custom="readingOrder {index:2;}">
                    <Coords points="1309,2440 1309,2500 1516,2500 1516,2440"/>
                    <TextEquiv>
                        <Unicode>obdise</Unicode>
                    </TextEquiv>
                </Word>
                <Word id="r2l25_w4" custom="readingOrder {index:3;}">
                    <Coords points="1563,2423 1563,2483 1843,2483 1843,2423"/>
                    <TextEquiv>
                        <Unicode>Relernoh</Unicode>
                    </TextEquiv>
                </Word>
                <Word id="r2l25_w5" custom="readingOrder {index:4;}">
                    <Coords points="1865,2375 1865,2435 2049,2435 2049,2375"/>
                    <TextEquiv>
                        <Unicode>hauiss</Unicode>
                    </TextEquiv>
                </Word>
                <TextEquiv>
                    <Unicode>Mäche sin obdise Relernoh hauiss</Unicode>
                </TextEquiv>
            </TextLine>
            <TextLine id="r2l26" custom="readingOrder {index:25;}">
                <Coords points="994,2607 1184,2579 1260,2633 1367,2592 1457,2626 1593,2560 1771,2587 2061,2458 2058,2418 1813,2435 1592,2532 1427,2479 1327,2513 1263,2468 988,2524"/>
                <Baseline points="998,2559 1050,2561 1103,2564 1156,2567 1209,2569 1262,2570 1314,2572 1367,2573 1420,2573 1473,2573 1526,2571 1578,2568 1631,2564 1684,2558 1737,2550 1790,2541 1842,2530 1895,2516 1948,2501 2001,2483 2054,2462"/>
                <Word id="r2l26_w1" custom="readingOrder {index:0;}">
                    <Coords points="995,2522 995,2582 1159,2582 1159,2522"/>
                    <TextEquiv>
                        <Unicode>Jahrl.</Unicode>
                    </TextEquiv>
                </Word>
                <Word id="r2l26_w2" custom="readingOrder {index:1;}">
                    <Coords points="1195,2529 1195,2589 1286,2589 1286,2529"/>
                    <TextEquiv>
                        <Unicode>Sein</Unicode>
                    </TextEquiv>
                </Word>
                <Word id="r2l26_w3" custom="readingOrder {index:2;}">
                    <Coords points="1323,2533 1323,2593 1450,2593 1450,2533"/>
                    <TextEquiv>
                        <Unicode>sahler</Unicode>
                    </TextEquiv>
                </Word>
                <Word id="r2l26_w4" custom="readingOrder {index:3;}">
                    <Coords points="1467,2532 1467,2592 1523,2592 1523,2532"/>
                    <TextEquiv>
                        <Unicode>Er</Unicode>
                    </TextEquiv>
                </Word>
                <Word id="r2l26_w5" custom="readingOrder {index:4;}">
                    <Coords points="1541,2527 1541,2587 1632,2587 1632,2527"/>
                    <TextEquiv>
                        <Unicode>noch</Unicode>
                    </TextEquiv>
                </Word>
                <Word id="r2l26_w6" custom="readingOrder {index:5;}">
                    <Coords points="1669,2499 1669,2559 1924,2559 1924,2499"/>
                    <TextEquiv>
                        <Unicode>Profession</Unicode>
                    </TextEquiv>
                </Word>
                <Word id="r2l26_w7" custom="readingOrder {index:6;}">
                    <Coords points="1942,2440 1942,2500 2071,2500 2071,2440"/>
                    <TextEquiv>
                        <Unicode>Salen</Unicode>
                    </TextEquiv>
                </Word>
                <TextEquiv>
                    <Unicode>Jahrl. Sein sahler Er noch Profession Salen</Unicode>
                </TextEquiv>
            </TextLine>
            <TextEquiv>
                <Unicode></Unicode>
            </TextEquiv>
        </TextRegion>
        <TextRegion orientation="0.0" id="r3" custom="readingOrder {index:2;}">
            <Coords points="2114,1083 2114,1363 2372,1363 2372,1083"/>
            <TextLine id="r3l1" custom="readingOrder {index:0;}">
                <Coords points="2125,1160 2150,1156 2201,1194 2242,1159 2274,1150 2299,1122 2320,1131 2336,1120 2374,1123 2367,1066 2337,1075 2307,1051 2240,1074 2176,1066 2117,1094"/>
                <Baseline points="2130,1143 2156,1138 2182,1134 2208,1130 2234,1126 2261,1122 2287,1119 2313,1117 2339,1115 2366,1115"/>
                <Word id="r3l1_w1" custom="readingOrder {index:0;}">
                    <Coords points="2131,1084 2131,1144 2358,1144 2358,1084"/>
                    <TextEquiv>
                        <Unicode>Wullschel</Unicode>
                    </TextEquiv>
                </Word>
                <TextEquiv>
                    <Unicode>Wullschel</Unicode>
                </TextEquiv>
            </TextLine>
            <TextLine id="r3l2" custom="readingOrder {index:1;}">
                <Coords points="2221,1218 2248,1211 2279,1227 2296,1229 2306,1223 2325,1229 2309,1117 2302,1118 2268,1156 2244,1157 2215,1179"/>
                <Baseline points="2225,1199 2254,1193 2283,1189 2312,1187"/>
                <Word id="r3l2_w1" custom="readingOrder {index:0;}">
                    <Coords points="2219,1150 2219,1210 2319,1210 2319,1150"/>
                    <TextEquiv>
                        <Unicode>alli</Unicode>
                    </TextEquiv>
                </Word>
                <TextEquiv>
                    <Unicode>alli</Unicode>
                </TextEquiv>
            </TextLine>
            <TextLine id="r3l3" custom="readingOrder {index:2;}">
                <Coords points="2111,1338 2161,1299 2197,1313 2227,1292 2241,1303 2258,1286 2329,1276 2352,1264 2347,1223 2320,1231 2246,1216 2224,1228 2179,1205 2102,1267"/>
                <Baseline points="2114,1301 2139,1297 2165,1295 2191,1291 2217,1287 2242,1284 2268,1280 2294,1277 2320,1275 2346,1272"/>
                <Word id="r3l3_w1" custom="readingOrder {index:0;}">
                    <Coords points="2118,1246 2118,1306 2321,1306 2321,1246"/>
                    <TextEquiv>
                        <Unicode>häuzigter</Unicode>
                    </TextEquiv>
                </Word>
                <TextEquiv>
                    <Unicode>häuzigter</Unicode>
                </TextEquiv>
            </TextLine>
            <TextLine id="r3l4" custom="readingOrder {index:3;}">
                <Coords points="2193,1397 2223,1392 2233,1401 2285,1405 2298,1395 2319,1403 2369,1359 2380,1360 2372,1266 2300,1282 2275,1303 2243,1302 2228,1291 2185,1318"/>
                <Baseline points="2195,1349 2220,1347 2245,1346 2270,1343 2296,1340 2321,1337 2346,1335 2372,1332"/>
                <Word id="r3l4_w1" custom="readingOrder {index:0;}">
                    <Coords points="2202,1299 2202,1359 2391,1359 2391,1299"/>
                    <TextEquiv>
                        <Unicode>elstbeg.</Unicode>
                    </TextEquiv>
                </Word>
                <TextEquiv>
                    <Unicode>elstbeg.</Unicode>
                </TextEquiv>
            </TextLine>
            <TextEquiv>
                <Unicode></Unicode>
            </TextEquiv>
        </TextRegion>
        <TextRegion orientation="0.0" id="r4" custom="readingOrder {index:3;}">
            <Coords points="2357,364 2357,2466 3521,2466 3521,364"/>
            <TextLine id="r4l1" custom="readingOrder {index:0;}">
                <Coords points="3403,469 3421,474 3450,464 3465,472 3477,471 3508,447 3527,444 3529,357 3502,368 3433,355 3414,369 3405,369"/>
                <Baseline points="3411,407 3438,408 3466,408 3493,408 3521,411"/>
                <Word id="r4l1_w1" custom="readingOrder {index:0;}">
                    <Coords points="3404,368 3404,428 3539,428 3539,368"/>
                    <TextEquiv>
                        <Unicode>50t.</Unicode>
                    </TextEquiv>
                </Word>
                <TextEquiv>
                    <Unicode>50t.</Unicode>
                </TextEquiv>
            </TextLine>
            <TextLine id="r4l2" custom="readingOrder {index:1;}">
                <Coords points="2426,465 2767,474 2845,525 3078,483 3320,535 3480,522 3483,468 2670,360 2428,437"/>
                <Baseline points="2433,458 2485,459 2537,459 2589,461 2641,462 2693,464 2745,465 2797,468 2849,471 2901,474 2953,477 3005,480 3057,483 3109,487 3161,491 3213,495 3265,498 3317,503 3369,507 3421,511 3473,516"/>
                <Word id="r4l2_w1" custom="readingOrder {index:0;}">
                    <Coords points="2436,419 2436,479 2541,479 2541,419"/>
                    <TextEquiv>
                        <Unicode>moche</Unicode>
                    </TextEquiv>
                </Word>
                <Word id="r4l2_w2" custom="readingOrder {index:1;}">
                    <Coords points="2561,421 2561,481 2666,481 2666,421"/>
                    <TextEquiv>
                        <Unicode>thäte</Unicode>
                    </TextEquiv>
                </Word>
                <Word id="r4l2_w3" custom="readingOrder {index:2;}">
                    <Coords points="2707,425 2707,485 2802,485 2802,425"/>
                    <TextEquiv>
                        <Unicode>nicht</Unicode>
                    </TextEquiv>
                </Word>
                <Word id="r4l2_w4" custom="readingOrder {index:3;}">
                    <Coords points="2822,433 2822,493 2948,493 2948,433"/>
                    <TextEquiv>
                        <Unicode>abjurin</Unicode>
                    </TextEquiv>
                </Word>
                <Word id="r4l2_w5" custom="readingOrder {index:4;}">
                    <Coords points="2980,441 2980,501 3084,501 3084,441"/>
                    <TextEquiv>
                        <Unicode>wollt.</Unicode>
                    </TextEquiv>
                </Word>
                <Word id="r4l2_w6" custom="readingOrder {index:5;}">
                    <Coords points="3105,449 3105,509 3189,509 3189,449"/>
                    <TextEquiv>
                        <Unicode>undt</Unicode>
                    </TextEquiv>
                </Word>
                <Word id="r4l2_w7" custom="readingOrder {index:6;}">
                    <Coords points="3199,455 3199,515 3241,515 3241,455"/>
                    <TextEquiv>
                        <Unicode>3.</Unicode>
                    </TextEquiv>
                </Word>
                <Word id="r4l2_w8" custom="readingOrder {index:7;}">
                    <Coords points="3251,458 3251,518 3283,518 3283,458"/>
                    <TextEquiv>
                        <Unicode>ob</Unicode>
                    </TextEquiv>
                </Word>
                <Word id="r4l2_w9" custom="readingOrder {index:8;}">
                    <Coords points="3304,463 3304,523 3335,523 3335,463"/>
                    <TextEquiv>
                        <Unicode>Er</Unicode>
                    </TextEquiv>
                </Word>
                <Word id="r4l2_w10" custom="readingOrder {index:9;}">
                    <Coords points="3345,467 3345,527 3409,527 3409,467"/>
                    <TextEquiv>
                        <Unicode>sein</Unicode>
                    </TextEquiv>
                </Word>
                <TextEquiv>
                    <Unicode>moche thäte nicht abjurin wollt. undt 3. ob Er sein</Unicode>
                </TextEquiv>
            </TextLine>
            <TextLine id="r4l3" custom="readingOrder {index:2;}">
                <Coords points="2432,556 2576,591 2648,551 2758,589 2832,563 2930,626 3163,573 3304,650 3386,595 3507,607 3511,542 2966,497 2845,533 2679,469 2433,531"/>
                <Baseline points="2439,552 2492,551 2545,551 2598,551 2651,552 2704,553 2757,554 2810,557 2863,560 2916,563 2969,566 3022,569 3075,573 3128,576 3181,581 3234,585 3287,588 3340,592 3393,597 3446,600 3500,603"/>
                <Word id="r4l3_w1" custom="readingOrder {index:0;}">
                    <Coords points="2444,511 2444,571 2546,571 2546,511"/>
                    <TextEquiv>
                        <Unicode>vndt</Unicode>
                    </TextEquiv>
                </Word>
                <Word id="r4l3_w2" custom="readingOrder {index:1;}">
                    <Coords points="2568,511 2568,571 2648,571 2648,511"/>
                    <TextEquiv>
                        <Unicode>Icht</Unicode>
                    </TextEquiv>
                </Word>
                <Word id="r4l3_w3" custom="readingOrder {index:2;}">
                    <Coords points="2670,512 2670,572 2692,572 2692,512"/>
                    <TextEquiv>
                        <Unicode>zu</Unicode>
                    </TextEquiv>
                </Word>
                <Word id="r4l3_w4" custom="readingOrder {index:3;}">
                    <Coords points="2727,516 2727,576 2874,576 2874,516"/>
                    <TextEquiv>
                        <Unicode>Gesenai</Unicode>
                    </TextEquiv>
                </Word>
                <Word id="r4l3_w5" custom="readingOrder {index:4;}">
                    <Coords points="2896,525 2896,585 3009,585 3009,525"/>
                    <TextEquiv>
                        <Unicode>annoch</Unicode>
                    </TextEquiv>
                </Word>
                <Word id="r4l3_w6" custom="readingOrder {index:5;}">
                    <Coords points="3022,531 3022,591 3089,591 3089,531"/>
                    <TextEquiv>
                        <Unicode>habe</Unicode>
                    </TextEquiv>
                </Word>
                <Word id="r4l3_w7" custom="readingOrder {index:6;}">
                    <Coords points="3100,536 3100,596 3169,596 3169,536"/>
                    <TextEquiv>
                        <Unicode>oder</Unicode>
                    </TextEquiv>
                </Word>
                <Word id="r4l3_w8" custom="readingOrder {index:7;}">
                    <Coords points="3191,544 3191,604 3271,604 3271,544"/>
                    <TextEquiv>
                        <Unicode>nicht</Unicode>
                    </TextEquiv>
                </Word>
                <Word id="r4l3_w9" custom="readingOrder {index:8;}">
                    <Coords points="3304,557 3304,617 3486,617 3486,557"/>
                    <TextEquiv>
                        <Unicode>veßtalb</Unicode>
                    </TextEquiv>
                </Word>
                <TextEquiv>
                    <Unicode>vndt Icht zu Gesenai annoch habe oder nicht veßtalb</Unicode>
                </TextEquiv>
            </TextLine>
            <TextLine id="r4l4" custom="readingOrder {index:3;}">
                <Coords points="2414,669 3472,694 3503,641 3377,602 3256,651 3127,580 2931,626 2857,568 2752,588 2648,550 2594,597 2416,565"/>
                <Baseline points="2421,656 2474,656 2528,654 2581,654 2635,654 2689,654 2742,654 2796,654 2850,656 2903,656 2957,657 3011,659 3064,660 3118,662 3172,664 3225,667 3279,669 3333,671 3386,675 3440,677 3494,681"/>
                <Word id="r4l4_w1" custom="readingOrder {index:0;}">
                    <Coords points="2428,616 2428,676 2488,676 2488,616"/>
                    <TextEquiv>
                        <Unicode>den</Unicode>
                    </TextEquiv>
                </Word>
                <Word id="r4l4_w2" custom="readingOrder {index:1;}">
                    <Coords points="2514,614 2514,674 2575,674 2575,614"/>
                    <TextEquiv>
                        <Unicode>H.</Unicode>
                    </TextEquiv>
                </Word>
                <Word id="r4l4_w3" custom="readingOrder {index:2;}">
                    <Coords points="2599,614 2599,674 2784,674 2784,614"/>
                    <TextEquiv>
                        <Unicode>Pfedicant</Unicode>
                    </TextEquiv>
                </Word>
                <Word id="r4l4_w4" custom="readingOrder {index:3;}">
                    <Coords points="2810,616 2810,676 3019,676 3019,616"/>
                    <TextEquiv>
                        <Unicode>aufgetraten</Unicode>
                    </TextEquiv>
                </Word>
                <Word id="r4l4_w5" custom="readingOrder {index:4;}">
                    <Coords points="3032,620 3032,680 3130,680 3130,620"/>
                    <TextEquiv>
                        <Unicode>wirdt</Unicode>
                    </TextEquiv>
                </Word>
                <Word id="r4l4_w6" custom="readingOrder {index:5;}">
                    <Coords points="3154,625 3154,685 3253,685 3253,625"/>
                    <TextEquiv>
                        <Unicode>diesen</Unicode>
                    </TextEquiv>
                </Word>
                <Word id="r4l4_w7" custom="readingOrder {index:6;}">
                    <Coords points="3277,634 3277,694 3475,694 3475,634"/>
                    <TextEquiv>
                        <Unicode>enhobenden</Unicode>
                    </TextEquiv>
                </Word>
                <TextEquiv>
                    <Unicode>den H. Pfedicant aufgetraten wirdt diesen enhobenden</Unicode>
                </TextEquiv>
            </TextLine>
            <TextLine id="r4l5" custom="readingOrder {index:4;}">
                <Coords points="2417,770 2552,751 2703,817 2853,761 3188,765 3338,832 3501,795 3504,704 3279,740 3166,671 3089,702 2737,653 2535,695 2419,659"/>
                <Baseline points="2424,746 2477,746 2531,747 2584,747 2638,747 2691,749 2745,750 2798,752 2852,753 2905,755 2959,756 3013,758 3066,759 3120,761 3173,762 3227,764 3280,765 3334,765 3387,767 3441,767 3495,768"/>
                <Word id="r4l5_w1" custom="readingOrder {index:0;}">
                    <Coords points="2421,706 2421,766 2477,766 2477,706"/>
                    <TextEquiv>
                        <Unicode>hich</Unicode>
                    </TextEquiv>
                </Word>
                <Word id="r4l5_w2" custom="readingOrder {index:1;}">
                    <Coords points="2548,707 2548,767 2646,767 2646,707"/>
                    <TextEquiv>
                        <Unicode>n</Unicode>
                    </TextEquiv>
                </Word>
                <Word id="r4l5_w3" custom="readingOrder {index:2;}">
                    <Coords points="2674,709 2674,769 2760,769 2760,709"/>
                    <TextEquiv>
                        <Unicode>Hren</Unicode>
                    </TextEquiv>
                </Word>
                <Word id="r4l5_w4" custom="readingOrder {index:3;}">
                    <Coords points="2788,712 2788,772 2816,772 2816,712"/>
                    <TextEquiv>
                        <Unicode>n</Unicode>
                    </TextEquiv>
                </Word>
                <Word id="r4l5_w5" custom="readingOrder {index:4;}">
                    <Coords points="2832,713 2832,773 2888,773 2888,713"/>
                    <TextEquiv>
                        <Unicode>dero</Unicode>
                    </TextEquiv>
                </Word>
                <Word id="r4l5_w6" custom="readingOrder {index:5;}">
                    <Coords points="2902,716 2902,776 3044,776 3044,716"/>
                    <TextEquiv>
                        <Unicode>fenere</Unicode>
                    </TextEquiv>
                </Word>
                <Word id="r4l5_w7" custom="readingOrder {index:6;}">
                    <Coords points="3072,722 3072,782 3300,782 3300,722"/>
                    <TextEquiv>
                        <Unicode>Vrordnung</Unicode>
                    </TextEquiv>
                </Word>
                <Word id="r4l5_w8" custom="readingOrder {index:7;}">
                    <Coords points="3328,727 3328,787 3514,787 3514,727"/>
                    <TextEquiv>
                        <Unicode>Eiczu¬</Unicode>
                    </TextEquiv>
                </Word>
                <TextEquiv>
                    <Unicode>hich n Hren n dero fenere Vrordnung Eiczu¬</Unicode>
                </TextEquiv>
            </TextLine>
            <TextLine id="r4l6" custom="readingOrder {index:5;}">
                <Coords points="2413,886 2434,892 2462,870 2484,879 2500,870 2511,875 2528,853 2543,859 2580,849 2569,743 2557,742 2515,786 2477,768 2450,788 2431,775 2422,784 2402,784"/>
                <Baseline points="2415,840 2441,835 2467,830 2493,827 2519,825 2545,824 2571,822"/>
                <Word id="r4l6_w1" custom="readingOrder {index:0;}">
                    <Coords points="2408,787 2408,847 2572,847 2572,787"/>
                    <TextEquiv>
                        <Unicode>gsenden</Unicode>
                    </TextEquiv>
                </Word>
                <TextEquiv>
                    <Unicode>gsenden</Unicode>
                </TextEquiv>
            </TextLine>
            <TextLine id="r4l7" custom="readingOrder {index:6;}">
                <Coords points="2444,1011 2642,983 2824,1040 2910,976 3411,1011 3519,983 3518,915 3287,884 3086,937 2882,876 2443,924"/>
                <Baseline points="2450,986 2503,984 2556,983 2609,981 2662,980 2715,980 2768,978 2821,978 2874,977 2927,977 2981,977 3034,977 3087,977 3140,977 3193,977 3246,977 3299,977 3352,977 3405,977 3458,977 3512,977"/>
                <Word id="r4l7_w1" custom="readingOrder {index:0;}">
                    <Coords points="2456,943 2456,1003 2564,1003 2564,943"/>
                    <TextEquiv>
                        <Unicode>Wis</Unicode>
                    </TextEquiv>
                </Word>
                <Word id="r4l7_w2" custom="readingOrder {index:1;}">
                    <Coords points="2589,940 2589,1000 2732,1000 2732,940"/>
                    <TextEquiv>
                        <Unicode>Richter</Unicode>
                    </TextEquiv>
                </Word>
                <Word id="r4l7_w3" custom="readingOrder {index:2;}">
                    <Coords points="2746,938 2746,998 2793,998 2793,938"/>
                    <TextEquiv>
                        <Unicode>etc.</Unicode>
                    </TextEquiv>
                </Word>
                <Word id="r4l7_w4" custom="readingOrder {index:3;}">
                    <Coords points="2817,937 2817,997 2889,997 2889,937"/>
                    <TextEquiv>
                        <Unicode>Alß</Unicode>
                    </TextEquiv>
                </Word>
                <Word id="r4l7_w5" custom="readingOrder {index:4;}">
                    <Coords points="2938,937 2938,997 3033,997 3033,937"/>
                    <TextEquiv>
                        <Unicode>denn</Unicode>
                    </TextEquiv>
                </Word>
                <Word id="r4l7_w6" custom="readingOrder {index:5;}">
                    <Coords points="3071,937 3071,997 3142,997 3142,937"/>
                    <TextEquiv>
                        <Unicode>sub</Unicode>
                    </TextEquiv>
                </Word>
                <Word id="r4l7_w7" custom="readingOrder {index:6;}">
                    <Coords points="3166,937 3166,997 3202,997 3202,937"/>
                    <TextEquiv>
                        <Unicode>ib</Unicode>
                    </TextEquiv>
                </Word>
                <Word id="r4l7_w8" custom="readingOrder {index:7;}">
                    <Coords points="3239,937 3239,997 3384,997 3384,937"/>
                    <TextEquiv>
                        <Unicode>Marty</Unicode>
                    </TextEquiv>
                </Word>
                <Word id="r4l7_w9" custom="readingOrder {index:8;}">
                    <Coords points="3420,937 3420,997 3529,997 3529,937"/>
                    <TextEquiv>
                        <Unicode>bst¬</Unicode>
                    </TextEquiv>
                </Word>
                <TextEquiv>
                    <Unicode>Wis Richter etc. Alß denn sub ib Marty bst¬</Unicode>
                </TextEquiv>
            </TextLine>
            <TextLine id="r4l8" custom="readingOrder {index:7;}">
                <Coords points="2435,1093 2667,1067 2739,1119 2817,1060 3429,1061 3428,1017 3361,986 3302,1024 3014,977 2824,1040 2434,1008"/>
                <Baseline points="2441,1067 2490,1067 2539,1065 2588,1065 2637,1064 2686,1062 2735,1062 2784,1061 2833,1059 2882,1058 2931,1058 2980,1056 3029,1056 3078,1055 3127,1055 3176,1053 3225,1053 3274,1053 3323,1053 3372,1052 3422,1052"/>
                <Word id="r4l8_w1" custom="readingOrder {index:0;}">
                    <Coords points="2442,1027 2442,1087 2488,1087 2488,1027"/>
                    <TextEquiv>
                        <Unicode>hin</Unicode>
                    </TextEquiv>
                </Word>
                <Word id="r4l8_w2" custom="readingOrder {index:1;}">
                    <Coords points="2525,1025 2525,1085 2609,1085 2609,1025"/>
                    <TextEquiv>
                        <Unicode>vor</Unicode>
                    </TextEquiv>
                </Word>
                <Word id="r4l8_w3" custom="readingOrder {index:2;}">
                    <Coords points="2646,1022 2646,1082 2730,1082 2730,1022"/>
                    <TextEquiv>
                        <Unicode>Unß</Unicode>
                    </TextEquiv>
                </Word>
                <Word id="r4l8_w4" custom="readingOrder {index:3;}">
                    <Coords points="2768,1018 2768,1078 2972,1078 2972,1018"/>
                    <TextEquiv>
                        <Unicode>gelanget</Unicode>
                    </TextEquiv>
                </Word>
                <Word id="r4l8_w5" custom="readingOrder {index:4;}">
                    <Coords points="3001,1016 3001,1076 3056,1076 3056,1016"/>
                    <TextEquiv>
                        <Unicode>die</Unicode>
                    </TextEquiv>
                </Word>
                <Word id="r4l8_w6" custom="readingOrder {index:5;}">
                    <Coords points="3074,1013 3074,1073 3391,1073 3391,1013"/>
                    <TextEquiv>
                        <Unicode>Matrimonial</Unicode>
                    </TextEquiv>
                </Word>
                <TextEquiv>
                    <Unicode>hin vor Unß gelanget die Matrimonial</Unicode>
                </TextEquiv>
            </TextLine>
            <TextLine id="r4l9" custom="readingOrder {index:8;}">
                <Coords points="2431,1218 2508,1153 3365,1141 3445,1113 3443,1060 3313,1104 2879,1065 2719,1124 2636,1084 2426,1092"/>
                <Baseline points="2435,1151 2485,1151 2535,1152 2585,1151 2635,1151 2685,1150 2735,1149 2786,1148 2836,1146 2886,1145 2936,1143 2986,1140 3036,1138 3086,1136 3137,1133 3187,1130 3237,1128 3287,1125 3337,1121 3387,1118 3438,1116"/>
                <Word id="r4l9_w1" custom="readingOrder {index:0;}">
                    <Coords points="2425,1111 2425,1171 2479,1171 2479,1111"/>
                    <TextEquiv>
                        <Unicode>sach</Unicode>
                    </TextEquiv>
                </Word>
                <Word id="r4l9_w2" custom="readingOrder {index:1;}">
                    <Coords points="2516,1111 2516,1171 2682,1171 2682,1111"/>
                    <TextEquiv>
                        <Unicode>züschen</Unicode>
                    </TextEquiv>
                </Word>
                <Word id="r4l9_w3" custom="readingOrder {index:2;}">
                    <Coords points="2728,1108 2728,1168 2828,1168 2828,1108"/>
                    <TextEquiv>
                        <Unicode>Ull.</Unicode>
                    </TextEquiv>
                </Word>
                <Word id="r4l9_w4" custom="readingOrder {index:3;}">
                    <Coords points="2857,1099 2857,1159 3141,1159 3141,1099"/>
                    <TextEquiv>
                        <Unicode>Wullschlegel</Unicode>
                    </TextEquiv>
                </Word>
                <Word id="r4l9_w5" custom="readingOrder {index:4;}">
                    <Coords points="3196,1087 3196,1147 3307,1147 3307,1087"/>
                    <TextEquiv>
                        <Unicode>Einen</Unicode>
                    </TextEquiv>
                </Word>
                <Word id="r4l9_w6" custom="readingOrder {index:5;}">
                    <Coords points="3334,1078 3334,1138 3435,1138 3435,1078"/>
                    <TextEquiv>
                        <Unicode>alten</Unicode>
                    </TextEquiv>
                </Word>
                <TextEquiv>
                    <Unicode>sach züschen Ull. Wullschlegel Einen alten</Unicode>
                </TextEquiv>
            </TextLine>
            <TextLine id="r4l10" custom="readingOrder {index:9;}">
                <Coords points="2435,1262 3401,1232 3457,1217 3454,1141 3379,1191 3296,1146 3078,1135 2954,1203 2791,1153 2714,1220 2595,1161 2433,1214"/>
                <Baseline points="2441,1245 2491,1244 2541,1242 2592,1240 2642,1238 2693,1236 2743,1234 2793,1232 2844,1230 2894,1227 2945,1226 2995,1224 3045,1221 3096,1220 3146,1218 3197,1215 3247,1213 3297,1211 3348,1208 3398,1206 3449,1203"/>
                <Word id="r4l10_w1" custom="readingOrder {index:0;}">
                    <Coords points="2453,1202 2453,1262 2629,1262 2629,1202"/>
                    <TextEquiv>
                        <Unicode>Gesellen</Unicode>
                    </TextEquiv>
                </Word>
                <Word id="r4l10_w2" custom="readingOrder {index:1;}">
                    <Coords points="2680,1194 2680,1254 2762,1254 2762,1194"/>
                    <TextEquiv>
                        <Unicode>auß</Unicode>
                    </TextEquiv>
                </Word>
                <Word id="r4l10_w3" custom="readingOrder {index:2;}">
                    <Coords points="2815,1189 2815,1249 2877,1249 2877,1189"/>
                    <TextEquiv>
                        <Unicode>der</Unicode>
                    </TextEquiv>
                </Word>
                <Word id="r4l10_w4" custom="readingOrder {index:3;}">
                    <Coords points="2908,1183 2908,1243 3093,1243 3093,1183"/>
                    <TextEquiv>
                        <Unicode>Reetiben</Unicode>
                    </TextEquiv>
                </Word>
                <Word id="r4l10_w5" custom="readingOrder {index:4;}">
                    <Coords points="3125,1177 3125,1237 3186,1237 3186,1177"/>
                    <TextEquiv>
                        <Unicode>der</Unicode>
                    </TextEquiv>
                </Word>
                <Word id="r4l10_w6" custom="readingOrder {index:5;}">
                    <Coords points="3218,1168 3218,1228 3445,1228 3445,1168"/>
                    <TextEquiv>
                        <Unicode>Gemeindt</Unicode>
                    </TextEquiv>
                </Word>
                <TextEquiv>
                    <Unicode>Gesellen auß der Reetiben der Gemeindt</Unicode>
                </TextEquiv>
            </TextLine>
            <TextLine id="r4l11" custom="readingOrder {index:10;}">
                <Coords points="2421,1370 2478,1327 2706,1309 2855,1312 2948,1369 3144,1289 3245,1356 3342,1298 3471,1303 3468,1225 2979,1244 2895,1289 2805,1241 2757,1283 2417,1273"/>
                <Baseline points="2426,1337 2477,1332 2529,1328 2581,1325 2633,1322 2685,1319 2737,1316 2789,1313 2841,1311 2893,1310 2945,1307 2996,1305 3048,1304 3100,1302 3152,1300 3204,1299 3256,1297 3308,1295 3360,1293 3412,1291 3464,1289"/>
                <Word id="r4l11_w1" custom="readingOrder {index:0;}">
                    <Coords points="2429,1286 2429,1346 2697,1346 2697,1286"/>
                    <TextEquiv>
                        <Unicode>sofingen,</Unicode>
                    </TextEquiv>
                </Word>
                <Word id="r4l11_w2" custom="readingOrder {index:1;}">
                    <Coords points="2730,1272 2730,1332 2887,1332 2887,1272"/>
                    <TextEquiv>
                        <Unicode>denne</Unicode>
                    </TextEquiv>
                </Word>
                <Word id="r4l11_w3" custom="readingOrder {index:2;}">
                    <Coords points="2920,1264 2920,1324 3100,1324 3100,1264"/>
                    <TextEquiv>
                        <Unicode>Elstbeth</Unicode>
                    </TextEquiv>
                </Word>
                <Word id="r4l11_w4" custom="readingOrder {index:3;}">
                    <Coords points="3144,1257 3144,1317 3368,1317 3368,1257"/>
                    <TextEquiv>
                        <Unicode>Hunzigber</Unicode>
                    </TextEquiv>
                </Word>
                <Word id="r4l11_w5" custom="readingOrder {index:4;}">
                    <Coords points="3391,1250 3391,1310 3446,1310 3446,1250"/>
                    <TextEquiv>
                        <Unicode>Ein</Unicode>
                    </TextEquiv>
                </Word>
                <TextEquiv>
                    <Unicode>sofingen, denne Elstbeth Hunzigber Ein</Unicode>
                </TextEquiv>
            </TextLine>
            <TextLine id="r4l12" custom="readingOrder {index:11;}">
                <Coords points="2419,1442 2611,1422 2829,1473 3046,1408 3173,1468 3242,1419 3478,1398 3475,1320 3368,1301 3248,1359 3145,1289 2955,1370 2703,1316 2418,1407"/>
                <Baseline points="2426,1434 2478,1429 2530,1425 2582,1421 2634,1418 2687,1415 2739,1412 2791,1410 2843,1408 2895,1407 2948,1406 3000,1404 3052,1403 3104,1401 3156,1400 3209,1398 3261,1397 3313,1395 3365,1395 3417,1392 3470,1389"/>
                <Word id="r4l12_w1" custom="readingOrder {index:0;}">
                    <Coords points="2436,1388 2436,1448 2534,1448 2534,1388"/>
                    <TextEquiv>
                        <Unicode>blut</Unicode>
                    </TextEquiv>
                </Word>
                <Word id="r4l12_w2" custom="readingOrder {index:1;}">
                    <Coords points="2578,1377 2578,1437 2720,1437 2720,1377"/>
                    <TextEquiv>
                        <Unicode>Junges</Unicode>
                    </TextEquiv>
                </Word>
                <Word id="r4l12_w3" custom="readingOrder {index:2;}">
                    <Coords points="2748,1368 2748,1428 2933,1428 2933,1368"/>
                    <TextEquiv>
                        <Unicode>Metschin</Unicode>
                    </TextEquiv>
                </Word>
                <Word id="r4l12_w4" custom="readingOrder {index:3;}">
                    <Coords points="2961,1364 2961,1424 3033,1424 3033,1364"/>
                    <TextEquiv>
                        <Unicode>deß</Unicode>
                    </TextEquiv>
                </Word>
                <Word id="r4l12_w5" custom="readingOrder {index:4;}">
                    <Coords points="3089,1359 3089,1419 3273,1419 3273,1359"/>
                    <TextEquiv>
                        <Unicode>Rudolff</Unicode>
                    </TextEquiv>
                </Word>
                <Word id="r4l12_w6" custom="readingOrder {index:5;}">
                    <Coords points="3301,1353 3301,1413 3488,1413 3488,1353"/>
                    <TextEquiv>
                        <Unicode>huntzig¬</Unicode>
                    </TextEquiv>
                </Word>
                <TextEquiv>
                    <Unicode>blut Junges Metschin deß Rudolff huntzig¬</Unicode>
                </TextEquiv>
            </TextLine>
            <TextLine id="r4l13" custom="readingOrder {index:12;}">
                <Coords points="2426,1528 3040,1494 3230,1547 3406,1497 3403,1410 3333,1445 3261,1417 3174,1469 3044,1423 2810,1488 2705,1435 2627,1482 2483,1450 2425,1491"/>
                <Baseline points="2433,1526 2481,1521 2529,1517 2577,1514 2626,1511 2674,1508 2722,1505 2770,1503 2819,1502 2867,1500 2915,1500 2963,1499 3012,1497 3060,1496 3108,1496 3156,1494 3205,1493 3253,1491 3301,1491 3349,1488 3398,1487"/>
                <Word id="r4l13_w1" custom="readingOrder {index:0;}">
                    <Coords points="2424,1483 2424,1543 2496,1543 2496,1483"/>
                    <TextEquiv>
                        <Unicode>bers</Unicode>
                    </TextEquiv>
                </Word>
                <Word id="r4l13_w2" custom="readingOrder {index:1;}">
                    <Coords points="2525,1474 2525,1534 2606,1534 2606,1474"/>
                    <TextEquiv>
                        <Unicode>Ston</Unicode>
                    </TextEquiv>
                </Word>
                <Word id="r4l13_w3" custom="readingOrder {index:2;}">
                    <Coords points="2644,1463 2644,1523 2873,1523 2873,1463"/>
                    <TextEquiv>
                        <Unicode>Wynauto</Unicode>
                    </TextEquiv>
                </Word>
                <Word id="r4l13_w4" custom="readingOrder {index:3;}">
                    <Coords points="2900,1458 2900,1518 3048,1518 3048,1458"/>
                    <TextEquiv>
                        <Unicode>Tochter</Unicode>
                    </TextEquiv>
                </Word>
                <Word id="r4l13_w5" custom="readingOrder {index:4;}">
                    <Coords points="3084,1454 3084,1514 3212,1514 3212,1454"/>
                    <TextEquiv>
                        <Unicode>welcher</Unicode>
                    </TextEquiv>
                </Word>
                <Word id="r4l13_w6" custom="readingOrder {index:5;}">
                    <Coords points="3223,1450 3223,1510 3387,1510 3387,1450"/>
                    <TextEquiv>
                        <Unicode>dieselbe</Unicode>
                    </TextEquiv>
                </Word>
                <TextEquiv>
                    <Unicode>bers Ston Wynauto Tochter welcher dieselbe</Unicode>
                </TextEquiv>
            </TextLine>
            <TextLine id="r4l14" custom="readingOrder {index:13;}">
                <Coords points="2394,1669 2548,1604 2739,1637 3231,1573 3461,1610 3505,1522 3379,1503 3229,1546 3039,1495 2391,1564"/>
                <Baseline points="2400,1616 2455,1611 2510,1608 2565,1604 2620,1601 2675,1598 2730,1595 2785,1590 2840,1589 2895,1586 2950,1584 3005,1581 3060,1581 3115,1580 3170,1578 3225,1578 3280,1578 3335,1580 3390,1581 3445,1583 3500,1586"/>
                <Word id="r4l14_w1" custom="readingOrder {index:0;}">
                    <Coords points="2405,1567 2405,1627 2639,1627 2639,1567"/>
                    <TextEquiv>
                        <Unicode>alßminder</Unicode>
                    </TextEquiv>
                </Word>
                <Word id="r4l14_w2" custom="readingOrder {index:1;}">
                    <Coords points="2651,1549 2651,1609 2934,1609 2934,1549"/>
                    <TextEquiv>
                        <Unicode>tährgundes</Unicode>
                    </TextEquiv>
                </Word>
                <Word id="r4l14_w3" custom="readingOrder {index:2;}">
                    <Coords points="2972,1541 2972,1601 3034,1601 3034,1541"/>
                    <TextEquiv>
                        <Unicode>den</Unicode>
                    </TextEquiv>
                </Word>
                <Word id="r4l14_w4" custom="readingOrder {index:3;}">
                    <Coords points="3071,1539 3071,1599 3207,1599 3207,1539"/>
                    <TextEquiv>
                        <Unicode>Jahren</Unicode>
                    </TextEquiv>
                </Word>
                <Word id="r4l14_w5" custom="readingOrder {index:4;}">
                    <Coords points="3243,1538 3243,1598 3329,1598 3329,1538"/>
                    <TextEquiv>
                        <Unicode>wegs</Unicode>
                    </TextEquiv>
                </Word>
                <Word id="r4l14_w6" custom="readingOrder {index:5;}">
                    <Coords points="3341,1542 3341,1602 3516,1602 3516,1542"/>
                    <TextEquiv>
                        <Unicode>huzeuchen</Unicode>
                    </TextEquiv>
                </Word>
                <TextEquiv>
                    <Unicode>alßminder tährgundes den Jahren wegs huzeuchen</Unicode>
                </TextEquiv>
            </TextLine>
            <TextLine id="r4l15" custom="readingOrder {index:14;}">
                <Coords points="2412,1768 2579,1688 3113,1666 3300,1706 3468,1666 3467,1615 3317,1645 3232,1585 3146,1648 3050,1592 2841,1645 2606,1611 2476,1625 2409,1679"/>
                <Baseline points="2417,1706 2469,1702 2521,1698 2573,1694 2626,1689 2678,1686 2730,1682 2782,1679 2835,1676 2887,1673 2939,1670 2991,1668 3044,1667 3096,1665 3148,1665 3200,1665 3253,1665 3305,1667 3357,1668 3409,1670 3462,1673"/>
                <Word id="r4l15_w1" custom="readingOrder {index:0;}">
                    <Coords points="2425,1658 2425,1718 2598,1718 2598,1658"/>
                    <TextEquiv>
                        <Unicode>begehrt,</Unicode>
                    </TextEquiv>
                </Word>
                <Word id="r4l15_w2" custom="readingOrder {index:1;}">
                    <Coords points="2624,1641 2624,1701 2837,1701 2837,1641"/>
                    <TextEquiv>
                        <Unicode>derowegen</Unicode>
                    </TextEquiv>
                </Word>
                <Word id="r4l15_w3" custom="readingOrder {index:2;}">
                    <Coords points="2851,1632 2851,1692 2945,1692 2945,1632"/>
                    <TextEquiv>
                        <Unicode>Wir</Unicode>
                    </TextEquiv>
                </Word>
                <Word id="r4l15_w4" custom="readingOrder {index:3;}">
                    <Coords points="2971,1627 2971,1687 3077,1687 3077,1627"/>
                    <TextEquiv>
                        <Unicode>thale</Unicode>
                    </TextEquiv>
                </Word>
                <Word id="r4l15_w5" custom="readingOrder {index:4;}">
                    <Coords points="3103,1625 3103,1685 3196,1685 3196,1625"/>
                    <TextEquiv>
                        <Unicode>auch</Unicode>
                    </TextEquiv>
                </Word>
                <Word id="r4l15_w6" custom="readingOrder {index:5;}">
                    <Coords points="3224,1625 3224,1685 3304,1685 3304,1625"/>
                    <TextEquiv>
                        <Unicode>das</Unicode>
                    </TextEquiv>
                </Word>
                <Word id="r4l15_w7" custom="readingOrder {index:6;}">
                    <Coords points="3317,1629 3317,1689 3478,1689 3478,1629"/>
                    <TextEquiv>
                        <Unicode>zuge¬</Unicode>
                    </TextEquiv>
                </Word>
                <TextEquiv>
                    <Unicode>begehrt, derowegen Wir thale auch das zuge¬</Unicode>
                </TextEquiv>
            </TextLine>
            <TextLine id="r4l16" custom="readingOrder {index:15;}">
                <Coords points="2378,1828 2515,1795 2601,1844 2736,1775 2981,1828 3111,1746 3328,1798 3489,1755 3485,1681 3364,1671 3214,1731 3136,1688 2968,1718 2890,1685 2736,1743 2681,1709 2375,1758"/>
                <Baseline points="2385,1814 2439,1804 2494,1797 2549,1790 2604,1783 2659,1778 2714,1775 2768,1770 2823,1767 2878,1764 2933,1762 2988,1760 3043,1758 3098,1757 3152,1757 3207,1755 3262,1755 3317,1754 3372,1753 3427,1752 3482,1751"/>
                <Word id="r4l16_w1" custom="readingOrder {index:0;}">
                    <Coords points="2401,1761 2401,1821 2510,1821 2510,1761"/>
                    <TextEquiv>
                        <Unicode>Recht,</Unicode>
                    </TextEquiv>
                </Word>
                <Word id="r4l16_w2" custom="readingOrder {index:1;}">
                    <Coords points="2534,1741 2534,1801 2717,1801 2717,1741"/>
                    <TextEquiv>
                        <Unicode>zumahlen</Unicode>
                    </TextEquiv>
                </Word>
                <Word id="r4l16_w3" custom="readingOrder {index:2;}">
                    <Coords points="2729,1730 2729,1790 2791,1790 2791,1730"/>
                    <TextEquiv>
                        <Unicode>der</Unicode>
                    </TextEquiv>
                </Word>
                <Word id="r4l16_w4" custom="readingOrder {index:3;}">
                    <Coords points="2815,1721 2815,1781 3083,1781 3083,1721"/>
                    <TextEquiv>
                        <Unicode>Mullschlegel</Unicode>
                    </TextEquiv>
                </Word>
                <Word id="r4l16_w5" custom="readingOrder {index:4;}">
                    <Coords points="3133,1716 3133,1776 3218,1776 3218,1716"/>
                    <TextEquiv>
                        <Unicode>seine</Unicode>
                    </TextEquiv>
                </Word>
                <Word id="r4l16_w6" custom="readingOrder {index:5;}">
                    <Coords points="3242,1713 3242,1773 3485,1773 3485,1713"/>
                    <TextEquiv>
                        <Unicode>Ehransprach</Unicode>
                    </TextEquiv>
                </Word>
                <TextEquiv>
                    <Unicode>Recht, zumahlen der Mullschlegel seine Ehransprach</Unicode>
                </TextEquiv>
            </TextLine>
            <TextLine id="r4l17" custom="readingOrder {index:16;}">
                <Coords points="2369,1925 2512,1872 2669,1920 2706,1881 2806,1910 3133,1850 3498,1870 3509,1755 3332,1828 3235,1760 2964,1839 2781,1787 2605,1843 2365,1817"/>
                <Baseline points="2375,1890 2431,1883 2488,1878 2544,1874 2601,1869 2657,1866 2714,1863 2770,1860 2827,1859 2883,1857 2940,1856 2997,1854 3053,1853 3110,1853 3166,1851 3223,1850 3279,1849 3336,1847 3392,1845 3449,1844 3506,1842"/>
                <Word id="r4l17_w1" custom="readingOrder {index:0;}">
                    <Coords points="2377,1844 2377,1904 2469,1904 2469,1844"/>
                    <TextEquiv>
                        <Unicode>Wor</Unicode>
                    </TextEquiv>
                </Word>
                <Word id="r4l17_w2" custom="readingOrder {index:1;}">
                    <Coords points="2491,1831 2491,1891 2651,1891 2651,1831"/>
                    <TextEquiv>
                        <Unicode>Unßmit</Unicode>
                    </TextEquiv>
                </Word>
                <Word id="r4l17_w3" custom="readingOrder {index:2;}">
                    <Coords points="2675,1819 2675,1879 2926,1879 2926,1819"/>
                    <TextEquiv>
                        <Unicode>gsatzmeßig</Unicode>
                    </TextEquiv>
                </Word>
                <Word id="r4l17_w4" custom="readingOrder {index:3;}">
                    <Coords points="2972,1813 2972,1873 3121,1873 3121,1813"/>
                    <TextEquiv>
                        <Unicode>beliesen</Unicode>
                    </TextEquiv>
                </Word>
                <Word id="r4l17_w5" custom="readingOrder {index:4;}">
                    <Coords points="3155,1809 3155,1869 3328,1869 3328,1809"/>
                    <TextEquiv>
                        <Unicode>können,</Unicode>
                    </TextEquiv>
                </Word>
                <Word id="r4l17_w6" custom="readingOrder {index:5;}">
                    <Coords points="3350,1804 3350,1864 3523,1864 3523,1804"/>
                    <TextEquiv>
                        <Unicode>bewilli¬</Unicode>
                    </TextEquiv>
                </Word>
                <TextEquiv>
                    <Unicode>Wor Unßmit gsatzmeßig beliesen können, bewilli¬</Unicode>
                </TextEquiv>
            </TextLine>
            <TextLine id="r4l18" custom="readingOrder {index:17;}">
                <Coords points="2379,2001 2704,1948 2867,1949 2969,1998 3112,1934 3346,1973 3462,1944 3460,1893 3123,1855 3023,1913 2727,1889 2636,1935 2482,1883 2376,1932"/>
                <Baseline points="2384,1964 2437,1962 2491,1961 2544,1958 2598,1956 2651,1955 2705,1952 2758,1950 2812,1949 2865,1946 2919,1944 2973,1943 3026,1940 3080,1937 3133,1935 3187,1934 3240,1931 3294,1928 3347,1926 3401,1922 3455,1919"/>
                <Word id="r4l18_w1" custom="readingOrder {index:0;}">
                    <Coords points="2376,1922 2376,1982 2487,1982 2487,1922"/>
                    <TextEquiv>
                        <Unicode>nget.</Unicode>
                    </TextEquiv>
                </Word>
                <Word id="r4l18_w2" custom="readingOrder {index:1;}">
                    <Coords points="2509,1916 2509,1976 2641,1976 2641,1916"/>
                    <TextEquiv>
                        <Unicode>Essige</Unicode>
                    </TextEquiv>
                </Word>
                <Word id="r4l18_w3" custom="readingOrder {index:2;}">
                    <Coords points="2685,1910 2685,1970 2819,1970 2819,1910"/>
                    <TextEquiv>
                        <Unicode>dann,</Unicode>
                    </TextEquiv>
                </Word>
                <Word id="r4l18_w4" custom="readingOrder {index:3;}">
                    <Coords points="2841,1905 2841,1965 2929,1965 2929,1905"/>
                    <TextEquiv>
                        <Unicode>soch,</Unicode>
                    </TextEquiv>
                </Word>
                <Word id="r4l18_w5" custom="readingOrder {index:4;}">
                    <Coords points="2951,1902 2951,1962 3029,1962 3029,1902"/>
                    <TextEquiv>
                        <Unicode>daß</Unicode>
                    </TextEquiv>
                </Word>
                <Word id="r4l18_w6" custom="readingOrder {index:5;}">
                    <Coords points="3084,1895 3084,1955 3140,1955 3140,1895"/>
                    <TextEquiv>
                        <Unicode>der</Unicode>
                    </TextEquiv>
                </Word>
                <Word id="r4l18_w7" custom="readingOrder {index:6;}">
                    <Coords points="3172,1887 3172,1947 3437,1947 3437,1887"/>
                    <TextEquiv>
                        <Unicode>Mullschlegel</Unicode>
                    </TextEquiv>
                </Word>
                <TextEquiv>
                    <Unicode>nget. Essige dann, soch, daß der Mullschlegel</Unicode>
                </TextEquiv>
            </TextLine>
            <TextLine id="r4l19" custom="readingOrder {index:18;}">
                <Coords points="2365,2073 2462,2053 2631,2110 2779,2050 2912,2100 3178,2027 3300,2062 3469,2033 3465,1944 2967,1999 2868,1956 2784,2001 2461,1958 2363,2032"/>
                <Baseline points="2372,2058 2426,2057 2480,2055 2535,2053 2589,2051 2644,2049 2698,2048 2753,2046 2807,2045 2862,2043 2916,2040 2970,2039 3025,2036 3079,2035 3134,2032 3188,2030 3243,2027 3297,2024 3352,2019 3406,2015 3461,2012"/>
                <Word id="r4l19_w1" custom="readingOrder {index:0;}">
                    <Coords points="2391,2016 2391,2076 2497,2076 2497,2016"/>
                    <TextEquiv>
                        <Unicode>durch</Unicode>
                    </TextEquiv>
                </Word>
                <Word id="r4l19_w2" custom="readingOrder {index:1;}">
                    <Coords points="2524,2010 2524,2070 2709,2070 2709,2010"/>
                    <TextEquiv>
                        <Unicode>legalische</Unicode>
                    </TextEquiv>
                </Word>
                <Word id="r4l19_w3" custom="readingOrder {index:2;}">
                    <Coords points="2748,2001 2748,2061 3040,2061 3040,2001"/>
                    <TextEquiv>
                        <Unicode>Kundtschafft,</Unicode>
                    </TextEquiv>
                </Word>
                <Word id="r4l19_w4" custom="readingOrder {index:3;}">
                    <Coords points="3053,1995 3053,2055 3081,2055 3081,1995"/>
                    <TextEquiv>
                        <Unicode>so</Unicode>
                    </TextEquiv>
                </Word>
                <Word id="r4l19_w5" custom="readingOrder {index:4;}">
                    <Coords points="3107,1992 3107,2052 3133,2052 3133,1992"/>
                    <TextEquiv>
                        <Unicode>ho</Unicode>
                    </TextEquiv>
                </Word>
                <Word id="r4l19_w6" custom="readingOrder {index:5;}">
                    <Coords points="3160,1987 3160,2047 3319,2047 3319,1987"/>
                    <TextEquiv>
                        <Unicode>daunder</Unicode>
                    </TextEquiv>
                </Word>
                <Word id="r4l19_w7" custom="readingOrder {index:6;}">
                    <Coords points="3345,1976 3345,2036 3425,2036 3425,1976"/>
                    <TextEquiv>
                        <Unicode>hut</Unicode>
                    </TextEquiv>
                </Word>
                <TextEquiv>
                    <Unicode>durch legalische Kundtschafft, so ho daunder hut</Unicode>
                </TextEquiv>
            </TextLine>
            <TextLine id="r4l20" custom="readingOrder {index:19;}">
                <Coords points="2370,2186 2487,2139 2583,2169 2821,2136 2935,2186 3291,2115 3396,2148 3453,2132 3451,2064 3283,2084 3231,2040 3044,2100 2982,2054 2919,2102 2691,2061 2618,2119 2463,2052 2366,2065"/>
                <Baseline points="2375,2142 2428,2142 2482,2142 2535,2141 2589,2139 2642,2138 2696,2136 2749,2133 2803,2131 2856,2129 2910,2126 2964,2124 3017,2123 3071,2120 3124,2118 3178,2117 3231,2115 3285,2114 3338,2114 3392,2112 3446,2112"/>
                <Word id="r4l20_w1" custom="readingOrder {index:0;}">
                    <Coords points="2379,2101 2379,2161 2611,2161 2611,2101"/>
                    <TextEquiv>
                        <Unicode>Partangen</Unicode>
                    </TextEquiv>
                </Word>
                <Word id="r4l20_w2" custom="readingOrder {index:1;}">
                    <Coords points="2634,2096 2634,2156 2751,2156 2751,2096"/>
                    <TextEquiv>
                        <Unicode>stellen</Unicode>
                    </TextEquiv>
                </Word>
                <Word id="r4l20_w3" custom="readingOrder {index:2;}">
                    <Coords points="2763,2090 2763,2150 2845,2150 2845,2090"/>
                    <TextEquiv>
                        <Unicode>soll</Unicode>
                    </TextEquiv>
                </Word>
                <Word id="r4l20_w4" custom="readingOrder {index:3;}">
                    <Coords points="2914,2081 2914,2141 3159,2141 3159,2081"/>
                    <TextEquiv>
                        <Unicode>bescheinigen</Unicode>
                    </TextEquiv>
                </Word>
                <Word id="r4l20_w5" custom="readingOrder {index:4;}">
                    <Coords points="3171,2074 3171,2134 3346,2134 3346,2074"/>
                    <TextEquiv>
                        <Unicode>könne,</Unicode>
                    </TextEquiv>
                </Word>
                <Word id="r4l20_w6" custom="readingOrder {index:5;}">
                    <Coords points="3369,2072 3369,2132 3426,2132 3426,2072"/>
                    <TextEquiv>
                        <Unicode>daß</Unicode>
                    </TextEquiv>
                </Word>
                <TextEquiv>
                    <Unicode>Partangen stellen soll bescheinigen könne, daß</Unicode>
                </TextEquiv>
            </TextLine>
            <TextLine id="r4l21" custom="readingOrder {index:20;}">
                <Coords points="2374,2258 2688,2230 2813,2291 2874,2239 2973,2285 3115,2203 3521,2225 3519,2175 3322,2117 3025,2141 2946,2194 2868,2152 2372,2188"/>
                <Baseline points="2381,2240 2437,2238 2494,2235 2550,2234 2607,2231 2664,2227 2720,2225 2777,2222 2833,2218 2890,2214 2947,2212 3003,2209 3060,2207 3116,2205 3173,2204 3230,2202 3286,2202 3343,2202 3399,2204 3456,2205 3513,2208"/>
                <Word id="r4l21_w1" custom="readingOrder {index:0;}">
                    <Coords points="2399,2198 2399,2258 2461,2258 2461,2198"/>
                    <TextEquiv>
                        <Unicode>der</Unicode>
                    </TextEquiv>
                </Word>
                <Word id="r4l21_w2" custom="readingOrder {index:1;}">
                    <Coords points="2486,2191 2486,2251 2713,2251 2713,2191"/>
                    <TextEquiv>
                        <Unicode>huntzigket</Unicode>
                    </TextEquiv>
                </Word>
                <Word id="r4l21_w3" custom="readingOrder {index:2;}">
                    <Coords points="2738,2183 2738,2243 2775,2243 2775,2183"/>
                    <TextEquiv>
                        <Unicode>in</Unicode>
                    </TextEquiv>
                </Word>
                <Word id="r4l21_w4" custom="readingOrder {index:3;}">
                    <Coords points="2814,2175 2814,2235 2926,2235 2926,2175"/>
                    <TextEquiv>
                        <Unicode>dieser</Unicode>
                    </TextEquiv>
                </Word>
                <Word id="r4l21_w5" custom="readingOrder {index:4;}">
                    <Coords points="2965,2169 2965,2229 3027,2229 3027,2169"/>
                    <TextEquiv>
                        <Unicode>ihr</Unicode>
                    </TextEquiv>
                </Word>
                <Word id="r4l21_w6" custom="readingOrder {index:5;}">
                    <Coords points="3064,2164 3064,2224 3279,2224 3279,2164"/>
                    <TextEquiv>
                        <Unicode>Contentirt</Unicode>
                    </TextEquiv>
                </Word>
                <Word id="r4l21_w7" custom="readingOrder {index:6;}">
                    <Coords points="3304,2163 3304,2223 3442,2223 3442,2163"/>
                    <TextEquiv>
                        <Unicode>welchen</Unicode>
                    </TextEquiv>
                </Word>
                <TextEquiv>
                    <Unicode>der huntzigket in dieser ihr Contentirt welchen</Unicode>
                </TextEquiv>
            </TextLine>
            <TextLine id="r4l22" custom="readingOrder {index:21;}">
                <Coords points="2386,2389 2512,2331 2950,2359 3028,2307 3107,2356 3237,2317 3293,2352 3392,2289 3469,2300 3466,2238 3313,2273 3049,2216 2973,2284 2884,2247 2815,2290 2614,2234 2382,2305"/>
                <Baseline points="2390,2336 2443,2334 2497,2333 2550,2331 2604,2328 2657,2327 2711,2324 2764,2321 2818,2318 2871,2316 2925,2312 2979,2309 3032,2306 3086,2303 3139,2301 3193,2298 3246,2296 3300,2294 3353,2292 3407,2291 3461,2291"/>
                <Word id="r4l22_w1" custom="readingOrder {index:0;}">
                    <Coords points="2397,2293 2397,2353 2539,2353 2539,2293"/>
                    <TextEquiv>
                        <Unicode>fahls</Unicode>
                    </TextEquiv>
                </Word>
                <Word id="r4l22_w2" custom="readingOrder {index:1;}">
                    <Coords points="2564,2288 2564,2348 2640,2348 2640,2288"/>
                    <TextEquiv>
                        <Unicode>der</Unicode>
                    </TextEquiv>
                </Word>
                <Word id="r4l22_w3" custom="readingOrder {index:2;}">
                    <Coords points="2667,2278 2667,2338 2950,2338 2950,2278"/>
                    <TextEquiv>
                        <Unicode>Mullschlegel</Unicode>
                    </TextEquiv>
                </Word>
                <Word id="r4l22_w4" custom="readingOrder {index:3;}">
                    <Coords points="2976,2267 2976,2327 3040,2327 3040,2267"/>
                    <TextEquiv>
                        <Unicode>sich</Unicode>
                    </TextEquiv>
                </Word>
                <Word id="r4l22_w5" custom="readingOrder {index:4;}">
                    <Coords points="3067,2262 3067,2322 3143,2322 3143,2262"/>
                    <TextEquiv>
                        <Unicode>dere</Unicode>
                    </TextEquiv>
                </Word>
                <Word id="r4l22_w6" custom="readingOrder {index:5;}">
                    <Coords points="3168,2254 3168,2314 3426,2314 3426,2254"/>
                    <TextEquiv>
                        <Unicode>zugetrosten</Unicode>
                    </TextEquiv>
                </Word>
                <TextEquiv>
                    <Unicode>fahls der Mullschlegel sich dere zugetrosten</Unicode>
                </TextEquiv>
            </TextLine>
            <TextLine id="r4l23" custom="readingOrder {index:22;}">
                <Coords points="2351,2475 2621,2492 2784,2420 2879,2485 2978,2483 3067,2409 3265,2421 3260,2322 3095,2369 3001,2320 2949,2361 2865,2333 2743,2398 2481,2362 2348,2403"/>
                <Baseline points="2357,2445 2402,2440 2447,2437 2492,2434 2537,2430 2582,2427 2627,2424 2672,2423 2717,2420 2762,2418 2807,2417 2852,2414 2897,2413 2942,2411 2987,2411 3032,2409 3077,2408 3122,2407 3167,2406 3212,2406 3257,2405"/>
                <Word id="r4l23_w1" custom="readingOrder {index:0;}">
                    <Coords points="2382,2398 2382,2458 2472,2458 2472,2398"/>
                    <TextEquiv>
                        <Unicode>habe</Unicode>
                    </TextEquiv>
                </Word>
                <Word id="r4l23_w2" custom="readingOrder {index:1;}">
                    <Coords points="2503,2388 2503,2448 2608,2448 2608,2388"/>
                    <TextEquiv>
                        <Unicode>soll,</Unicode>
                    </TextEquiv>
                </Word>
                <Word id="r4l23_w3" custom="readingOrder {index:2;}">
                    <Coords points="2623,2383 2623,2443 2669,2443 2669,2383"/>
                    <TextEquiv>
                        <Unicode>in</Unicode>
                    </TextEquiv>
                </Word>
                <Word id="r4l23_w4" custom="readingOrder {index:3;}">
                    <Coords points="2684,2381 2684,2441 2715,2441 2715,2381"/>
                    <TextEquiv>
                        <Unicode>so</Unicode>
                    </TextEquiv>
                </Word>
                <Word id="r4l23_w5" custom="readingOrder {index:4;}">
                    <Coords points="2744,2377 2744,2437 2835,2437 2835,2377"/>
                    <TextEquiv>
                        <Unicode>mit</Unicode>
                    </TextEquiv>
                </Word>
                <Word id="r4l23_w6" custom="readingOrder {index:5;}">
                    <Coords points="2866,2371 2866,2431 3078,2431 3078,2371"/>
                    <TextEquiv>
                        <Unicode>Rechtsein</Unicode>
                    </TextEquiv>
                </Word>
                <Word id="r4l23_w7" custom="readingOrder {index:6;}">
                    <Coords points="3107,2366 3107,2426 3275,2426 3275,2366"/>
                    <TextEquiv>
                        <Unicode>wirdt.</Unicode>
                    </TextEquiv>
                </Word>
                <TextEquiv>
                    <Unicode>habe soll, in so mit Rechtsein wirdt.</Unicode>
                </TextEquiv>
            </TextLine>
            <TextEquiv>
                <Unicode></Unicode>
            </TextEquiv>
        </TextRegion>
    </Page>
</PcGts>
