4032 3024
714 285 880 345 12.

995 878 1022 938 11

1027 333 1146 393 Per
1184 326 1384 386 ere
1465 326 1503 386 e
1784 358 1865 418 e
1941 402 2065 462 e

1011 412 1338 472 Kundtschafften
1401 408 1480 468 von
1526 415 1760 475 Berwangen
1776 431 1839 491 Ein,
1870 460 2074 520 Memithet

1009 502 1088 562 der
1138 499 1201 559 der
1235 497 1539 557 Wullschlegel
1571 502 1652 562 hat
1684 516 1893 576 bescheilich
1909 540 1990 600 mach

1014 584 1211 644 wollen,
1239 584 1317 644 daß
1357 584 1396 644 so
1422 584 1515 644 wohl
1567 586 1633 646 der
1672 595 1831 655 Vattel
1857 609 1909 669 alß
1950 625 2002 685 daß

1023 685 1341 745 Esohehlind
1380 680 1559 740 Matter
1579 680 1719 740 dieser
1758 688 1819 748 Er
1838 708 2057 768 gelgehet

1034 782 1139 842 welche
1172 775 1256 835 aber
1288 771 1374 831 von
1438 769 1533 829 Unß
1587 771 1650 831 alß
1692 776 1799 836 nicht
1831 786 1992 846 Rechts¬

1046 868 1200 928 bündig
1225 858 1482 918 verworffen
1519 861 1738 921 worden,
1763 866 1930 926 folglich
1955 868 2020 928 Wir

1036 948 1245 1008 geichtheine
1271 944 1418 1004 ursach
1444 946 1592 1006 finden
1653 952 1876 1012 können,
1900 955 2036 1015 Etwas

1024 1031 1062 1091 an
1100 1033 1244 1093 bemelt
1273 1030 1436 1090 Vnserer
1494 1027 1742 1087 Erkantnuß
1790 1027 2001 1087 abzufnden

1022 1121 1212 1181 dadurch
1238 1115 1302 1175 dem
1378 1109 1558 1169 Batte
1596 1106 1826 1166 huntzigker
1864 1108 1941 1168 das
1966 1111 2069 1171 Zur¬

1028 1206 1338 1266 Rechvertheilt
1371 1194 1593 1254 worden.
1626 1192 1736 1252 Wan
1770 1192 1859 1252 aber
1881 1192 1936 1252 der

1029 1296 1336 1356 Wullschlegel
1390 1284 1522 1344 seiner
1599 1275 1938 1335 kundtschafften
1971 1271 2004 1331 zu

1002 1390 1268 1450 Aarwangen
1341 1378 1382 1438 zu
1412 1373 1526 1433 seinem
1629 1363 1794 1423 behelff
1834 1355 1938 1415 seines

1017 1475 1700 1535 Matrimonial-geschäffts
1738 1450 1921 1510 zustellen
1957 1435 2069 1495 bey¬

1006 1580 1112 1640 Auß
1157 1578 1461 1638 angehalten
1522 1564 1613 1624 Alß
1657 1548 1824 1608 habent
1854 1524 2053 1584 Wither,

1042 1673 1201 1733 damit
1240 1671 1359 1731 keine
1386 1668 1425 1728 in
1438 1665 1571 1725 seinem
1663 1645 1861 1705 Vermeint
1887 1623 2033 1683 habeden

1019 1759 1156 1819 Rechten
1213 1757 1429 1817 verbürtzet
1452 1753 1578 1813 werden
1613 1745 1749 1805 solches
1773 1735 1864 1795 auch
1887 1720 2058 1780 zugegeben

1033 1851 1087 1911 In
1130 1852 1198 1912 den
1241 1851 1518 1911 Verstande,
1545 1845 1629 1905 daß
1670 1835 1838 1895 derselbe
1865 1821 1933 1881 alle
1962 1808 2031 1868 sine

1026 1943 1378 2003 beleißthumme,
1401 1940 1437 2000 so
1460 1938 1508 1998 Er
1531 1927 1777 1987 taugenlich
1812 1907 1930 1967 zusein
1942 1886 2072 1946 rachten

1021 2033 1158 2093 Kroder
1211 2033 1296 2093 sid
1339 2031 1477 2091 find-
1498 2024 1636 2084 undt
1657 2010 1880 2070 allemahl
1912 1989 1996 2049 irt

1008 2126 1134 2186 Map
1180 2127 1275 2187 zeith
1321 2125 1416 2185 Vor
1462 2120 1541 2180 den
1572 2114 1634 2174 H.
1667 2096 1901 2156 LandtVogt
1933 2068 1980 2128 zu

1021 2225 1233 2285 varkang
1274 2221 1542 2281 nambsen,
1570 2207 1682 2267 undt
1697 2190 1852 2250 selbige
1893 2160 2007 2220 nahe

1031 2318 1393 2378 Verfließung
1443 2308 1659 2368 obgesezt
1691 2283 1872 2343 Temno
1906 2248 2005 2308 sonb

1015 2410 1293 2470 herhaltung
1338 2410 1401 2470 der
1431 2403 1677 2463 Pfartheyn
1709 2383 1802 2443 Unß
1848 2345 2063 2405 verschlofe

1006 2504 1111 2564 von
1148 2507 1376 2567 daselbster
1393 2503 1623 2563 übersundt
1641 2487 1782 2547 werden
1799 2456 2010 2516 sollindte

3395 369 3472 429 503

2449 430 2501 490 den
2514 425 2567 485 27.
2582 420 2660 480 May
2687 418 2861 478 rscheinnen
2887 424 3099 484 widemahle
3140 433 3192 493 die
3205 440 3393 500 Pfartheye
3419 446 3498 506 undt

2458 503 2644 563 Niachdene
2686 500 2748 560 der
2769 500 2883 560 Klege
2903 503 2955 563 sich
2976 505 3038 565 nit
3049 511 3245 571 angelegen
3287 519 3350 579 sein
3370 523 3484 583 laßen

2452 583 2539 643 noch
2562 579 2692 639 Unsere
2725 580 2956 640 Erkentnuß
2988 586 3097 646 feuee
3130 592 3470 652 Kundtschafft¬

2458 661 2657 721 thuithandt
2679 658 2867 718 hubringen
2940 659 2993 719 der
3014 661 3077 721 tag
3108 663 3192 723 dann
3212 664 3296 724 auch
3328 665 3402 725 zum

2453 747 2654 807 abspauch
2677 740 2748 800 deß
2796 739 2820 799 so
2843 737 2974 797 langen
2997 739 3211 799 vmbtribt
3246 739 3352 799 auff
3377 734 3532 794 Endts¬

2434 819 2690 879 bezeichnetes
2712 814 2835 874 Datum
2903 814 2980 874 von
3013 814 3092 874 Unß
3125 814 3326 874 angestehzt
3348 815 3517 875 worden.

2442 919 2526 979 Alß
2569 903 2706 963 habendt
2727 896 2811 956 Wid
2843 893 2916 953 mit
2937 893 3159 953 Einhäligen
3201 896 3296 956 mehr
3327 897 3369 957 zu
3402 898 3506 958 Recht

2450 990 2570 1050 heket
2592 984 2679 1044 undt
2701 976 2962 1036 gesprochen,
2984 971 3115 1031 wiher
3136 971 3202 1031 der
3224 974 3507 1034 Mullschlegel

2457 1066 2546 1126 heine
2579 1063 2881 1123 kundtschafften
2926 1055 3005 1115 zud
3027 1051 3284 1111 brgandtnuß
3329 1050 3396 1110 hat

2431 1139 2556 1199 nennen
2576 1141 2744 1201 wollen,
2765 1139 2932 1199 sondern
3026 1133 3152 1193 dieses
3173 1129 3455 1189 geschafftnus

2430 1227 2575 1287 Alleheit
2588 1219 2691 1279 auff
2704 1216 2784 1276 den
2809 1214 2954 1274 langen
2967 1214 3098 1274 baube
3124 1213 3163 1273 zu
3203 1209 3333 1269 schieken
3360 1204 3451 1264 undt

2448 1315 2487 1375 zu
2541 1304 2805 1364 welbersuchet,
2830 1300 3030 1360 ohngecht
3055 1298 3109 1358 der
3135 1295 3478 1355 peremptirischen

2442 1406 2502 1466 tag
2526 1399 2709 1459 angesetzt
2745 1393 2878 1453 wäre,
2904 1390 2964 1450 alß
3000 1387 3097 1447 solle
3123 1382 3256 1442 seleger
3280 1377 3352 1437 alß
3401 1371 3461 1431 Ein

2439 1480 2745 1540 muthwilliger
2766 1473 2875 1533 undt
2908 1471 3104 1531 storrischer
3126 1466 3301 1526 Ströhter
3334 1453 3410 1513 von

2429 1569 2528 1629 seiner
2550 1558 2840 1618 praetendirendes
2875 1552 3130 1612 Ehransprach
3165 1538 3398 1598 abgewisen

2415 1657 2457 1717 Sie
2488 1648 2552 1708 die
2573 1637 2826 1697 antwortern
2859 1631 2954 1691 von
3038 1627 3154 1687 Ihme
3186 1620 3398 1680 liberirt.

2415 1724 2512 1784 undt
2538 1713 2706 1773 bemelt
2741 1706 2874 1766 Unser
2926 1700 3173 1760 Erkentnuß
3244 1690 3358 1750 Man

2424 1808 2472 1868 16.
2491 1796 2684 1856 Martii,
2714 1785 2878 1845 dadurch
2907 1781 2984 1841 dem
3033 1778 3178 1838 Vatter
3207 1774 3419 1834 hüntzigker

2420 1886 2494 1946 Das
2517 1873 2911 1933 hug-Rechtertheilt
2943 1867 3008 1927 war
3092 1863 3327 1923 bestätiget
3348 1857 3478 1917 sein.

2404 1974 2662 2034 betreffendt
2685 1965 2782 2025 dann
2814 1962 2869 2022 die
2901 1960 3019 2020 foster
3074 1954 3290 2014 sonhabendt
3322 1945 3419 2005 Mir

2412 2064 2617 2124 derenthalb
2639 2055 2789 2115 erkient,
2821 2049 2908 2109 daß
2963 2041 3232 2101 Antworterin
3264 2035 3329 2095 dem

2392 2153 2539 2213 Kleger
2549 2150 2581 2210 in
2612 2146 2728 2206 allen
2770 2139 2886 2199 Sechs
2939 2130 3064 2190 senen
3117 2122 3201 2182 gelt
3233 2114 3433 2174 Entrichten

2395 2239 2478 2299 auch
2501 2236 2654 2296 alleß,
2667 2233 2749 2293 was
2785 2230 2843 2290 Sie
2856 2227 2891 2287 im
2926 2221 3092 2281 geschenke
3127 2215 3210 2275 von
3235 2210 3293 2270 Ihm

2395 2326 2682 2386 empfarigen
2728 2318 2969 2378 restituiren,
2992 2311 3072 2371 was
3108 2305 3188 2365 aber
3199 2302 3233 2362 in
3257 2299 3360 2359 Eße
3394 2292 3486 2352 undt

2390 2414 2538 2474 tauken
2564 2417 2625 2477 hin
2651 2416 2751 2476 undt
2775 2413 2850 2473 her
2875 2405 3163 2465 auffgeloffen
3199 2396 3274 2456 sein
3311 2391 3461 2451 möchte
