4032 3024
709 283 885 343 504l.

1033 316 1096 376 des
1128 309 1256 369 Klege
1289 301 1368 361 nich
1384 298 1433 358 ts
1449 295 1689 355 anzusetzen
1736 309 1848 369 haben
1864 332 1961 392 solle
1992 365 2071 425 hate

1017 407 1224 467 Metinn
1261 399 1337 459 den
1355 391 1620 451 Pfarthern
1659 396 1790 456 dieser
1808 413 1942 473 Vnser
1960 448 2094 508 ehlen

1020 498 1161 558 Urtheil
1207 490 1431 550 eröffnet,
1455 485 1538 545 hat
1561 485 1620 545 der
1654 487 1796 547 Kleger
1832 500 1937 560 solche
1960 513 2019 573 von

1025 602 1158 662 RH.
1185 592 1238 652 die
1266 586 1386 646 Räth
1426 581 1667 641 zubrüchen
1706 589 1895 649 begehrt,
1908 601 1947 661 so
1962 612 2055 672 Ihnn

1046 686 1135 746 auch
1164 679 1402 739 bewilliget
1446 678 1609 738 worden.
1640 686 1773 746 Adt.
1804 693 1847 753 den
1862 699 1907 759 7.
1922 705 1982 765 et

1040 775 1257 835 Pastat:
1279 772 1324 832 den
1348 772 1427 832 25.
1438 772 1588 832 May:
1610 775 1760 835 1733.

1061 950 1192 1010 Wien
1205 944 1277 1004 Meine
1289 941 1385 1001 gnädigen
1397 942 1493 1002 Herren
1505 943 1553 1003 die
1577 948 1697 1008 Räth
1733 953 1805 1013 sub
1829 957 1865 1017 11
1888 962 1997 1022 Mayte
2009 965 2082 1025 schin

716 964 877 1024 Schnell
890 962 1012 1022 barbat

1051 1036 1125 1096 Meien
1135 1034 1221 1094 dege
1242 1031 1455 1091 überlaßen
1509 1029 1593 1089 noch
1625 1028 1721 1088 Reht
1742 1028 1860 1088 undt
1881 1031 2051 1091 billichkeit

724 1045 849 1105 Tanaz
871 1039 1018 1099 Samuel

1031 1122 1061 1182 in
1080 1121 1131 1181 den
1161 1115 1500 1175 Matrimonial
1551 1112 1761 1172 geschafft
1791 1111 1961 1171 shrüschen

1031 1204 1088 1264 der
1127 1202 1299 1262 Barbare
1346 1198 1499 1258 Schnell
1547 1195 1624 1255 und
1671 1192 1843 1252 Samuel
1881 1186 2005 1246 Tanar

1033 1287 1122 1347 Von
1149 1280 1292 1340 Champ
1336 1276 1516 1336 Martin
1587 1276 1847 1336 zuhandlen,
1874 1277 1936 1337 alß
1972 1276 2070 1336 habende

1052 1366 1226 1426 dieselben
1284 1362 1323 1422 in
1343 1358 1634 1418 abhinderung
1681 1353 1740 1413 deß
1778 1351 1856 1411 Ihre
1886 1348 2041 1408 ertheilten

1039 1437 1258 1497 Scheidbriefe
1294 1434 1381 1494 undt
1408 1432 1505 1492 darin
1540 1429 1725 1489 gesetzten
1769 1420 1954 1480 Ttermins
1971 1407 2050 1467 unden

1053 1518 1093 1578 30
1125 1514 1270 1574 Aprilis
1290 1510 1415 1570 lesthin
1446 1507 1632 1567 Erbent.
1663 1501 1747 1561 N.
1767 1497 1819 1557 Ein
1840 1489 1932 1549 Jedes
1953 1479 2005 1539 ist

1044 1579 1111 1639 umb
1135 1582 1161 1642 10
1178 1583 1236 1643 lb.
1253 1585 1303 1645 buß
1354 1585 1479 1645 beleget
1505 1579 1665 1639 worden.

1045 1660 1156 1720 Einer
1206 1662 1505 1722 hochzeutschein
1542 1645 1703 1705 under
1740 1619 2002 1679 Peymaliger

1041 1757 1365 1817 Verründung
1404 1750 1443 1810 in
1455 1746 1533 1806 deß
1586 1731 1780 1791 Jannaz
1833 1706 2014 1766 heimahe

1694 1815 1756 1875 ad
1793 1794 1979 1854 formam

1001 2010 1078 2070 An
1124 2006 1201 2066 H.
1231 2003 1460 2063 Brigedies
1490 2000 1583 2060 Von
1598 1993 1828 2053 Pettens.
1843 1981 1934 2041 Ihne
1949 1972 2026 2032 über

1059 2094 1105 2154 sin
1128 2093 1292 2153 schreben
1327 2093 1525 2153 behüten,
1549 2092 1631 2152 daß
1665 2090 1688 2150 M
1770 2084 1782 2144 M
1864 2073 1944 2133 wohl
1957 2058 2050 2118 suheten

728 2095 828 2155 holey
861 2098 926 2158 Ance
949 2096 1037 2156 Moin¬

1055 2185 1166 2245 wögen
1236 2187 1321 2247 daß
1376 2188 1433 2248 der
1460 2185 1614 2245 Himmele
1655 2177 1753 2237 Erst
1767 2168 1838 2228 nach
1865 2159 1906 2219 de
1936 2142 2046 2202 Resen

713 2174 845 2234 Himmele
872 2187 1045 2247 Grorf.

1002 2276 1134 2336 Reme
1160 2278 1226 2338 die
1252 2279 1359 2339 Ihme
1385 2278 1650 2338 zugesprocher
1689 2265 1796 2325 Ante
1822 2246 1940 2306 Marie
1953 2222 2046 2282 halgz

1001 2361 1081 2421 Er
1103 2368 1245 2428 wehe,
1265 2374 1449 2434 Isoch,
1468 2370 1550 2430 daß
1590 2365 1630 2425 Er
1672 2355 1754 2415 Ihr
1794 2342 1834 2402 zu
1876 2312 2080 2372 Velteren

1007 2463 1082 2523 der
1094 2466 1193 2526 Ehee
1230 2467 1292 2527 alß
1331 2466 1442 2526 dann
1478 2458 1691 2518 harhalte

2128 508 2228 568 heiren
2253 476 2414 536 Magdahen

2173 564 2390 624 Sreffendte

2145 663 2180 723 si
2214 634 2355 694 ahben

2140 1825 2321 1885 thumnH.
2330 1826 2417 1886 Sa¬

2189 1883 2315 1943 lome.

2111 1958 2270 2018 Cinradt.
2282 1957 2407 2017 Johaun

3362 385 3430 445 105

2441 428 2517 488 Über
2536 428 2594 488 Eir
2613 432 2880 492 eingelangtes
2890 441 3014 501 Sheiben
3043 445 3099 505 von
3129 448 3186 508 H.
3205 449 3253 509 von
3282 448 3482 508 Groffewied

2437 508 2514 568 von
2539 509 2693 569 Milde,
2719 514 2926 574 beteffendt
2951 518 3002 578 das
3015 522 3106 582 seinem
3144 525 3222 585 sohn
3247 528 3298 588 e.
3324 531 3531 591 Frentzlind.

2410 594 2485 654 Von
2533 586 2749 646 Graffeeindt
2778 587 2844 647 von
2872 589 2910 649 der
2938 595 3136 655 Margretha
3174 602 3249 662 Eirre
3288 605 3495 665 zugefignet

2417 675 2509 735 kindt
2532 667 2580 727 ist
2603 663 2660 723 mir
2696 662 2753 722 den
2788 667 2961 727 seuetario
2986 676 3228 736 auffgetragen
3251 673 3391 733 worden

2404 760 2475 820 Ihm
2527 748 2578 808 H.
2599 742 2631 802 V3
2661 740 2898 800 Groffewirt
2929 744 2959 804 zu
2981 748 3166 808 antworten,
3186 749 3248 809 daß
3289 746 3331 806 Er
3362 739 3423 799 sein

2403 845 2486 905 Sohn
2499 831 2652 891 allhier
2665 824 2748 884 sund
2774 820 3010 880 abbinßung
3052 818 3161 878 halte
3174 815 3314 875 solle.

2567 995 2807 1055 Sonstags
2838 991 2903 1051 den
2919 991 2999 1051 28.
3031 992 3190 1052 May.
3206 994 3352 1054 1733.

2723 1111 2935 1171 Prases.

2450 1254 2662 1314 Mhr
2747 1240 2931 1300 Frigher
2986 1234 3170 1294 Stücker

2738 1372 3017 1432 Assessores.

2456 1520 2559 1580 Me
2578 1507 2700 1567 RR.
2735 1493 2841 1553 Geo.

2434 1705 2648 1765 Wangen
2686 1695 2821 1755 Praf.
2850 1694 3025 1754 Weilen
3103 1696 3248 1756 Salome
3277 1699 3471 1759 Tchunher

2434 1794 2537 1854 laut
2582 1783 2788 1843 deßelben
2811 1777 2972 1837 schreben
3041 1775 3144 1835 fost
3166 1777 3247 1837 nach
3281 1778 3372 1838 Ihre

2413 1879 2572 1939 genißt
2613 1868 2692 1928 zum
2746 1864 2933 1924 Gatter
2972 1864 3066 1924 Ihre
3092 1866 3172 1926 zue
3199 1867 3292 1927 welt
3318 1866 3519 1926 gebohrnen

2429 1975 2561 2035 Lindts
2587 1968 2837 2028 ernambset.
2864 1957 3060 2017 Jhanneß
3114 1954 3271 2014 Cuncadt
3312 1958 3456 2018 welcher

2402 2057 2481 2117 aber
2510 2058 2618 2118 dieser
2667 2052 2865 2112 anklgdt
2904 2041 3101 2101 gäntzlich
3161 2035 3377 2095 verneinet

2372 2149 2447 2209 Alß
2472 2150 2561 2210 uid
2573 2149 2636 2209 min
2648 2147 2750 2207 gnädigen
2762 2143 2876 2203 Heren
2889 2141 2951 2201 daß
2988 2136 3140 2196 dieselbe
3179 2132 3266 2192 wohl
3291 2132 3482 2192 gethan,

2404 2254 2482 2314 daß
2536 2251 2569 2311 Er
2614 2249 2669 2309 die
2724 2246 2878 2306 Tioner
2923 2240 3099 2300 sambt
3121 2235 3177 2295 dem
3220 2230 3430 2290 Bastard

2383 2349 2472 2409 auß
2532 2343 2620 2403 deon
2649 2341 2783 2401 landt
2797 2338 2960 2398 führen
3004 2329 3183 2389 laßen,
