4032 3024
718 274 828 334 1obf

1053 343 1069 403 H
1152 335 1235 395 Sul
1268 330 1318 390 an
1351 324 1517 384 Mohff
1584 324 1651 384 die
1684 341 1917 401 Borgesetzte
1951 373 1968 433 P

1046 433 1154 493 undt
1172 428 1443 488 Kffestern
1496 424 1659 484 Sep.
1696 431 1840 491 Damil
1875 457 2076 517 Schunchen

718 508 956 568 Schumacher
988 494 1043 554 da¬

1044 535 1108 595 hin
1126 523 1485 583 Nagelschmidt
1519 520 1618 580 Von
1650 524 1796 584 allhier
1831 536 1913 596 hat
1929 543 1961 603 en
1977 551 2043 611 Ms

794 569 896 629 viel

1053 621 1133 681 umb
1167 612 1444 672 bewilligung
1478 612 1754 672 angehalten
1810 624 1868 684 sich
1891 631 1960 691 mit
1971 640 2052 700 Manin

722 655 856 715 dysl.
871 633 969 693 Anna

811 698 945 758 Mana

1049 705 1187 765 Grstl.
1202 704 1293 764 Bon
1355 701 1631 761 Hurgdorff
1661 707 1890 767 verfehrliche
1905 722 2013 782 zubun

1010 798 1138 858 Esie
1149 790 1195 850 abe
1218 787 1265 847 in
1276 784 1370 844 gnädigen
1381 782 1475 842 Herrn
1486 785 1695 845 ohnbetust
1730 793 1812 853 was
1847 803 1917 863 für
1929 816 2046 876 wiegen

1041 874 1157 934 rungs
1183 871 1337 931 grundt
1362 868 1428 928 Sie
1466 868 1660 928 darwider
1685 871 1774 931 habe
1801 880 1968 940 möchten

1029 980 1125 1040 also
1152 967 1344 1027 werdendt
1386 961 1441 1021 Sie
1469 959 1730 1019 freundtlich
1744 963 1895 1023 ersucht,
1922 966 2032 1026 fahls

1020 1066 1082 1126 Rie
1107 1063 1207 1123 dern
1233 1060 1371 1120 hatten
1395 1057 1545 1117 solein
1558 1057 1658 1117 gnädigen
1670 1055 1771 1115 Herren
1783 1054 1996 1114 schrifftlich

1021 1153 1208 1213 eingeben
1234 1144 1496 1204 zulasßen.

1027 1366 1219 1426 Inßan
1236 1361 1306 1421 H.
1342 1356 1571 1416 Washl.
1605 1348 1728 1408 Hanß
1782 1342 1957 1402 Bateman
1991 1338 2061 1398 von

1032 1460 1321 1520 Mintscheiner
1351 1454 1428 1514 hab
1458 1452 1473 1512 e
1550 1446 1610 1506 in
1640 1440 1732 1500 nen
1747 1434 1839 1494 Here
1869 1423 2054 1483 ngehalten,

712 1536 903 1596 Baleman
934 1538 1030 1598 Hans

1040 1554 1102 1614 sich
1134 1558 1208 1618 mit
1250 1558 1386 1618 Maria
1438 1549 1608 1609 Jampen
1649 1536 1755 1596 auch
1786 1525 1869 1585 von
1912 1515 1996 1575 allda

1059 1648 1305 1708 verEhelichen
1359 1649 1412 1709 zu
1456 1645 1670 1705 können.
1702 1626 1917 1686 Nachdemme
1938 1604 2003 1664 nun

715 1653 897 1713 Jampen
910 1642 1040 1702 Malia

989 1753 1202 1813 Menge
1227 1746 1266 1806 en
1278 1744 1366 1804 rohlb
1403 1738 1618 1798 deßelben
1680 1720 1895 1780 schriben,
1920 1692 2033 1752 alßode

1021 1841 1061 1901 in
1088 1841 1129 1901 16
1157 1843 1251 1903 1732
1307 1844 1347 1904 zu
1388 1843 1537 1903 Eolach
1564 1833 1783 1893 erichsete
1823 1801 2000 1861 Procedur

1020 1927 1244 1987 gedauket
1291 1939 1484 1999 habendt
1516 1935 1709 1995 dieselben
1724 1922 1820 1982 Ihme
1836 1905 1964 1965 solches
1980 1882 2078 1942 zu¬

1036 2017 1179 2077 mahlen
1205 2026 1335 2086 nichts
1374 2030 1751 2090 ohngebührliches
1777 2012 1881 2072 auff
1907 1991 2011 2051 Ihren

1018 2120 1190 2180 erlisen
1229 2128 1374 2188 worden
1439 2133 1664 2193 accordirt
1717 2105 1954 2165 bewondest
1967 2061 2046 2121 aber

994 2215 1110 2275 Ihme
1139 2221 1373 2281 auffragen
1404 2228 1549 2288 wollen
1608 2222 1755 2282 beyde
1798 2203 1885 2263 Wor
1916 2180 1973 2240 sich
1989 2156 2063 2216 zue¬

1023 2315 1243 2375 bescheiden,
1276 2323 1395 2383 Ihnen
1428 2326 1496 2386 die
1512 2326 1613 2386 seit
1629 2321 1714 2381 auß
1749 2300 1934 2360 sehehet
1950 2262 2051 2322 diese

1023 2425 1193 2485 Eernch
1244 2430 1390 2490 ede
1438 2432 1611 2492 isch
1733 2418 1757 2478 e
1828 2398 1879 2458 es
1950 2352 2076 2412 eshen

1003 2532 1151 2592 stollen
1208 2530 1311 2590 undt
1342 2531 1401 2591 Sie
1430 2531 1606 2591 dacvon
1649 2520 1856 2580 zubenden
1885 2477 2047 2537 trachsten

3371 384 3516 444 507l.

2408 443 2507 503 gehet
2523 446 2608 506 fan
2622 447 2695 507 mit
2709 449 2780 509 heil,
2794 452 2924 512 wonit,
2954 457 3025 517 vnde
3053 461 3098 521 Er
3112 466 3298 526 Vortheyen
3312 479 3499 539 fortJahren

2409 533 2567 593 laßsen.

2401 703 2510 763 Erlach
2535 696 2633 756 Pref.
2658 692 2805 752 Theodor
2829 693 3001 753 Bertram
3063 696 3136 756 habe
3148 698 3211 758 Eun
3247 702 3480 762 anforderung

2435 798 2471 858 an
2495 794 2545 854 der
2557 790 2642 850 Hrn
2654 784 2897 844 Pfordicanten
2909 781 3030 841 Keller
3068 781 3104 841 zu
3140 782 3213 842 St.
3225 786 3347 846 Johanß
3383 792 3480 852 Husul

2145 842 2300 902 Bertram
2331 829 2426 889 Teo¬

2430 886 2535 946 welche
2570 878 2652 938 aber
2675 873 2757 933 von
2780 868 2956 928 denselben
3004 866 3214 926 Conteatirt
3237 869 3331 929 wirdt,
3354 875 3460 935 dahero

2210 899 2297 959 ot.

2429 980 2593 1040 MeHen
2605 970 2681 1030 auff
2705 965 2756 1025 deß
2807 960 2996 1020 Bertrans
3022 959 3186 1019 erscheine
3211 961 3262 1021 den
3286 964 3350 1024 H.
3362 969 3477 1029 Praf.

2125 995 2223 1055 solle
2247 985 2297 1045 H.
2308 979 2393 1039 Pfar

2212 1047 2334 1107 ehab.

2421 1069 2652 1129 freundtlich
2676 1054 2835 1114 ersuchen
2859 1051 3004 1111 wollen,
3028 1051 3090 1111 die
3102 1051 3175 1111 sach
3187 1051 3261 1111 noch
3285 1048 3442 1108 habender

2413 1159 2642 1219 Competenz
2680 1141 2933 1201 zuerdauwen
2994 1138 3102 1198 undt
3139 1138 3224 1198 das
3248 1136 3429 1196 billichen

2400 1254 2541 1314 darin
2585 1235 2853 1295 zuhandlen.

2400 1439 2831 1499 Großhochstetten
2859 1423 2960 1483 undt
2974 1418 3261 1478 Kilchhindach
3289 1423 3389 1483 Lep¬

2411 1551 2591 1611 WeHr
2618 1532 2813 1592 olindt
2851 1518 2980 1578 Ihnen
2993 1514 3265 1574 auffgetragen
3303 1523 3419 1583 haben
3472 1538 3525 1598 den

2146 1558 2282 1618 Stäffen
2296 1556 2377 1616 Erge

2416 1638 2621 1698 Johanneß
2677 1618 2936 1678 Stuffehgger
2978 1607 3073 1667 Gon
3128 1604 3457 1664 Goßhochstetten

2180 1625 2399 1685 Johanneß.

2121 1710 2288 1770 Wyniger
2315 1699 2401 1759 Anat

2397 1728 2495 1788 undt
2526 1724 2634 1784 Anna
2674 1717 2862 1777 Wyniger
2882 1710 2971 1770 Oßen
3011 1701 3288 1761 Kilchlindoch
3317 1696 3426 1756 welche

2387 1814 2451 1874 dem
2493 1810 2611 1870 fosten
2686 1806 2750 1866 Ihr
2782 1802 2901 1862 kindt
2943 1796 3137 1856 suhignet
3190 1792 3265 1852 Vo
3308 1788 3459 1848 heut¬

2379 1903 2575 1963 überacht
2604 1898 2632 1958 vo
2674 1895 2717 1955 v0
2843 1888 3011 1948 neHren
3041 1883 3139 1943 albten
3153 1882 3195 1942 zu
3209 1880 3351 1940 laßen.

2361 2118 2493 2178 Lentz
2522 2116 2639 2176 birg.
2653 2113 2787 2173 Pref.
2815 2110 2918 2170 Auß
2947 2107 3152 2167 deßelben
3181 2097 3343 2157 schreiben
3372 2088 3461 2148 undt

2426 2217 2689 2277 beygelegenem
2768 2209 2926 2269 bericht
2952 2207 3031 2267 von
3057 2206 3149 2266 Herren
3162 2203 3386 2263 Ppfarherr

2130 2224 2236 2284 Hausz
2263 2224 2383 2284 Andesß

2416 2318 2464 2378 zu
2511 2312 2669 2372 Sengen
2752 2304 2908 2364 habende
2932 2296 3101 2356 MenHen
3125 2290 3328 2350 ene,
3340 2288 3472 2348 welcher

2126 2317 2183 2377 Fis
2206 2318 2252 2378 ser
2276 2318 2403 2378 Maria.

2375 2412 2593 2472 gestalten
2625 2408 2781 2468 Mana
2812 2399 2952 2459 Erischer
2983 2390 3077 2450 von
3108 2381 3279 2441 demmeil
3312 2378 3388 2438 Ihr
