4032 3024
726 283 819 343 508
845 284 898 344 f.

1011 350 1187 410 survelt
1224 346 1414 406 gebohrnes
1451 342 1602 402 Kindt,
1614 343 1639 403 so
1664 349 1753 409 wohl
1790 363 1891 423 Stod:
1903 382 1979 442 also
1992 408 2081 468 In¬

1033 443 1091 503 der
1106 441 1283 501 Geußt
1312 439 1591 499 zugefignet
1634 444 1737 504 habe,
1766 454 1840 514 dem
1869 483 2105 543 Andershugen

1015 536 1164 596 welcher
1193 540 1253 600 Ihr
1283 541 1372 601 auch
1417 539 1492 599 die
1521 541 1610 601 Ehe
1641 547 1865 607 zugesaget
1894 567 1983 627 habe,
1998 587 2089 647 wehen

1040 637 1135 697 aber
1149 639 1217 699 sich
1244 641 1409 701 äußert
1449 644 1613 704 Landts
1640 650 1818 710 befinde
1859 658 1926 718 und
1940 667 2051 727 mann

1023 747 1132 807 sein
1147 739 1410 799 aufEnthalt
1441 739 1517 799 nit
1534 742 1688 802 wüßen
1719 751 1843 811 beine
1919 769 2043 829 derten

1027 857 1088 917 So
1103 845 1276 905 habendt
1306 839 1431 899 Mehl
1523 841 1586 901 Iha
1663 847 1757 907 das
1772 855 1897 915 Kindt
1912 862 1975 922 und
1991 866 2085 926 disen

1045 938 1285 998 erhaltung
1312 934 1352 994 so
1366 935 1472 995 lang
1498 943 1793 1003 überlaßen,
1819 950 1886 1010 biß
1927 953 2060 1013 Sieinen

1034 1036 1309 1096 geständigen
1334 1033 1530 1093 Vatter
1570 1038 1715 1098 deßen
1740 1040 1832 1100 Vtor
1870 1041 1936 1101 den
1949 1039 2053 1099 Richte

1055 1136 1177 1196 stellen
1209 1132 1343 1192 werde,
1376 1132 1409 1192 so
1443 1132 1586 1192 hiemit
1630 1135 1697 1195 den
1730 1136 1807 1196 H.
1829 1139 2028 1199 Landtvogt

1030 1240 1076 1300 in
1101 1238 1289 1298 antwort
1337 1231 1562 1291 verdeütet
1585 1232 1741 1292 wirdt:

1077 1478 1335 1538 Grandson:
1347 1478 1464 1538 Auß
1514 1477 1643 1537 seinem
1682 1473 1850 1533 schreben
1863 1466 1939 1526 undt
1966 1460 2068 1520 byr¬

1089 1571 1206 1631 legenes
1242 1571 1464 1631 Procedut
1501 1566 1582 1626 von
1629 1563 1700 1623 dem
1758 1553 1971 1613 Consistorio
1982 1546 2017 1606 zu

716 1586 885 1646 Maulaz
907 1588 1066 1648 Marque¬

1053 1666 1180 1726 Hiez
1238 1663 1407 1723 habendt
1450 1660 1521 1720 Ihr
1549 1656 1634 1716 nt
1662 1649 1861 1709 ersehen,
1875 1633 2073 1693 vormösten

839 1663 979 1723 athe.

1037 1757 1326 1817 Marquenthe
1372 1754 1595 1814 Maulaz
1650 1750 1751 1810 von
1785 1739 1930 1799 Villar
1963 1718 2075 1778 Bugen

1027 1852 1266 1912 bekantlich
1300 1847 1436 1907 worden
1561 1843 1629 1903 Ein
1652 1836 1800 1896 Kindt
1834 1818 1993 1878 außert

1033 1943 1166 2003 landts
1201 1948 1359 2008 gebohren
1394 1944 1611 2004 zuhaben,
1635 1933 1744 1993 undt
1781 1920 1852 1980 daß
1901 1899 2057 1959 daselbe

1014 2042 1066 2102 zu
1107 2050 1201 2110 Ele
1240 2054 1320 2114 Coid
1373 2050 1572 2110 getauft
1599 2040 1705 2100 undt
1733 2029 1799 2089 bey
1825 2013 1946 2073 Einem

1009 2143 1199 2203 gelüsten
1248 2152 1407 2212 David
1438 2148 1628 2208 Cuenoua
1676 2138 1692 2198 a
1740 2131 1787 2191 la
1802 2120 1899 2180 sole
1915 2107 1962 2167 au
1994 2091 2041 2151 fol

1013 2244 1207 2304 Gerdinget
1239 2253 1368 2313 seyn,
1401 2254 1595 2314 worüber
1627 2244 1774 2304 Ehrgl.
1805 2227 1902 2287 Ihne
1934 2206 1999 2266 dem

1007 2360 1316 2420 Ambtmann
1350 2369 1572 2429 befoehlen
1642 2356 1745 2416 habe
1778 2329 1951 2389 vollent
1984 2293 2035 2353 die

1010 2460 1238 2520 Meula,
1258 2469 1340 2529 noch
1360 2473 1422 2533 de
1465 2472 1669 2532 ordinung
1692 2461 1752 2521 de
1774 2450 1836 2510 Ao
1856 2429 1959 2489 171.
2001 2392 2064 2452 .

1015 2549 1083 2609 dir
1126 2556 1193 2616 den
1215 2563 1393 2623 Ghiste
1418 2565 1550 2625 fahr
1596 2551 1817 2611 begangen,
1842 2522 1907 2582 hir
1952 2484 2088 2544 bete

2171 1301 2220 1361 De
2233 1294 2365 1354 Venoge

2200 1361 2293 1421 Jeane
2319 1361 2413 1421 franc¬

2147 1433 2277 1493 Derian
2305 1433 2417 1493 Fran¬

2272 1474 2385 1534 cois.

3425 379 3534 439 509)

2411 460 2621 520 zuhalten,
2647 458 2713 518 und
2739 465 3027 525 nachterteselbe,
3040 478 3092 538 alß
3132 481 3197 541 Eine
3224 485 3263 545 die
3288 487 3342 547 den
3367 485 3498 545 Vatter

2422 541 2493 601 mit
2514 541 2749 601 hatnambsen
2789 549 2903 609 wollte
2933 556 3005 616 noch
3025 562 3107 622 will,
3128 566 3251 626 sambt
3272 568 3322 628 den
3342 566 3508 626 Pastard

2428 622 2486 682 auß
2511 623 2569 683 dem
2606 625 2724 685 Landt
2747 633 3031 693 zuverwesen,
3056 640 3257 700 beforderst
3280 641 3352 701 aber
3375 638 3495 698 nach¬

2423 718 2609 778 forschung
2649 718 2770 778 halten
2796 719 2822 779 zu
2850 721 2995 781 laßen,
3023 723 3063 783 ob
3089 725 3156 785 dar
3169 727 3290 787 Kindt
3303 728 3423 788 sulhte
3450 728 3531 788 Cain¬

2421 809 2598 869 gekaufft
2627 809 2706 869 undt
2725 809 2844 869 annoch
2864 811 2874 871 a
2903 811 2933 871 la
2962 812 3031 872 Cole
3060 814 3099 874 an
3130 814 3209 874 Tee
3257 810 3454 870 Verdinget

2416 910 2527 970 seye.
2543 903 2654 963 Wer
2672 899 2814 959 huthen
2830 899 2878 959 Er
2894 901 3023 961 kesten
3038 909 3183 969 vnde.

2417 1149 2616 1209 Iffesthen
2661 1142 2783 1202 Pras.
2813 1141 2890 1201 Sonh
2952 1141 2982 1201 n
3012 1141 3089 1201 nie
3119 1141 3226 1201 eren
3241 1141 3288 1201 der
3303 1140 3456 1200 Conflict

2420 1246 2572 1306 zuschen
2622 1232 2764 1292 beyder
2816 1229 3050 1289 Consistoriis
3070 1229 3110 1289 La
3130 1228 3242 1288 saran
3262 1227 3354 1287 undt

2431 1338 2619 1398 Bautones
2631 1324 2857 1384 rrdauloret,
2868 1320 2998 1380 welchem
3033 1319 3116 1379 von
3163 1321 3281 1381 beyden
3317 1322 3364 1382 die
3387 1322 3507 1382 ferti¬

2431 1426 2525 1486 gung
2564 1423 2645 1483 deß
2700 1418 2929 1478 Consistoriol
2969 1417 3130 1477 handels
3172 1418 3307 1478 züsche
3346 1420 3440 1480 Jane

2411 1523 2593 1583 Francoise
2631 1514 2680 1574 de
2708 1510 2823 1570 Senoge
2871 1506 2937 1566 von
2967 1505 3148 1565 Lasara,
3158 1507 3264 1567 undt
3282 1511 3378 1571 Jean

2411 1614 2576 1674 Francois
2613 1605 2649 1665 de
2677 1601 2778 1661 Rias
2806 1598 2879 1658 Von
2907 1593 3137 1653 Baulmes,
3155 1589 3284 1649 welche
3330 1588 3385 1648 Sie
3413 1587 3468 1647 der

2408 1698 2696 1758 schwängerung
2727 1686 2845 1746 halb
2887 1679 3090 1739 beklaget,
3111 1678 3250 1738 obligen
3271 1679 3464 1739 solle.

2386 1793 2480 1853 haben
2517 1786 2552 1846 e
2576 1782 2648 1842 ndige
2671 1777 2755 1837 Herre
2767 1774 2874 1834 ebet,
2897 1772 3016 1832 wielen
3065 1769 3124 1829 die
3149 1768 3303 1828 Venoge
3326 1766 3410 1826 von

2389 1870 2540 1930 Jungen
2621 1863 2736 1923 Kindt
2760 1861 2876 1921 auff
2899 1859 2922 1919 s
2979 1858 3165 1918 Beaulmes
3199 1858 3442 1918 auffErzoge

2391 1953 2516 2013 worden
2592 1949 2668 2009 der
2680 1946 2820 2006 fähles
2844 1945 2933 2005 auch
2957 1945 3084 2005 allda
3148 1949 3374 2009 begangen

2401 2038 2500 2098 undt
2522 2036 2678 2096 dättens
2724 2036 2801 2096 der
2847 2036 3047 2096 Beklagte
3080 2036 3170 2096 auch
3192 2038 3247 2098 sich
3280 2038 3381 2098 allda

2395 2141 2576 2201 befinde,
2589 2136 2653 2196 alß
2693 2134 2796 2194 solle
2822 2134 2900 2194 auß
2938 2134 3029 2194 diese
3067 2134 3288 2194 fründe,
3313 2127 3430 2187 dieser

2380 2239 2584 2299 Ehorhandel
2644 2230 2746 2290 hinder
2778 2228 2992 2288 Aeanines
3032 2227 3154 2287 gerecht
3164 2222 3328 2282 fertiget
3358 2209 3492 2269 werden,

2376 2337 2508 2397 deße
2535 2332 2574 2392 der
2602 2330 2667 2390 H.
2694 2326 2800 2386 Prof.
2825 2320 2971 2380 berichtet
2999 2315 3104 2375 werde
3143 2311 3223 2371 mit
3237 2307 3409 2367 ersinnen

2371 2431 2484 2491 solhe
2518 2422 2583 2482 dem
2615 2416 2846 2476 Convirtorin
2878 2416 2910 2476 zu
2945 2416 3042 2476 Ihren
3058 2415 3224 2475 Verhalt
3256 2409 3487 2469 uröffen.
