4032 3024
752 310 818 370 50
834 309 902 369 f.

716 544 799 604 Stoß
852 528 987 588 Rosina

726 645 841 705 Rupp
868 627 1056 687 Johannes,

767 1861 831 1921 ob
870 1850 948 1910 d.

781 2383 819 2443 ob
848 2381 907 2441 1e.

1043 388 1195 448 Jhehil
1235 379 1272 439 an
1310 371 1483 431 Much
1579 373 1752 433 ehiteh
1810 390 1866 450 er
1885 407 1981 467 ae
2020 441 2098 501 en

1077 484 1223 544 Weilen
1270 478 1392 538 durch
1416 473 1672 533 mennommene
1721 494 2047 554 Kundtschafften

1080 573 1283 633 zugsamb
1316 568 1451 628 hruß
1502 563 1654 623 kommen
1670 565 1721 625 in
1754 571 1822 631 bes
1857 583 1924 643 furd
1941 604 2060 664 finen

1055 684 1271 744 fegerlichen
1311 672 1433 732 undt
1473 664 1744 724 Verdächtigen
1757 670 1948 730 umbgang
1975 688 2028 748 die

1041 791 1189 851 Rosina
1230 773 1485 833 Stoßundt
1525 767 1782 827 Johanneß
1835 772 1958 832 Rusp
1971 776 2024 836 für

1050 878 1123 938 heit
1148 871 1247 931 dahar
1283 868 1370 928 mit
1394 868 1615 928 Einander
1652 871 1836 931 gelebet,
1849 875 1923 935 Alß
1947 878 2058 938 habende

1019 980 1199 1040 Rh.
1228 970 1272 1030 zu
1303 967 1393 1027 Ihro
1437 967 1735 1027 verhoffender
1764 973 2065 1033 bestrungehet

1037 1100 1118 1160 daß
1160 1086 1227 1146 Sie
1254 1081 1296 1141 zu
1336 1076 1609 1136 Empsachung
1649 1079 1705 1139 40
1732 1081 1841 1141 trihn
1855 1081 1895 1141 in
1909 1080 1978 1140 den

1035 1192 1341 1252 schweilgstuhl
1403 1183 1601 1243 gesetzet
1632 1182 1739 1242 undt
1754 1178 1953 1238 nachtortt
1968 1171 2030 1231 für

1056 1292 1112 1352 Ein
1139 1288 1224 1348 halb
1251 1285 1322 1345 Jahr
1350 1283 1391 1343 an
1419 1282 1476 1342 die
1517 1278 1797 1338 Bfürstuben
1854 1268 1966 1328 gethan
1994 1258 2077 1318 weden

1041 1390 1147 1450 solle
1186 1388 1332 1448 welches
1371 1388 1410 1448 zu
1451 1384 1740 1444 veranstalten
1807 1374 1846 1434 Er
1899 1361 2072 1421 Matl.

1036 1499 1228 1559 Stitohl
1257 1492 1477 1552 Verwalte
1504 1480 1683 1540 ersucht
1724 1467 1875 1527 werde.

1082 1711 1210 1771 edul
1238 1708 1279 1768 an
1307 1702 1562 1762 MeHHf.
1591 1694 1647 1754 die
1689 1682 1916 1742 vorgesetzte
1944 1668 1973 1728 E.
1987 1665 2001 1725 l

1001 1730 1018 1790 I

1046 1812 1384 1872 Ersellschafft
1421 1808 1497 1868 zum
1534 1804 1686 1864 diffen,
1723 1795 1817 1855 Sie
1836 1784 1967 1844 deße
1985 1765 2080 1825 beßh

1060 1917 1166 1977 umb
1194 1920 1274 1980 nach
1327 1919 1662 1979 Verfließung
1689 1905 1823 1965 obiger
1864 1887 1957 1947 Zeith
1970 1872 2051 1932 auff

1032 2022 1107 2082 Ihr
1136 2026 1299 2086 läbtese
1328 2026 1477 2086 ahten
1506 2019 1730 2079 zulaßen
1773 2001 1862 2061 oder
1877 1980 2040 2040 abernach

1053 2129 1357 2189 gstaltsamme
1393 2126 1461 2186 die
1494 2123 1563 2183 sach
1596 2115 1681 2175 mit
1697 2107 1799 2167 Ihre
1834 2080 2073 2140 zubersfahen

1018 2347 1139 2407 Dedu
1245 2349 1278 2409 n
1331 2354 1401 2414 e
1418 2358 1521 2418 Hre
1574 2360 1591 2420 e
1921 2325 1957 2385 e
1991 2298 2080 2358 sen

1048 2441 1283 2501 Dinctori.
1312 2453 1399 2513 Sie
1428 2458 1575 2518 daßen
1589 2458 1679 2518 auch
1708 2443 1912 2503 berichte.
1928 2399 2045 2459 Vndt

1045 2524 1141 2584 hele
1159 2531 1207 2591 so
1223 2537 1321 2597 wohl
1353 2544 1418 2604 der
1450 2548 1612 2608 Soßit
1662 2536 1807 2596 Statte
1823 2516 1905 2576 als
1937 2494 1969 2554 e
2019 2456 2101 2516 oese

2251 1075 2313 1135 nit
2336 1074 2390 1134 nur

2147 2092 2347 2152 Him̄man̄

2202 2146 2301 2206 Jacob

2131 2223 2228 2283 Jacob
2257 2231 2384 2291 Petr.

3398 404 3521 464 541.

2426 485 2460 545 Er
2482 487 2598 547 diesen
2609 487 2643 547 so
2654 491 2860 551 anstößigen
2884 496 3057 556 läblieser
3068 501 3216 561 Commoiet,
3229 505 3285 565 alß
3308 509 3446 569 habendt

2416 580 2566 640 Melen
2592 578 2818 638 otigerachtet,
2832 583 2945 643 solches
2957 586 2996 646 en
3008 590 3108 650 gnädigen
3121 595 3209 655 heren
3272 600 3322 660 dr
3348 604 3486 664 behörger

2425 670 2632 730 Reflection
2670 670 2719 730 bey
2743 671 2793 731 dem
2829 673 2964 733 Groffel
2990 679 3161 739 Allmose
3186 687 3284 747 Stät
3322 695 3518 755 Vortragen

2438 755 2473 815 zu
2496 754 2620 814 laßen.

2413 887 2605 947 Aubeist
2623 886 2718 946 wegn
2736 887 2799 947 deß
2831 891 3106 951 duppeserobet
3122 897 3250 957 worde,
3266 899 3331 959 daß
3363 899 3476 959 Ernoh

2424 979 2529 1039 acht
2553 981 2611 1041 tag
2634 982 2669 1042 in
2705 984 2763 1044 der
2787 986 3116 1046 Gefangeschafft
3151 986 3372 1046 verbleiben,
3385 985 3467 1045 alle

2437 1066 2541 1126 dieser
2553 1069 2605 1129 sach
2637 1072 2742 1132 halb
2763 1073 2995 1133 ergangene,
3006 1072 3143 1132 sondern
3153 1072 3217 1132 auf
3238 1072 3291 1132 die
3312 1073 3480 1133 Vergangen

2419 1162 2552 1222 Kösten
2591 1159 2763 1219 bezohlen,
2776 1159 2870 1219 undt
2909 1162 2976 1222 der
2989 1163 3320 1223 gefangenschafft
3334 1160 3440 1220 nicht

2423 1246 2561 1306 Erlase
2585 1244 2701 1304 werden
2735 1246 2840 1306 soll,
2863 1248 2921 1308 biß
2967 1252 3059 1312 alleß
3106 1253 3165 1313 bey
3199 1252 3292 1312 helte
3314 1247 3420 1307 undt

2423 1337 2795 1397 pfenngenwahtet
2807 1334 2864 1394 sein
2887 1333 2981 1393 wirdt
3016 1333 3109 1393 undt
3132 1333 3308 1393 nachtert
3342 1331 3413 1391 mit
3436 1329 3530 1389 für¬

2432 1434 2574 1494 schopfe
2610 1425 2728 1485 Census
2752 1421 2823 1481 mit
2858 1420 3072 1480 betrelung
3096 1420 3345 1480 angewesere
3357 1420 3512 1480 straff,

2427 1520 2514 1580 undt
2547 1517 2614 1577 daß
2668 1514 2746 1574 Ihme
2790 1513 2833 1573 bey
2867 1511 2965 1571 Erster
2988 1510 3119 1570 recidio
3153 1506 3262 1566 altes
3274 1504 3373 1564 undt

2390 1603 2511 1663 deiles
2539 1607 2634 1667 wede
2674 1607 2865 1667 zusammen
2878 1602 2999 1662 gegeben
3027 1594 3164 1654 worden.

2390 1745 2468 1805 N.
2496 1743 2535 1803 Es
2574 1741 2627 1801 hat
2653 1741 2849 1801 angehalten,
2864 1743 2942 1803 wegen
2955 1744 3047 1804 seine
3073 1745 3271 1805 Geschaffte
3297 1740 3376 1800 umb
3402 1733 3454 1793 die

2410 1833 2716 1893 lobtlaßung,
2739 1831 2775 1891 Er
2799 1831 2893 1891 wolle
2917 1832 3104 1892 deßflege
3141 1832 3211 1892 Ein
3271 1829 3423 1889 bürger

2418 1928 2557 1988 stelle,
2569 1925 2603 1985 10
2626 1925 2720 1985 Mhl
2790 1925 2859 1985 Ihme
2882 1927 2964 1987 auch
2999 1928 3186 1988 zugegeben
3197 1925 3278 1985 undt
3314 1919 3395 1979 hat

2400 2032 2573 2092 gestellt
2616 2025 2747 2085 zete
2789 2020 2906 2080 Jacob
2949 2017 3007 2077 de
3052 2014 3282 2074 Rimmerman
3326 2012 3385 2072 nm

2418 2132 2563 2192 wechhoff
2616 2126 2668 2186 bey
2709 2121 2787 2181 H.
2814 2114 2999 2174 Gehender
3038 2107 3184 2167 welcher
3197 2105 3395 2165 angelobt

2410 2234 2515 2294 kurg
2545 2228 2666 2288 zusein
2696 2223 2771 2283 und
2803 2221 2832 2281 in
2863 2218 2908 2278 14
2954 2216 3044 2276 tage
3073 2215 3149 2275 für
3180 2215 3241 2275 den
3285 2217 3468 2277 Rupp¬

2398 2329 2695 2389 zubefahlen.

2359 2439 2528 2499 Mauft
2552 2444 2790 2504 künfftigen
2812 2440 2983 2500 Montag
3016 2437 3096 2497 söll
3130 2437 3174 2497 der
3198 2437 3345 2497 Corporal
3367 2442 3505 2502 Stoßen

2389 2518 2471 2578 kndt
2484 2522 2537 2582 sein
2563 2524 2685 2584 fhreute
2711 2527 2846 2587 Cwwit
2859 2527 2966 2587 worte
2981 2525 3022 2585 n
