4032 3024
731 288 803 348 510
826 288 887 348 f.

1026 385 1115 445 Ist
1136 367 1352 427 bendicht
1388 353 1553 413 büchl.
1589 356 1734 416 Einem
1751 379 1914 439 Funds
1952 427 2080 487 tale¬

1061 478 1155 538 beyn
1186 463 1438 523 Küchenhauß
1501 452 1769 512 auffhosogen
1799 473 1926 533 worden,
1942 507 2100 567 wilighe

706 522 844 582 Büchli
878 514 1003 574 bendich

1079 569 1148 629 mit
1162 565 1317 625 Berna
1372 558 1596 618 Schindler
1626 560 1722 620 von
1765 576 1975 636 Großhoch
1989 600 2044 660 sog

711 613 894 673 Schindter
926 595 1044 655 Berena

1021 663 1164 723 kirchen
1179 654 1310 714 recht
1338 649 1498 709 halten
1571 649 1599 709 zu
1627 652 1815 712 kömnen,
1844 664 1961 724 Jehoch
1975 673 2017 733 daß

1042 764 1088 824 Er
1106 758 1168 818 sich
1201 749 1455 809 hevorderst
1471 747 1581 807 umb
1612 749 1692 809 Ein
1708 754 1882 814 heinach
1931 764 2026 824 Reht

1048 853 1258 913 beterbe.

1067 1051 1182 1111 Jean
1225 1048 1385 1108 Jacques
1413 1045 1544 1105 Louis
1573 1043 1848 1103 Villenenfre
1891 1050 1963 1110 Eür

719 1124 894 1184 Villenen
915 1116 969 1176 fol.
991 1111 1046 1171 Jean

1058 1146 1301 1206 Refugirtes
1325 1140 1411 1200 auß
1447 1139 1520 1199 dem
1593 1141 1884 1201 Languedor,
1898 1142 1921 1202 so
1945 1141 2006 1201 die

747 1200 877 1260 Jacque
909 1184 1028 1244 Lonis

1068 1234 1238 1294 Janncton
1292 1231 1485 1291 Ghossied
1527 1229 1623 1289 Von
1677 1225 1858 1285 Grandsn
1891 1220 2063 1280 heitrahen

713 1306 900 1366 Bossier
929 1291 1047 1351 Jancto

1065 1322 1142 1382 will
1182 1322 1261 1382 ist
1287 1322 1417 1382 dahin
1444 1317 1640 1377 gelesen,
1665 1305 1887 1365 Entleders
1914 1293 1993 1353 fin¬

1024 1420 1292 1480 Attestation
1317 1415 1419 1475 Shon
1484 1410 1687 1470 Grandion
1752 1396 2020 1456 Vorzulieisen

1042 1522 1127 1582 daß
1174 1516 1224 1576 Sie
1247 1513 1320 1573 Ihnme
1344 1507 1489 1567 wollen
1525 1502 1610 1562 zum
1671 1498 1828 1558 burger
1852 1496 1997 1556 anenen

1051 1617 1144 1677 oder
1157 1618 1250 1678 aber,
1276 1615 1382 1675 Einen
1409 1608 1543 1668 Schein
1582 1599 1688 1659 von
1714 1591 1941 1651 allhiesigem

1041 1712 1189 1772 Commeni
1234 1718 1395 1778 Rath:

713 1903 788 1963 Och
814 1901 852 1961 Ro
877 1905 978 1965 sina,

1056 1907 1177 1967 bant
1214 1917 1265 1977 die
1301 1924 1460 1984 Rosina
1511 1924 1581 1984 Ocb
1616 1919 1844 1979 dinittit

1050 2092 1344 2152 aufkünfftig
1393 2095 1573 2155 Montag
1607 2089 1689 2149 soll
1705 2085 1752 2145 der
1786 2074 1934 2134 Chaer
1950 2053 2082 2113 Kese¬

715 2099 867 2159 Terasse
892 2098 997 2158 Charle

1059 2188 1116 2248 und
1157 2193 1235 2253 ein
1254 2198 1390 2258 fraubs
1409 2203 1468 2263 die
1487 2206 1546 2266 de
1565 2204 1703 2264 Cipen
1760 2188 1898 2248 Wit
1917 2159 2033 2219 bede

695 2208 818 2268 Liperi
852 2200 1028 2260 Eberhas.

839 2257 962 2317 dine.

1025 2285 1150 2345 tele
1170 2288 1222 2348 sie
1242 2290 1314 2350 sich
1349 2296 1456 2356 vider
1494 2299 1583 2359 das
1621 2291 1835 2351 Verbott
1855 2270 1927 2330 noch
1962 2247 2017 2307 fe

1017 2394 1179 2454 allhier
1218 2396 1480 2456 befinden.

3416 394 3555 454 113.

2434 440 2444 500 N
2505 433 2649 493 Cllisten
2670 433 2753 493 Heini
2783 435 2844 495 Von
2875 445 3082 505 Himmerbaldt,
3092 452 3122 512 so
3143 455 3184 515 die
3214 461 3307 521 Anna
3338 467 3503 527 Finmemman

2152 535 2257 595 Han.
2270 520 2434 580 Chisten.

2449 520 2528 580 von
2547 520 2645 580 belpe
2676 521 2803 581 ehelichen
2853 526 2922 586 soll
2951 529 3001 589 deß
3041 535 3247 595 Zimmerman
3287 541 3405 601 Gette

2140 608 2323 668 Pammerman
2346 593 2431 653 denna

2452 602 2687 662 hinwilligung
2717 609 2792 669 durch
2820 612 2915 672 einer
2944 617 3152 677 geschwornen
3190 624 3313 684 schreiber
3322 628 3455 688 gestelt

2444 684 2539 744 auff
2562 692 2753 752 kunfftigen
2764 696 2919 756 Montag
2954 701 3168 761 Gortwise,
3180 704 3251 764 oder
3275 706 3346 766 aber
3369 708 3417 768 sich

2436 776 2550 836 selbst
2575 775 2752 835 Perschnlich
2765 782 2930 842 stellen.

2450 915 2549 975 ahlt
2576 913 2633 973 die
2661 909 2816 969 barbare
2845 907 2987 967 Schwell
3001 907 3058 967 Ihr
3085 908 3282 968 aufferkest
3311 911 3368 971 beiß
3410 914 3437 974 10
3467 916 3524 976 tt.

2141 961 2283 1021 Thaell
2314 946 2435 1006 basbarn

2416 1078 2564 1138 langte
2600 1070 2770 1130 folgender
2793 1069 2920 1129 hedul
2965 1069 3045 1129 Ein:
3068 1070 3182 1130 Ehgl.
3205 1070 3332 1130 habend
3366 1068 3457 1128 auff

2449 1176 2612 1236 beschehen
2639 1166 2817 1226 Relation
2871 1165 2981 1225 undt
2994 1166 3252 1226 Geßänders
3266 1163 3511 1223 gestaltsamme

2149 1202 2309 1262 Kappeler
2329 1192 2426 1252 Kna.

2433 1273 2481 1333 der
2500 1263 2694 1323 beklagten
2732 1256 2839 1316 Anna
2869 1256 3023 1316 Kopeher
3052 1256 3198 1316 Burgern
3237 1254 3324 1314 von
3353 1250 3479 1310 Brugg

2390 1285 2433 1345 v.

2407 1357 2497 1417 zey
2524 1348 2642 1408 ledige
2669 1341 2796 1401 fähler
2823 1339 2923 1399 undt
2959 1335 3231 1395 sey-Ehebrüch
3276 1329 3438 1389 begangen

2422 1452 2476 1512 zu
2502 1445 2581 1505 habe
2607 1436 2752 1496 Erbeit,
2780 1432 2859 1492 daß
2898 1429 3031 1489 selbige
3057 1427 3162 1487 deßt
3189 1427 3269 1487 halb
3294 1426 3361 1486 für
3374 1425 3466 1485 Sehr

2404 1532 2575 1592 Jahbang
2615 1523 2693 1583 von
2720 1519 2839 1579 Grgl.
2865 1516 2970 1576 Stett
2996 1514 3075 1574 und
3114 1510 3273 1570 Landen
3312 1504 3471 1564 verleisen

2414 1618 2517 1678 undt
2530 1614 2611 1674 nach
2645 1609 2949 1669 verfließung
2995 1603 3112 1663 dieser
3124 1600 3217 1660 heith
3240 1597 3298 1657 nit
3322 1594 3414 1654 wider

2404 1702 2623 1762 Eigeloßen
2663 1701 2786 1761 werden
2813 1699 2923 1759 sollen
2949 1696 3058 1756 ohne
3086 1689 3303 1749 Vorweisung
3318 1680 3426 1740 guter

2393 1803 2574 1863 Zeügsamme
2597 1798 2654 1858 Ihres
2676 1794 2756 1854 wohl
2778 1790 2960 1850 verhaltens
2995 1787 3063 1847 der
3074 1783 3290 1843 menung,
3313 1778 3369 1838 daß
3415 1774 3460 1834 bey

2398 1899 2473 1959 den
2498 1892 2662 1952 Eintrtt
2701 1888 2726 1948 so
2764 1884 2865 1944 Einer
2878 1881 3091 1941 offentlichen
3104 1876 3369 1936 Depracation

2381 1994 2470 2054 von
2496 1990 2548 2050 der
2574 1984 2779 2044 gelogeten
2819 1978 3024 2038 gemeindt
3050 1975 3115 2035 Sie
3141 1973 3320 2033 Kappeles
3333 1972 3500 2032 gehalten

2373 2086 2491 2146 weden
2516 2083 2634 2143 solle,
2672 2081 2802 2141 deßen
2830 2080 2907 2140 Eho
2947 2078 3154 2138 MehlH.
3181 2078 3455 2138 verständiget

2378 2181 2497 2241 Libt
2539 2179 2671 2239 Actl.
2685 2177 2765 2237 26.
2791 2175 2926 2235 May.
2939 2167 3061 2227 173.

2378 2311 2479 2371 Soll
2518 2312 2568 2372 der
2593 2312 2758 2372 Steier
2784 2311 2848 2371 der
2873 2311 3126 2371 drgeschmidt,
3139 2308 3279 2368 welcher
3291 2305 3380 2365 laut
3405 2302 3469 2362 daß

2138 2317 2291 2377 Seiner

2352 2394 2465 2454 Mstr
2490 2396 2616 2456 Ziegler
2641 2398 2743 2458 klag
2768 2398 2932 2458 schlüßel
2969 2396 3197 2456 vefertiget
3222 2387 3499 2447 auffkunfftige

2382 2485 2548 2545 Montag
2576 2485 2839 2545 Chitont:
