4032 3024
695 288 845 348 54.

721 1015 905 1075 Hosstetter
931 1005 997 1065 Josg

712 1096 883 1156 Schneider
908 1085 1029 1145 Erbeth

689 2408 876 2468 Sprüngl.
890 2402 1024 2462 fastich¬

687 2483 800 2543 sener
826 2481 999 2541 Rosina.

1183 381 1463 441 Montags
1504 376 1565 436 den
1584 378 1645 438 1.
1666 385 1826 445 Junis
1848 401 1947 461 173

1408 507 1630 567 Pruesas

1055 637 1182 697 Mn
1200 627 1327 687 gdge
1382 623 1581 683 ernigher
1619 623 1818 683 Stuokr

1363 775 1654 835 Assessores.

1062 939 1140 999 Mo
1158 931 1252 991 HH.
1301 926 1395 986 e.
1429 925 1572 985 Cacp.
1603 926 1699 986 Dno
1731 928 1858 988 Proef.
1874 930 2051 990 Mitach.

1057 1043 1243 1103 Demnach
1280 1037 1430 1097 Josach
1467 1031 1692 1091 Hofstatter
1729 1028 1805 1088 von
1829 1030 1930 1090 Nider
1954 1032 2055 1092 Aut¬

1044 1141 1116 1201 und
1141 1136 1287 1196 Elsbeth
1323 1129 1542 1189 Schneider
1578 1121 1651 1181 von
1687 1116 1906 1176 Rothenach
1932 1114 1968 1174 E.
1980 1114 2042 1174 A.

1029 1233 1157 1293 hievor
1193 1226 1250 1286 sie
1286 1221 1357 1281 Ehe
1391 1213 1685 1273 versprochen,
1708 1208 1813 1268 deren
1849 1208 1895 1268 der
1918 1210 2096 1270 Hocfstallen

1024 1326 1103 1386 Ihre
1143 1319 1224 1379 auch
1250 1314 1318 1374 vor
1344 1309 1410 1369 der
1437 1304 1557 1364 Ehrb.
1584 1299 1612 1359 zu
1651 1290 1998 1350 Bartzogenbuchsen

1031 1417 1259 1477 bekantlich
1294 1410 1499 1470 gebesen,
1523 1405 1571 1465 sie
1606 1402 1667 1462 die
1691 1396 1918 1456 Schneidern
1943 1391 2003 1451 aber
2015 1390 2076 1450 vor¬

1034 1508 1119 1568 Unß
1169 1505 1242 1565 auß
1290 1499 1449 1559 beysorg
1499 1492 1535 1552 es
1573 1487 1708 1547 möchte
1732 1481 1829 1541 eine
1855 1478 2002 1538 schimme
2014 1477 2076 1537 Ehe¬

1027 1596 1189 1656 darauß
1226 1586 1464 1646 entstechen
1513 1577 1589 1637 von
1626 1569 1751 1629 dieser
1776 1563 1889 1623 Ihrer
1901 1554 2053 1614 geahr¬

1029 1684 1213 1744 mäsigen
1250 1674 1547 1734 eheansprach
1583 1660 1681 1720 und
1731 1650 1890 1710 darauf
1916 1642 2077 1702 erfolgten

1025 1781 1180 1841 ehntag
1222 1771 1492 1831 guthbillig
1519 1758 1845 1818 abgestanden,
1874 1750 1930 1810 daß
1958 1745 2071 1805 serebey

1010 1886 1067 1946 Me
1095 1879 1197 1939 edge
1226 1873 1372 1933 ene
1401 1869 1602 1929 Ehevress
1647 1860 1907 1920 aufgehebt,
1922 1841 2009 1901 beyde
2023 1828 2080 1888 lach

1023 1974 1090 2034 von
1116 1967 1328 2027 Einander
1369 1961 1555 2021 Erkent,
1581 1955 1661 2015 und
1687 1951 1728 2011 in
1754 1941 1887 2001 vorige
1914 1922 2060 1982 freiheit

1031 2065 1206 2125 gesehet,
1222 2059 1319 2119 Ihne
1350 2055 1573 2115 hofstetter
1604 2047 1701 2107 anbz
1732 2040 1813 2100 dahn
1844 2027 2004 2087 erfalt
2020 2012 2067 2072 ind

1007 2168 1082 2228 für
1131 2166 1182 2226 die
1218 2163 1356 2223 kosten
1405 2157 1480 2217 20.
1505 2152 1568 2212 F.
1592 2146 1631 2206 zu
1680 2130 1956 2190 entrichten.

1027 2266 1212 2326 Behogen
1228 2263 1378 2323 bätchen
1411 2259 1496 2319 Sie
1528 2255 1612 2315 daß
1646 2247 1796 2307 obigen
1813 2230 1963 2290 berichts

1035 2375 1108 2435 den
1154 2373 1273 2433 davtid
1302 2370 1527 2430 Spetingli
1542 2365 1617 2425 von
1646 2353 1855 2413 Zefingen
1870 2332 1945 2392 mit
1959 2311 2066 2371 Ifl¬

1007 2462 1168 2522 Posina
1211 2461 1343 2521 Jeuer
1400 2458 1474 2518 von
1504 2456 1635 2516 alhier
1665 2443 1810 2503 kirchen
1840 2422 1928 2482 eicht
1956 2398 2044 2458 gehab

1017 2542 1254 2602 bebilliget,
1285 2545 1403 2605 deßen
1434 2542 1553 2602 Zudel.
1568 2539 1611 2599 am
1656 2534 1731 2594 H.
1745 2525 1896 2585 Jochl.

2131 413 2228 473 Syhe
2256 379 2355 439 Hans
2396 353 2550 413 furnen
2580 344 2704 404 Cons.
2718 347 2916 407 Underenn
2943 356 2999 416 8t.
3026 364 3097 424 Jan.
3111 371 3252 431 letsthy
3279 378 3392 438 hafrde
3420 380 3433 440 z

2440 430 2489 490 Me
2514 426 2614 486 Hede
2639 425 2703 485 en
2715 425 2803 485 Hanß
2840 428 2953 488 aiefer
2965 432 3029 492 von
3053 437 3228 497 Suegistey
3253 442 3316 502 das
3341 443 3441 503 Ihme

2118 491 2207 551 sere
2251 453 2406 513 salits

2416 515 2476 575 von
2506 510 2558 570 der
2578 505 2710 565 Elsbeth
2740 505 2853 565 Kocher
2883 505 2955 565 von
2995 507 3085 567 Port
3107 509 3229 569 Ambts
3249 512 3391 572 Nydaub
3422 514 3504 574 zug¬

2415 587 2624 647 geeignete
2646 583 2735 643 kind
2767 583 2822 643 als
2844 583 3020 643 unhhelich
3054 586 3252 646 zubekent,
3285 591 3339 651 dah
3350 595 3450 655 ernädihe
3461 599 3526 659 hre

2398 670 2509 730 Ihnen
2544 666 2610 726 auf
2645 664 2689 724 der
2723 661 2869 721 Kocheen
2903 658 2981 718 oett
3016 658 3027 718 e
3094 658 3161 718 auf
3184 658 3307 718 tragen
3341 663 3464 723 wollen

2389 750 2475 810 Ihro
2513 743 2637 803 diesers
2661 739 2748 799 vind
2773 736 2860 796 nun
2897 733 3021 793 mehro
3045 733 3120 793 zur
3145 733 3307 793 veroffen
3331 736 3529 796 abziegung

2130 890 2243 950 Sinden
2274 871 2389 931 Cheison
2417 857 2646 917 Krgiserg
2677 853 2734 913 on
2762 853 2806 913 en
2835 853 2877 913 ne
2906 853 3021 913 gnädigen
3035 854 3137 914 Herde
3165 856 3195 916 Er
3209 854 3367 914 scheiben
3396 851 3455 911 bey¬

2410 932 2590 992 treffend
2618 925 2751 985 Christen
2788 920 2959 980 Bindens
3007 919 3072 979 und
3101 919 3196 979 Hanß
3233 920 3357 980 Risens
3395 925 3519 985 Streit¬

2109 977 2196 1037 dhr
2232 951 2334 1011 Rreiß

2419 1006 2556 1066 handel
2577 998 2789 1058 erdaubtet
2831 994 2905 1054 auch
2936 994 3136 1054 Partheyen
3158 994 3190 1054 in
3221 996 3401 1056 fernerem
3443 1000 3518 1060 Ver¬

2408 1083 2588 1143 nomen,
2611 1075 2739 1135 habind
2770 1071 2835 1131 Sie
2866 1068 3038 1128 Erkent,
3048 1067 3102 1127 daß
3134 1067 3176 1127 der
3197 1069 3305 1129 Risen
3327 1071 3433 1131 begen

2392 1162 2534 1222 seiner
2582 1152 2841 1212 begangenen
2877 1144 3138 1204 unslätheren
3184 1141 3267 1201 mit
3279 1141 3528 1201 aufzeibung

2397 1243 2513 1303 eines
2561 1231 2861 1291 Menstruierten
2890 1222 3045 1282 hembds
3084 1219 3161 1279 auch
3191 1219 3267 1279 begen
3286 1219 3364 1279 oMmin
3374 1219 3452 1279 gnädigen
3461 1219 3530 1279 Herr

2392 1332 2522 1392 wider
2547 1324 2606 1384 die
2629 1319 2737 1379 Ehrb.
2760 1312 2998 1372 außgesene
3034 1306 3152 1366 worth
3164 1303 3283 1363 allhier
3307 1303 3344 1363 5.
3367 1303 3426 1363 tag
3450 1303 3485 1363 ein

2391 1424 2448 1484 die
2484 1408 2855 1468 gefangenschafft
2878 1396 3064 1456 gesetzet,
3087 1393 3202 1453 froben
3227 1391 3284 1451 bey
3318 1390 3447 1450 seines

2398 1496 2699 1556 heimbkunfft
2725 1488 2762 1548 in
2800 1485 2914 1545 bechen
2951 1483 3001 1543 deß
3040 1481 3102 1541 H.
3127 1480 3379 1540 Amptmanß
3417 1480 3504 1540 eine

2386 1586 2556 1646 scharofe
2603 1571 2918 1631 Remonstrantz,
2942 1565 3027 1625 und
3064 1563 3100 1623 Er
3137 1562 3196 1622 dem
3245 1561 3391 1621 Zbinden
3415 1562 3537 1622 wer¬

2397 1680 2502 1740 allen
2548 1670 2713 1730 selbiger
2749 1661 2829 1721 Ihre
2854 1654 3088 1714 Emolumenta
3135 1648 3287 1708 bezahlen
3298 1646 3346 1706 4.
3369 1646 3417 1706 S.
3428 1648 3486 1708 ent
3533 1650 3593 1710 ¬

2397 1758 2521 1818 richten
2554 1753 2680 1813 solle,
2713 1748 2804 1808 und
2839 1745 2929 1805 fahls
2951 1744 2997 1804 der
3031 1739 3144 1799 Resen
3179 1735 3280 1795 nicht
3292 1729 3484 1789 gehiemen

2393 1842 2555 1902 wollte,
2578 1832 2742 1892 berdind
2777 1826 2824 1886 sie
2847 1822 2916 1882 sich
2941 1820 2998 1880 bey
3033 1817 3126 1877 Ihrem
3174 1813 3231 1873 H.
3254 1807 3465 1867 Barotsman

2394 1930 2507 1990 umb
2532 1922 2796 1982 gebührende
2823 1909 3137 1969 handegietung
3162 1900 3414 1960 anzumelden
3426 1899 3541 1959 besoeg¬

2503 2064 2619 2124 Cons.
2643 2059 2700 2119 Sie
2736 2052 2911 2112 ansinen
2934 2044 2993 2104 der
3028 2038 3110 2098 Ana
3156 2032 3390 2092 Zinermann
3402 2031 3530 2091 Vatter

2118 2078 2284 2138 Zmarns
2302 2075 2504 2135 Aanhlz

2396 2156 2467 2216 auf
2503 2149 2860 2209 nechstkommenden
2896 2131 3038 2191 sonstag
3063 2124 3122 2184 hat
3157 2120 3182 2180 zu
3217 2114 3385 2174 hallten.

2384 2279 2585 2339 Erisßbeil
2607 2275 2629 2335 o
2651 2272 2697 2332 in
2708 2268 2797 2328 gnädigen
2809 2262 2898 2322 Hern
2909 2254 3021 2314 habind
3054 2248 3111 2308 den
3133 2242 3257 2302 Caspar
3279 2237 3402 2297 Wirth
3424 2237 3513 2297 ihren

2107 2287 2208 2347 Wirth
2234 2291 2348 2351 Casfar

2391 2362 2685 2422 angehörigen,
2697 2352 2808 2412 belchen
2832 2345 2943 2405 Cathri
2957 2336 3104 2396 Schuehler
3116 2328 3191 2388 von
3215 2322 3449 2382 Madißbeild

2098 2359 2208 2419 Sieler
2235 2365 2345 2425 Catbr,

2391 2441 2478 2501 mit
2499 2434 2748 2494 zueignnung
2793 2423 2901 2483 ihreß
2944 2414 3075 2474 kindts
3107 2407 3162 2467 der
3184 2402 3249 2462 ehe
3271 2396 3379 2456 halben
3401 2389 3543 2449 angeg¬

2385 2529 2586 2589 Proches,
2599 2520 2686 2580 und
2711 2514 2763 2574 Er
2800 2505 2902 2565 solche
2939 2498 2964 2558 zu
3001 2491 3165 2551 Ehrlichen
3190 2485 3254 2545 vor
3279 2482 3329 2542 der
3354 2480 3543 2540 Ehrbahrens
