<?xml version="1.0" encoding="UTF-8" standalone="yes"?>
<PcGts xmlns="http://schema.primaresearch.org/PAGE/gts/pagecontent/2013-07-15" xmlns:xsi="http://www.w3.org/2001/XMLSchema-instance" xsi:schemaLocation="http://schema.primaresearch.org/PAGE/gts/pagecontent/2013-07-15 http://schema.primaresearch.org/PAGE/gts/pagecontent/2013-07-15/pagecontent.xsd">
    <Metadata>
        <Creator>prov=READ-COOP:name=PyLaia@TranskribusPlatform:version=0.6.0:model_id=38215:lm=none:date=22_11_2021_11:10
prov=READ-COOP:name=PyLaia@Transkribus:version=0.6.0:model_id=38215:date=22_11_2021_11:05
prov=University of Rostock/Institute of Mathematics/CITlab|PLANET AI GmbH/Tobias Gruening/tobias.gruening@planet-ai.de:name=de.uros.citlab.module.baseline2polygon.B2PSeamMultiOriented:v=2.6.7</Creator>
        <Created>2021-08-09T15:16:25.946+02:00</Created>
        <LastChange>2021-11-22T11:10:12.633+01:00</LastChange>
        <TranskribusMetadata docId="746917" pageId="28279693" pageNr="258" tsid="68401342" status="IN_PROGRESS" userId="537" imgUrl="https://files.transkribus.eu/Get?id=UPYUJBLPADCDHZCCOQWCIAXE&amp;fileType=view" xmlUrl="https://files.transkribus.eu/Get?id=IIGYDZAYVEGXDXLUPSALAMUF" imageId="22025174"/>
    </Metadata>
    <Page imageFilename="258.jpg" imageWidth="4032" imageHeight="3024">
        <ReadingOrder>
            <OrderedGroup id="ro_1687514975898" caption="Regions reading order">
                <RegionRefIndexed index="0" regionRef="r1"/>
                <RegionRefIndexed index="1" regionRef="r2"/>
                <RegionRefIndexed index="2" regionRef="r3"/>
                <RegionRefIndexed index="3" regionRef="r4"/>
            </OrderedGroup>
        </ReadingOrder>
        <TextRegion orientation="0.0" id="r1" custom="readingOrder {index:0;}">
            <Coords points="707,283 707,1476 1028,1476 1028,283"/>
            <TextLine id="r1l1" custom="readingOrder {index:0;}">
                <Coords points="714,396 736,400 778,380 802,384 811,376 838,376 862,387 854,248 796,232 775,247 761,241 750,253 705,259"/>
                <Baseline points="719,332 745,336 771,334 798,330 824,328 851,329"/>
                <Word id="r1l1_w1" custom="readingOrder {index:0;}">
                    <Coords points="714,290 714,350 872,350 872,290"/>
                    <TextEquiv>
                        <Unicode>5iff.</Unicode>
                    </TextEquiv>
                </Word>
                <TextEquiv>
                    <Unicode>5iff.</Unicode>
                </TextEquiv>
            </TextLine>
            <TextLine id="r1l2" custom="readingOrder {index:1;}">
                <Coords points="699,1378 809,1354 864,1365 904,1345 961,1363 1036,1353 1034,1266 1007,1260 934,1283 859,1271 839,1283 775,1255 717,1291 697,1286"/>
                <Baseline points="707,1353 733,1352 760,1350 787,1349 814,1349 840,1349 867,1349 894,1349 921,1349 947,1347 974,1347 1001,1345 1028,1343"/>
                <Word id="r1l2_w1" custom="readingOrder {index:0;}">
                    <Coords points="707,1309 707,1369 823,1369 823,1309"/>
                    <TextEquiv>
                        <Unicode>Verey</Unicode>
                    </TextEquiv>
                </Word>
                <Word id="r1l2_w2" custom="readingOrder {index:1;}">
                    <Coords points="855,1309 855,1369 928,1369 928,1309"/>
                    <TextEquiv>
                        <Unicode>Anne</Unicode>
                    </TextEquiv>
                </Word>
                <Word id="r1l2_w3" custom="readingOrder {index:2;}">
                    <Coords points="950,1305 950,1365 1034,1365 1034,1305"/>
                    <TextEquiv>
                        <Unicode>Lauim</Unicode>
                    </TextEquiv>
                </Word>
                <TextEquiv>
                    <Unicode>Verey Anne Lauim</Unicode>
                </TextEquiv>
            </TextLine>
            <TextLine id="r1l3" custom="readingOrder {index:2;}">
                <Coords points="705,1467 772,1461 856,1508 901,1464 914,1474 1016,1459 1013,1388 954,1385 928,1363 898,1389 874,1373 847,1386 809,1356 781,1369 761,1359 702,1390"/>
                <Baseline points="713,1454 739,1450 766,1448 793,1445 819,1443 846,1442 873,1440 900,1440 926,1440 953,1440 980,1440 1007,1442"/>
                <Word id="r1l3_w1" custom="readingOrder {index:0;}">
                    <Coords points="717,1404 717,1464 878,1464 878,1404"/>
                    <TextEquiv>
                        <Unicode>Schmidt</Unicode>
                    </TextEquiv>
                </Word>
                <Word id="r1l3_w2" custom="readingOrder {index:1;}">
                    <Coords points="905,1400 905,1460 1026,1460 1026,1400"/>
                    <TextEquiv>
                        <Unicode>Jacob.</Unicode>
                    </TextEquiv>
                </Word>
                <TextEquiv>
                    <Unicode>Schmidt Jacob.</Unicode>
                </TextEquiv>
            </TextLine>
            <TextEquiv>
                <Unicode></Unicode>
            </TextEquiv>
        </TextRegion>
        <TextRegion orientation="0.0" id="r2" custom="readingOrder {index:1;}">
            <Coords points="986,2038 986,2188 1002,2188 1002,2038"/>
            <TextLine id="r2l1" custom="readingOrder {index:0;}">
                <Coords points="977,2194 990,2194 994,2191 1000,2196 1010,2196 1010,2081 997,2081 987,2072 977,2072"/>
                <Baseline points="986,2138 1002,2138"/>
                <TextEquiv>
                    <Unicode></Unicode>
                </TextEquiv>
            </TextLine>
            <TextEquiv>
                <Unicode></Unicode>
            </TextEquiv>
        </TextRegion>
        <TextRegion orientation="0.0" id="r3" custom="readingOrder {index:2;}">
            <Coords points="1007,267 1007,2557 2078,2557 2078,267"/>
            <TextLine id="r3l1" custom="readingOrder {index:0;}">
                <Coords points="1028,353 1156,304 1742,307 2086,396 2089,326 1724,243 1600,275 1542,226 1320,218 1032,263"/>
                <Baseline points="1038,311 1090,309 1142,308 1194,306 1246,305 1298,303 1350,302 1402,300 1454,300 1506,300 1558,301 1610,302 1662,305 1714,309 1766,314 1818,321 1870,328 1922,338 1974,349 2026,363 2078,380"/>
                <Word id="r3l1_w1" custom="readingOrder {index:0;}">
                    <Coords points="1050,269 1050,329 1114,329 1114,269"/>
                    <TextEquiv>
                        <Unicode>sich</Unicode>
                    </TextEquiv>
                </Word>
                <Word id="r3l1_w2" custom="readingOrder {index:1;}">
                    <Coords points="1148,263 1148,323 1410,323 1410,263"/>
                    <TextEquiv>
                        <Unicode>erlauteret,</Unicode>
                    </TextEquiv>
                </Word>
                <Word id="r3l1_w3" custom="readingOrder {index:2;}">
                    <Coords points="1442,260 1442,320 1623,320 1623,260"/>
                    <TextEquiv>
                        <Unicode>selbern</Unicode>
                    </TextEquiv>
                </Word>
                <Word id="r3l1_w4" custom="readingOrder {index:3;}">
                    <Coords points="1656,267 1656,327 1738,327 1738,267"/>
                    <TextEquiv>
                        <Unicode>aber</Unicode>
                    </TextEquiv>
                </Word>
                <Word id="r3l1_w5" custom="readingOrder {index:4;}">
                    <Coords points="1770,278 1770,338 1835,338 1835,278"/>
                    <TextEquiv>
                        <Unicode>bein</Unicode>
                    </TextEquiv>
                </Word>
                <Word id="r3l1_w6" custom="readingOrder {index:5;}">
                    <Coords points="1869,298 1869,358 1984,358 1984,298"/>
                    <TextEquiv>
                        <Unicode>gnege</Unicode>
                    </TextEquiv>
                </Word>
                <Word id="r3l1_w7" custom="readingOrder {index:6;}">
                    <Coords points="2016,324 2016,384 2048,384 2048,324"/>
                    <TextEquiv>
                        <Unicode>li</Unicode>
                    </TextEquiv>
                </Word>
                <TextEquiv>
                    <Unicode>sich erlauteret, selbern aber bein gnege li</Unicode>
                </TextEquiv>
            </TextLine>
            <TextLine id="r3l2" custom="readingOrder {index:1;}">
                <Coords points="1041,411 1732,376 2053,445 2070,374 1641,302 1043,332"/>
                <Baseline points="1050,395 1100,392 1151,390 1201,387 1252,384 1302,381 1353,380 1403,377 1454,376 1504,375 1555,375 1605,375 1656,378 1706,380 1757,384 1807,388 1858,395 1908,402 1959,413 2009,424 2060,437"/>
                <Word id="r3l2_w1" custom="readingOrder {index:0;}">
                    <Coords points="1049,351 1049,411 1183,411 1183,351"/>
                    <TextEquiv>
                        <Unicode>ball,</Unicode>
                    </TextEquiv>
                </Word>
                <Word id="r3l2_w2" custom="readingOrder {index:1;}">
                    <Coords points="1202,343 1202,403 1314,403 1314,343"/>
                    <TextEquiv>
                        <Unicode>daho</Unicode>
                    </TextEquiv>
                </Word>
                <Word id="r3l2_w3" custom="readingOrder {index:2;}">
                    <Coords points="1336,336 1336,396 1563,396 1563,336"/>
                    <TextEquiv>
                        <Unicode>verselt,</Unicode>
                    </TextEquiv>
                </Word>
                <Word id="r3l2_w4" custom="readingOrder {index:3;}">
                    <Coords points="1582,335 1582,395 1641,395 1641,335"/>
                    <TextEquiv>
                        <Unicode>daß</Unicode>
                    </TextEquiv>
                </Word>
                <Word id="r3l2_w5" custom="readingOrder {index:4;}">
                    <Coords points="1678,343 1678,403 1812,403 1812,343"/>
                    <TextEquiv>
                        <Unicode>ersich</Unicode>
                    </TextEquiv>
                </Word>
                <Word id="r3l2_w6" custom="readingOrder {index:5;}">
                    <Coords points="1831,357 1831,417 1925,417 1925,357"/>
                    <TextEquiv>
                        <Unicode>sihe</Unicode>
                    </TextEquiv>
                </Word>
                <Word id="r3l2_w7" custom="readingOrder {index:6;}">
                    <Coords points="1965,378 1965,438 2002,438 2002,378"/>
                    <TextEquiv>
                        <Unicode>al</Unicode>
                    </TextEquiv>
                </Word>
                <Word id="r3l2_w8" custom="readingOrder {index:7;}">
                    <Coords points="2021,391 2021,451 2058,451 2058,391"/>
                    <TextEquiv>
                        <Unicode>de</Unicode>
                    </TextEquiv>
                </Word>
                <TextEquiv>
                    <Unicode>ball, daho verselt, daß ersich sihe al de</Unicode>
                </TextEquiv>
            </TextLine>
            <TextLine id="r3l3" custom="readingOrder {index:2;}">
                <Coords points="1051,483 1455,508 1504,470 1632,502 1831,472 1979,517 2051,497 2052,440 1908,409 1808,445 1613,384 1282,435 1052,413"/>
                <Baseline points="1059,477 1108,474 1157,471 1206,467 1255,464 1305,461 1354,458 1403,456 1452,455 1501,455 1551,455 1600,455 1649,456 1698,457 1747,460 1797,462 1846,467 1895,472 1944,478 1993,485 2043,494"/>
                <Word id="r3l3_w1" custom="readingOrder {index:0;}">
                    <Coords points="1052,433 1052,493 1183,493 1183,433"/>
                    <TextEquiv>
                        <Unicode>allhier</Unicode>
                    </TextEquiv>
                </Word>
                <Word id="r3l3_w2" custom="readingOrder {index:1;}">
                    <Coords points="1220,425 1220,485 1255,485 1255,425"/>
                    <TextEquiv>
                        <Unicode>in</Unicode>
                    </TextEquiv>
                </Word>
                <Word id="r3l3_w3" custom="readingOrder {index:2;}">
                    <Coords points="1316,418 1316,478 1376,478 1376,418"/>
                    <TextEquiv>
                        <Unicode>der</Unicode>
                    </TextEquiv>
                </Word>
                <Word id="r3l3_w4" custom="readingOrder {index:3;}">
                    <Coords points="1413,415 1413,475 1557,475 1557,415"/>
                    <TextEquiv>
                        <Unicode>großen</Unicode>
                    </TextEquiv>
                </Word>
                <Word id="r3l3_w5" custom="readingOrder {index:4;}">
                    <Coords points="1580,416 1580,476 1725,476 1725,416"/>
                    <TextEquiv>
                        <Unicode>kirchen</Unicode>
                    </TextEquiv>
                </Word>
                <Word id="r3l3_w6" custom="readingOrder {index:5;}">
                    <Coords points="1760,422 1760,482 1845,482 1845,422"/>
                    <TextEquiv>
                        <Unicode>mit</Unicode>
                    </TextEquiv>
                </Word>
                <Word id="r3l3_w7" custom="readingOrder {index:6;}">
                    <Coords points="1857,431 1857,491 1917,491 1917,431"/>
                    <TextEquiv>
                        <Unicode>der</Unicode>
                    </TextEquiv>
                </Word>
                <Word id="r3l3_w8" custom="readingOrder {index:7;}">
                    <Coords points="1941,446 1941,506 2062,506 2062,446"/>
                    <TextEquiv>
                        <Unicode>Gueher</Unicode>
                    </TextEquiv>
                </Word>
                <TextEquiv>
                    <Unicode>allhier in der großen kirchen mit der Gueher</Unicode>
                </TextEquiv>
            </TextLine>
            <TextLine id="r3l4" custom="readingOrder {index:3;}">
                <Coords points="1035,592 1154,554 1337,587 1481,539 1703,573 1768,540 1903,579 1952,548 2057,600 2074,525 1964,474 1767,511 1585,468 1404,517 1298,476 1246,516 1193,472 1035,498"/>
                <Baseline points="1043,566 1094,559 1145,554 1196,551 1247,546 1298,543 1349,539 1401,537 1452,536 1503,534 1554,534 1605,535 1656,536 1707,539 1759,542 1810,544 1861,548 1912,555 1963,560 2014,567 2066,575"/>
                <Word id="r3l4_w1" custom="readingOrder {index:0;}">
                    <Coords points="1047,516 1047,576 1194,576 1194,516"/>
                    <TextEquiv>
                        <Unicode>Ehelich</Unicode>
                    </TextEquiv>
                </Word>
                <Word id="r3l4_w2" custom="readingOrder {index:1;}">
                    <Coords points="1229,499 1229,559 1456,559 1456,499"/>
                    <TextEquiv>
                        <Unicode>einsegnen</Unicode>
                    </TextEquiv>
                </Word>
                <Word id="r3l4_w3" custom="readingOrder {index:2;}">
                    <Coords points="1480,494 1480,554 1604,554 1604,494"/>
                    <TextEquiv>
                        <Unicode>laßen</Unicode>
                    </TextEquiv>
                </Word>
                <Word id="r3l4_w4" custom="readingOrder {index:3;}">
                    <Coords points="1638,498 1638,558 1764,558 1764,498"/>
                    <TextEquiv>
                        <Unicode>solle,</Unicode>
                    </TextEquiv>
                </Word>
                <Word id="r3l4_w5" custom="readingOrder {index:4;}">
                    <Coords points="1787,507 1787,567 1913,567 1913,507"/>
                    <TextEquiv>
                        <Unicode>belches</Unicode>
                    </TextEquiv>
                </Word>
                <Word id="r3l4_w6" custom="readingOrder {index:5;}">
                    <Coords points="1924,523 1924,583 2048,583 2048,523"/>
                    <TextEquiv>
                        <Unicode>Erabe</Unicode>
                    </TextEquiv>
                </Word>
                <TextEquiv>
                    <Unicode>Ehelich einsegnen laßen solle, belches Erabe</Unicode>
                </TextEquiv>
            </TextLine>
            <TextLine id="r3l5" custom="readingOrder {index:4;}">
                <Coords points="1047,653 1166,675 1268,634 1341,674 1547,613 1799,675 1964,629 2046,657 2074,599 1949,551 1727,588 1506,545 1369,596 1237,549 1047,622"/>
                <Baseline points="1056,651 1106,644 1157,639 1207,634 1258,630 1308,627 1359,624 1409,622 1460,620 1510,620 1561,620 1611,620 1662,621 1712,623 1763,624 1813,626 1864,629 1914,633 1965,636 2015,641 2066,644"/>
                <Word id="r3l5_w1" custom="readingOrder {index:0;}">
                    <Coords points="1060,603 1060,663 1163,663 1163,603"/>
                    <TextEquiv>
                        <Unicode>nicht</Unicode>
                    </TextEquiv>
                </Word>
                <Word id="r3l5_w2" custom="readingOrder {index:1;}">
                    <Coords points="1188,591 1188,651 1291,651 1291,591"/>
                    <TextEquiv>
                        <Unicode>habe</Unicode>
                    </TextEquiv>
                </Word>
                <Word id="r3l5_w3" custom="readingOrder {index:2;}">
                    <Coords points="1326,581 1326,641 1525,641 1525,581"/>
                    <TextEquiv>
                        <Unicode>erstatten</Unicode>
                    </TextEquiv>
                </Word>
                <Word id="r3l5_w4" custom="readingOrder {index:3;}">
                    <Coords points="1559,580 1559,640 1734,640 1734,580"/>
                    <TextEquiv>
                        <Unicode>wollen,</Unicode>
                    </TextEquiv>
                </Word>
                <Word id="r3l5_w5" custom="readingOrder {index:4;}">
                    <Coords points="1757,584 1757,644 1804,644 1804,584"/>
                    <TextEquiv>
                        <Unicode>da</Unicode>
                    </TextEquiv>
                </Word>
                <Word id="r3l5_w6" custom="readingOrder {index:5;}">
                    <Coords points="1839,588 1839,648 1885,648 1885,588"/>
                    <TextEquiv>
                        <Unicode>in</Unicode>
                    </TextEquiv>
                </Word>
                <Word id="r3l5_w7" custom="readingOrder {index:6;}">
                    <Coords points="1896,594 1896,654 1990,654 1990,594"/>
                    <TextEquiv>
                        <Unicode>gnädigen</Unicode>
                    </TextEquiv>
                </Word>
                <Word id="r3l5_w8" custom="readingOrder {index:7;}">
                    <Coords points="2001,602 2001,662 2084,662 2084,602"/>
                    <TextEquiv>
                        <Unicode>Herr</Unicode>
                    </TextEquiv>
                </Word>
                <TextEquiv>
                    <Unicode>nicht habe erstatten wollen, da in gnädigen Herr</Unicode>
                </TextEquiv>
            </TextLine>
            <TextLine id="r3l6" custom="readingOrder {index:5;}">
                <Coords points="1021,797 1243,718 1437,753 1767,725 1804,759 1912,708 2075,723 2074,655 1918,626 1800,674 1593,629 1429,686 1257,639 1020,673"/>
                <Baseline points="1029,744 1080,736 1132,729 1184,723 1236,717 1288,714 1340,711 1391,709 1443,707 1495,707 1547,705 1599,707 1651,707 1703,708 1754,710 1806,713 1858,715 1910,718 1962,720 2014,723 2066,726"/>
                <Word id="r3l6_w1" custom="readingOrder {index:0;}">
                    <Coords points="1034,695 1034,755 1136,755 1136,695"/>
                    <TextEquiv>
                        <Unicode>Ihne</Unicode>
                    </TextEquiv>
                </Word>
                <Word id="r3l6_w2" custom="readingOrder {index:1;}">
                    <Coords points="1186,680 1186,740 1223,740 1223,680"/>
                    <TextEquiv>
                        <Unicode>so</Unicode>
                    </TextEquiv>
                </Word>
                <Word id="r3l6_w3" custom="readingOrder {index:2;}">
                    <Coords points="1250,672 1250,732 1362,732 1362,672"/>
                    <TextEquiv>
                        <Unicode>lang</Unicode>
                    </TextEquiv>
                </Word>
                <Word id="r3l6_w4" custom="readingOrder {index:3;}">
                    <Coords points="1389,667 1389,727 1590,727 1590,667"/>
                    <TextEquiv>
                        <Unicode>einsetzen</Unicode>
                    </TextEquiv>
                </Word>
                <Word id="r3l6_w5" custom="readingOrder {index:4;}">
                    <Coords points="1616,667 1616,727 1768,727 1768,667"/>
                    <TextEquiv>
                        <Unicode>laßen,</Unicode>
                    </TextEquiv>
                </Word>
                <Word id="r3l6_w6" custom="readingOrder {index:5;}">
                    <Coords points="1780,673 1780,733 1843,733 1843,673"/>
                    <TextEquiv>
                        <Unicode>biß</Unicode>
                    </TextEquiv>
                </Word>
                <Word id="r3l6_w7" custom="readingOrder {index:6;}">
                    <Coords points="1882,677 1882,737 1919,737 1919,677"/>
                    <TextEquiv>
                        <Unicode>Er</Unicode>
                    </TextEquiv>
                </Word>
                <Word id="r3l6_w8" custom="readingOrder {index:7;}">
                    <Coords points="1944,681 1944,741 2033,741 2033,681"/>
                    <TextEquiv>
                        <Unicode>Ihrer</Unicode>
                    </TextEquiv>
                </Word>
                <TextEquiv>
                    <Unicode>Ihne so lang einsetzen laßen, biß Er Ihrer</Unicode>
                </TextEquiv>
            </TextLine>
            <TextLine id="r3l7" custom="readingOrder {index:6;}">
                <Coords points="1025,874 1332,794 1925,793 2077,828 2076,738 1912,708 1806,759 1761,725 1649,761 1552,727 1270,781 1166,732 1025,795"/>
                <Baseline points="1034,827 1085,820 1137,814 1189,807 1241,803 1292,798 1344,795 1396,791 1448,789 1499,788 1551,786 1603,786 1655,786 1706,788 1758,789 1810,792 1862,795 1913,801 1965,806 2017,812 2069,819"/>
                <Word id="r3l7_w1" custom="readingOrder {index:0;}">
                    <Coords points="1038,767 1038,827 1326,827 1326,767"/>
                    <TextEquiv>
                        <Unicode>Erkandtnuß</Unicode>
                    </TextEquiv>
                </Word>
                <Word id="r3l7_w2" custom="readingOrder {index:1;}">
                    <Coords points="1387,747 1387,807 1651,807 1651,747"/>
                    <TextEquiv>
                        <Unicode>nachkommen</Unicode>
                    </TextEquiv>
                </Word>
                <Word id="r3l7_w3" custom="readingOrder {index:2;}">
                    <Coords points="1689,748 1689,808 1773,808 1773,748"/>
                    <TextEquiv>
                        <Unicode>und</Unicode>
                    </TextEquiv>
                </Word>
                <Word id="r3l7_w4" custom="readingOrder {index:3;}">
                    <Coords points="1797,753 1797,813 1868,813 1868,753"/>
                    <TextEquiv>
                        <Unicode>sein</Unicode>
                    </TextEquiv>
                </Word>
                <Word id="r3l7_w5" custom="readingOrder {index:4;}">
                    <Coords points="1893,764 1893,824 2002,824 2002,764"/>
                    <TextEquiv>
                        <Unicode>Absten</Unicode>
                    </TextEquiv>
                </Word>
                <Word id="r3l7_w6" custom="readingOrder {index:5;}">
                    <Coords points="2014,776 2014,836 2087,836 2087,776"/>
                    <TextEquiv>
                        <Unicode>ge¬</Unicode>
                    </TextEquiv>
                </Word>
                <TextEquiv>
                    <Unicode>Erkandtnuß nachkommen und sein Absten ge¬</Unicode>
                </TextEquiv>
            </TextLine>
            <TextLine id="r3l8" custom="readingOrder {index:7;}">
                <Coords points="1030,950 1490,877 1614,937 1702,868 2072,928 2069,833 1924,793 1642,794 1543,844 1435,803 1323,855 1270,814 1028,874"/>
                <Baseline points="1037,908 1088,905 1139,902 1190,898 1242,894 1293,890 1344,887 1396,881 1447,878 1498,875 1550,872 1601,870 1652,869 1703,869 1755,869 1806,869 1857,872 1909,875 1960,881 2011,887 2063,894"/>
                <Word id="r3l8_w1" custom="readingOrder {index:0;}">
                    <Coords points="1045,863 1045,923 1171,923 1171,863"/>
                    <TextEquiv>
                        <Unicode>leget</Unicode>
                    </TextEquiv>
                </Word>
                <Word id="r3l8_w2" custom="readingOrder {index:1;}">
                    <Coords points="1185,853 1185,913 1310,913 1310,853"/>
                    <TextEquiv>
                        <Unicode>haben</Unicode>
                    </TextEquiv>
                </Word>
                <Word id="r3l8_w3" custom="readingOrder {index:2;}">
                    <Coords points="1339,839 1339,899 1521,899 1521,839"/>
                    <TextEquiv>
                        <Unicode>werde,</Unicode>
                    </TextEquiv>
                </Word>
                <Word id="r3l8_w4" custom="readingOrder {index:3;}">
                    <Coords points="1549,829 1549,889 1689,889 1689,829"/>
                    <TextEquiv>
                        <Unicode>Welch</Unicode>
                    </TextEquiv>
                </Word>
                <Word id="r3l8_w5" custom="readingOrder {index:4;}">
                    <Coords points="1716,829 1716,889 1829,889 1829,829"/>
                    <TextEquiv>
                        <Unicode>obiges</Unicode>
                    </TextEquiv>
                </Word>
                <Word id="r3l8_w6" custom="readingOrder {index:5;}">
                    <Coords points="1857,833 1857,893 1912,893 1912,833"/>
                    <TextEquiv>
                        <Unicode>die</Unicode>
                    </TextEquiv>
                </Word>
                <Word id="r3l8_w7" custom="readingOrder {index:6;}">
                    <Coords points="1926,846 1926,906 2082,906 2082,846"/>
                    <TextEquiv>
                        <Unicode>Ehrbahr¬</Unicode>
                    </TextEquiv>
                </Word>
                <TextEquiv>
                    <Unicode>leget haben werde, Welch obiges die Ehrbahr¬</Unicode>
                </TextEquiv>
            </TextLine>
            <TextLine id="r3l9" custom="readingOrder {index:8;}">
                <Coords points="1033,1039 1105,1054 1258,987 1336,1014 1462,981 1719,1031 1791,992 1921,1011 1916,876 1790,939 1686,899 1547,940 1457,885 1269,953 1103,933 1030,964"/>
                <Baseline points="1040,993 1083,990 1127,986 1170,984 1214,981 1257,979 1301,977 1344,975 1388,974 1431,972 1475,971 1518,969 1562,968 1605,968 1649,966 1692,966 1736,965 1779,963 1823,963 1866,962 1910,960"/>
                <Word id="r3l9_w1" custom="readingOrder {index:0;}">
                    <Coords points="1032,949 1032,1009 1138,1009 1138,949"/>
                    <TextEquiv>
                        <Unicode>keit</Unicode>
                    </TextEquiv>
                </Word>
                <Word id="r3l9_w2" custom="readingOrder {index:1;}">
                    <Coords points="1164,939 1164,999 1309,999 1309,939"/>
                    <TextEquiv>
                        <Unicode>seinen</Unicode>
                    </TextEquiv>
                </Word>
                <Word id="r3l9_w3" custom="readingOrder {index:2;}">
                    <Coords points="1349,931 1349,991 1547,991 1547,931"/>
                    <TextEquiv>
                        <Unicode>ellteren</Unicode>
                    </TextEquiv>
                </Word>
                <Word id="r3l9_w4" custom="readingOrder {index:3;}">
                    <Coords points="1573,926 1573,986 1784,986 1784,926"/>
                    <TextEquiv>
                        <Unicode>eröffnen</Unicode>
                    </TextEquiv>
                </Word>
                <Word id="r3l9_w5" custom="readingOrder {index:4;}">
                    <Coords points="1797,922 1797,982 1931,982 1931,922"/>
                    <TextEquiv>
                        <Unicode>solle.</Unicode>
                    </TextEquiv>
                </Word>
                <TextEquiv>
                    <Unicode>keit seinen ellteren eröffnen solle.</Unicode>
                </TextEquiv>
            </TextLine>
            <TextLine id="r3l10" custom="readingOrder {index:9;}">
                <Coords points="1006,1224 1624,1189 1721,1243 1915,1191 2060,1229 2060,1115 1453,1108 1416,1140 1322,1099 1202,1132 1007,1064"/>
                <Baseline points="1014,1206 1065,1203 1117,1200 1169,1197 1221,1194 1273,1192 1325,1191 1377,1190 1429,1188 1481,1188 1533,1188 1584,1188 1636,1190 1688,1191 1740,1193 1792,1196 1844,1198 1896,1202 1948,1205 2000,1209 2052,1212"/>
                <Word id="r3l10_w1" custom="readingOrder {index:0;}">
                    <Coords points="1023,1155 1023,1215 1362,1215 1362,1155"/>
                    <TextEquiv>
                        <Unicode>Neulenburg</Unicode>
                    </TextEquiv>
                </Word>
                <Word id="r3l10_w2" custom="readingOrder {index:1;}">
                    <Coords points="1390,1148 1390,1208 1503,1208 1503,1148"/>
                    <TextEquiv>
                        <Unicode>sons:</Unicode>
                    </TextEquiv>
                </Word>
                <Word id="r3l10_w3" custom="readingOrder {index:2;}">
                    <Coords points="1533,1148 1533,1208 1645,1208 1645,1148"/>
                    <TextEquiv>
                        <Unicode>Gor</Unicode>
                    </TextEquiv>
                </Word>
                <Word id="r3l10_w4" custom="readingOrder {index:3;}">
                    <Coords points="1673,1152 1673,1212 1772,1212 1772,1152"/>
                    <TextEquiv>
                        <Unicode>Unß</Unicode>
                    </TextEquiv>
                </Word>
                <Word id="r3l10_w5" custom="readingOrder {index:4;}">
                    <Coords points="1814,1163 1814,1223 2040,1223 2040,1163"/>
                    <TextEquiv>
                        <Unicode>isterschuen</Unicode>
                    </TextEquiv>
                </Word>
                <TextEquiv>
                    <Unicode>Neulenburg sons: Gor Unß isterschuen</Unicode>
                </TextEquiv>
            </TextLine>
            <TextLine id="r3l11" custom="readingOrder {index:10;}">
                <Coords points="1035,1317 1162,1284 1239,1332 1339,1285 1451,1337 1564,1276 1993,1297 2038,1281 2038,1214 1894,1195 1826,1251 1615,1202 1500,1247 1245,1195 1035,1263"/>
                <Baseline points="1043,1289 1092,1287 1141,1287 1191,1286 1240,1284 1289,1284 1339,1284 1388,1283 1437,1282 1487,1281 1536,1281 1585,1281 1635,1280 1684,1280 1733,1280 1783,1280 1832,1280 1881,1281 1931,1281 1980,1281 2030,1283"/>
                <Word id="r3l11_w1" custom="readingOrder {index:0;}">
                    <Coords points="1047,1247 1047,1307 1139,1307 1139,1247"/>
                    <TextEquiv>
                        <Unicode>Ane</Unicode>
                    </TextEquiv>
                </Word>
                <Word id="r3l11_w2" custom="readingOrder {index:1;}">
                    <Coords points="1185,1244 1185,1304 1323,1304 1323,1244"/>
                    <TextEquiv>
                        <Unicode>Aougre</Unicode>
                    </TextEquiv>
                </Word>
                <Word id="r3l11_w3" custom="readingOrder {index:2;}">
                    <Coords points="1357,1242 1357,1302 1484,1302 1484,1242"/>
                    <TextEquiv>
                        <Unicode>Perey</Unicode>
                    </TextEquiv>
                </Word>
                <Word id="r3l11_w4" custom="readingOrder {index:3;}">
                    <Coords points="1542,1240 1542,1300 1645,1300 1645,1240"/>
                    <TextEquiv>
                        <Unicode>Von</Unicode>
                    </TextEquiv>
                </Word>
                <Word id="r3l11_w5" custom="readingOrder {index:4;}">
                    <Coords points="1714,1240 1714,1300 1863,1300 1863,1240"/>
                    <TextEquiv>
                        <Unicode>Orens</Unicode>
                    </TextEquiv>
                </Word>
                <Word id="r3l11_w6" custom="readingOrder {index:5;}">
                    <Coords points="1897,1241 1897,1301 2035,1301 2035,1241"/>
                    <TextEquiv>
                        <Unicode>Ambts</Unicode>
                    </TextEquiv>
                </Word>
                <TextEquiv>
                    <Unicode>Ane Aougre Perey Von Orens Ambts</Unicode>
                </TextEquiv>
            </TextLine>
            <TextLine id="r3l12" custom="readingOrder {index:11;}">
                <Coords points="1068,1411 1603,1365 1690,1419 1778,1359 1862,1425 1925,1367 2040,1356 2039,1281 1701,1289 1422,1351 1065,1304"/>
                <Baseline points="1076,1383 1123,1381 1171,1379 1219,1377 1267,1375 1315,1374 1363,1373 1410,1371 1458,1370 1506,1368 1554,1368 1602,1367 1650,1366 1698,1365 1745,1364 1793,1364 1841,1362 1889,1361 1937,1361 1985,1359 2033,1358"/>
                <Word id="r3l12_w1" custom="readingOrder {index:0;}">
                    <Coords points="1065,1339 1065,1399 1237,1399 1237,1339"/>
                    <TextEquiv>
                        <Unicode>Pffethen</Unicode>
                    </TextEquiv>
                </Word>
                <Word id="r3l12_w2" custom="readingOrder {index:1;}">
                    <Coords points="1324,1331 1324,1391 1465,1391 1465,1331"/>
                    <TextEquiv>
                        <Unicode>Unsere</Unicode>
                    </TextEquiv>
                </Word>
                <Word id="r3l12_w3" custom="readingOrder {index:2;}">
                    <Coords points="1498,1326 1498,1386 1757,1386 1757,1326"/>
                    <TextEquiv>
                        <Unicode>angehörige</Unicode>
                    </TextEquiv>
                </Word>
                <Word id="r3l12_w4" custom="readingOrder {index:3;}">
                    <Coords points="1800,1321 1800,1381 1929,1381 1929,1321"/>
                    <TextEquiv>
                        <Unicode>welche</Unicode>
                    </TextEquiv>
                </Word>
                <Word id="r3l12_w5" custom="readingOrder {index:4;}">
                    <Coords points="1952,1319 1952,1379 2005,1379 2005,1319"/>
                    <TextEquiv>
                        <Unicode>mit</Unicode>
                    </TextEquiv>
                </Word>
                <TextEquiv>
                    <Unicode>Pffethen Unsere angehörige welche mit</Unicode>
                </TextEquiv>
            </TextLine>
            <TextLine id="r3l13" custom="readingOrder {index:12;}">
                <Coords points="1041,1508 1344,1457 1779,1495 2030,1439 2028,1354 1918,1363 1852,1423 1589,1381 1482,1430 1387,1399 1238,1448 1130,1388 1039,1439"/>
                <Baseline points="1049,1475 1097,1472 1146,1470 1194,1469 1243,1467 1292,1467 1340,1467 1389,1467 1437,1467 1486,1467 1535,1467 1583,1467 1632,1467 1680,1466 1729,1464 1778,1463 1826,1460 1875,1455 1923,1451 1972,1445 2021,1437"/>
                <Word id="r3l13_w1" custom="readingOrder {index:0;}">
                    <Coords points="1041,1429 1041,1489 1312,1489 1312,1429"/>
                    <TextEquiv>
                        <Unicode>hufignung</Unicode>
                    </TextEquiv>
                </Word>
                <Word id="r3l13_w2" custom="readingOrder {index:1;}">
                    <Coords points="1352,1427 1352,1487 1429,1487 1429,1427"/>
                    <TextEquiv>
                        <Unicode>phrr</Unicode>
                    </TextEquiv>
                </Word>
                <Word id="r3l13_w3" custom="readingOrder {index:2;}">
                    <Coords points="1469,1427 1469,1487 1650,1487 1650,1427"/>
                    <TextEquiv>
                        <Unicode>kindts</Unicode>
                    </TextEquiv>
                </Word>
                <Word id="r3l13_w4" custom="readingOrder {index:3;}">
                    <Coords points="1676,1424 1676,1484 1740,1484 1740,1424"/>
                    <TextEquiv>
                        <Unicode>der</Unicode>
                    </TextEquiv>
                </Word>
                <Word id="r3l13_w5" custom="readingOrder {index:4;}">
                    <Coords points="1767,1421 1767,1481 1831,1481 1831,1421"/>
                    <TextEquiv>
                        <Unicode>ehe</Unicode>
                    </TextEquiv>
                </Word>
                <Word id="r3l13_w6" custom="readingOrder {index:5;}">
                    <Coords points="1844,1411 1844,1471 1987,1471 1987,1411"/>
                    <TextEquiv>
                        <Unicode>halben</Unicode>
                    </TextEquiv>
                </Word>
                <TextEquiv>
                    <Unicode>hufignung phrr kindts der ehe halben</Unicode>
                </TextEquiv>
            </TextLine>
            <TextLine id="r3l14" custom="readingOrder {index:13;}">
                <Coords points="1043,1630 1230,1572 1415,1562 1565,1612 1617,1567 2023,1562 2036,1485 1915,1513 1837,1463 1791,1498 1513,1481 1353,1535 1267,1469 1174,1463 1040,1526"/>
                <Baseline points="1049,1571 1098,1571 1147,1571 1196,1569 1245,1569 1294,1569 1343,1568 1392,1568 1441,1566 1490,1566 1539,1565 1588,1565 1637,1563 1686,1562 1735,1560 1784,1559 1833,1556 1882,1554 1931,1550 1980,1547 2030,1544"/>
                <Word id="r3l14_w1" custom="readingOrder {index:0;}">
                    <Coords points="1042,1530 1042,1590 1280,1590 1280,1530"/>
                    <TextEquiv>
                        <Unicode>auffricht,</Unicode>
                    </TextEquiv>
                </Word>
                <Word id="r3l14_w2" custom="readingOrder {index:1;}">
                    <Coords points="1306,1528 1306,1588 1332,1588 1332,1528"/>
                    <TextEquiv>
                        <Unicode>so</Unicode>
                    </TextEquiv>
                </Word>
                <Word id="r3l14_w3" custom="readingOrder {index:2;}">
                    <Coords points="1347,1528 1347,1588 1411,1588 1411,1528"/>
                    <TextEquiv>
                        <Unicode>sich</Unicode>
                    </TextEquiv>
                </Word>
                <Word id="r3l14_w4" custom="readingOrder {index:3;}">
                    <Coords points="1439,1525 1439,1585 1649,1585 1649,1525"/>
                    <TextEquiv>
                        <Unicode>dißmahl</Unicode>
                    </TextEquiv>
                </Word>
                <Word id="r3l14_w5" custom="readingOrder {index:4;}">
                    <Coords points="1690,1521 1690,1581 1729,1581 1729,1521"/>
                    <TextEquiv>
                        <Unicode>in</Unicode>
                    </TextEquiv>
                </Word>
                <Word id="r3l14_w6" custom="readingOrder {index:5;}">
                    <Coords points="1756,1515 1756,1575 1928,1575 1928,1515"/>
                    <TextEquiv>
                        <Unicode>Püterl.</Unicode>
                    </TextEquiv>
                </Word>
                <Word id="r3l14_w7" custom="readingOrder {index:6;}">
                    <Coords points="1941,1506 1941,1566 2020,1566 2020,1506"/>
                    <TextEquiv>
                        <Unicode>Ratt</Unicode>
                    </TextEquiv>
                </Word>
                <TextEquiv>
                    <Unicode>auffricht, so sich dißmahl in Püterl. Ratt</Unicode>
                </TextEquiv>
            </TextLine>
            <TextLine id="r3l15" custom="readingOrder {index:14;}">
                <Coords points="1029,1661 1303,1673 1391,1719 1525,1668 2036,1653 2034,1590 1940,1571 1663,1582 1605,1638 1501,1575 1330,1565 1028,1623"/>
                <Baseline points="1037,1658 1086,1661 1136,1662 1185,1665 1235,1667 1284,1667 1334,1668 1383,1668 1433,1667 1482,1665 1532,1664 1581,1662 1631,1660 1680,1657 1730,1655 1779,1652 1829,1648 1878,1644 1928,1640 1977,1637 2027,1632"/>
                <Word id="r3l15_w1" custom="readingOrder {index:0;}">
                    <Coords points="1041,1619 1041,1679 1076,1679 1076,1619"/>
                    <TextEquiv>
                        <Unicode>in</Unicode>
                    </TextEquiv>
                </Word>
                <Word id="r3l15_w2" custom="readingOrder {index:1;}">
                    <Coords points="1100,1624 1100,1684 1244,1684 1244,1624"/>
                    <TextEquiv>
                        <Unicode>diestes</Unicode>
                    </TextEquiv>
                </Word>
                <Word id="r3l15_w3" custom="readingOrder {index:2;}">
                    <Coords points="1291,1628 1291,1688 1447,1688 1447,1628"/>
                    <TextEquiv>
                        <Unicode>beyH.</Unicode>
                    </TextEquiv>
                </Word>
                <Word id="r3l15_w4" custom="readingOrder {index:3;}">
                    <Coords points="1470,1621 1470,1681 1698,1681 1698,1621"/>
                    <TextEquiv>
                        <Unicode>Mouchet</Unicode>
                    </TextEquiv>
                </Word>
                <Word id="r3l15_w5" custom="readingOrder {index:4;}">
                    <Coords points="1722,1607 1722,1667 1948,1667 1948,1607"/>
                    <TextEquiv>
                        <Unicode>auffhalten</Unicode>
                    </TextEquiv>
                </Word>
                <Word id="r3l15_w6" custom="readingOrder {index:5;}">
                    <Coords points="1962,1594 1962,1654 2046,1654 2046,1594"/>
                    <TextEquiv>
                        <Unicode>pell.</Unicode>
                    </TextEquiv>
                </Word>
                <TextEquiv>
                    <Unicode>in diestes beyH. Mouchet auffhalten pell.</Unicode>
                </TextEquiv>
            </TextLine>
            <TextLine id="r3l16" custom="readingOrder {index:15;}">
                <Coords points="1029,1759 1129,1806 1233,1751 1321,1793 1497,1746 1588,1797 1629,1754 2066,1728 2026,1679 1923,1706 1810,1664 1757,1703 1648,1664 1606,1706 1523,1672 1414,1724 1254,1670 1186,1714 1134,1680 1028,1719"/>
                <Baseline points="1037,1748 1088,1750 1139,1754 1190,1756 1241,1757 1292,1758 1343,1758 1394,1758 1445,1757 1496,1755 1547,1754 1598,1752 1649,1749 1700,1747 1751,1743 1802,1740 1853,1736 1904,1733 1955,1729 2006,1724 2057,1719"/>
                <Word id="r3l16_w1" custom="readingOrder {index:0;}">
                    <Coords points="1039,1710 1039,1770 1145,1770 1145,1710"/>
                    <TextEquiv>
                        <Unicode>miht</Unicode>
                    </TextEquiv>
                </Word>
                <Word id="r3l16_w2" custom="readingOrder {index:1;}">
                    <Coords points="1167,1716 1167,1776 1219,1776 1219,1716"/>
                    <TextEquiv>
                        <Unicode>hat</Unicode>
                    </TextEquiv>
                </Word>
                <Word id="r3l16_w3" custom="readingOrder {index:2;}">
                    <Coords points="1263,1718 1263,1778 1349,1778 1349,1718"/>
                    <TextEquiv>
                        <Unicode>Unß</Unicode>
                    </TextEquiv>
                </Word>
                <Word id="r3l16_w4" custom="readingOrder {index:3;}">
                    <Coords points="1401,1717 1401,1777 1487,1777 1487,1717"/>
                    <TextEquiv>
                        <Unicode>auch</Unicode>
                    </TextEquiv>
                </Word>
                <Word id="r3l16_w5" custom="readingOrder {index:4;}">
                    <Coords points="1529,1708 1529,1768 1818,1768 1818,1708"/>
                    <TextEquiv>
                        <Unicode>warscheinlich</Unicode>
                    </TextEquiv>
                </Word>
                <Word id="r3l16_w6" custom="readingOrder {index:5;}">
                    <Coords points="1850,1690 1850,1750 2011,1750 2011,1690"/>
                    <TextEquiv>
                        <Unicode>gemacht</Unicode>
                    </TextEquiv>
                </Word>
                <TextEquiv>
                    <Unicode>miht hat Unß auch warscheinlich gemacht</Unicode>
                </TextEquiv>
            </TextLine>
            <TextLine id="r3l17" custom="readingOrder {index:16;}">
                <Coords points="1022,1899 1112,1842 1284,1890 1408,1844 1734,1842 1785,1882 1868,1821 2065,1823 2034,1719 1782,1745 1694,1812 1498,1746 1353,1813 1295,1779 1131,1810 1018,1763"/>
                <Baseline points="1028,1841 1079,1842 1130,1844 1182,1845 1233,1845 1285,1845 1336,1845 1388,1845 1439,1844 1491,1842 1542,1841 1593,1839 1645,1837 1696,1835 1748,1832 1799,1829 1851,1825 1902,1821 1954,1817 2005,1813 2057,1808"/>
                <Word id="r3l17_w1" custom="readingOrder {index:0;}">
                    <Coords points="1034,1801 1034,1861 1102,1861 1102,1801"/>
                    <TextEquiv>
                        <Unicode>daß</Unicode>
                    </TextEquiv>
                </Word>
                <Word id="r3l17_w2" custom="readingOrder {index:1;}">
                    <Coords points="1142,1804 1142,1864 1210,1864 1210,1804"/>
                    <TextEquiv>
                        <Unicode>die</Unicode>
                    </TextEquiv>
                </Word>
                <Word id="r3l17_w3" custom="readingOrder {index:2;}">
                    <Coords points="1236,1805 1236,1865 1317,1865 1317,1805"/>
                    <TextEquiv>
                        <Unicode>drey</Unicode>
                    </TextEquiv>
                </Word>
                <Word id="r3l17_w4" custom="readingOrder {index:3;}">
                    <Coords points="1357,1801 1357,1861 1682,1861 1682,1801"/>
                    <TextEquiv>
                        <Unicode>Verkündungen</Unicode>
                    </TextEquiv>
                </Word>
                <Word id="r3l17_w5" custom="readingOrder {index:4;}">
                    <Coords points="1708,1788 1708,1848 1912,1848 1912,1788"/>
                    <TextEquiv>
                        <Unicode>würblich</Unicode>
                    </TextEquiv>
                </Word>
                <Word id="r3l17_w6" custom="readingOrder {index:5;}">
                    <Coords points="1939,1772 1939,1832 2075,1832 2075,1772"/>
                    <TextEquiv>
                        <Unicode>fambbi¬</Unicode>
                    </TextEquiv>
                </Word>
                <TextEquiv>
                    <Unicode>daß die drey Verkündungen würblich fambbi¬</Unicode>
                </TextEquiv>
            </TextLine>
            <TextLine id="r3l18" custom="readingOrder {index:17;}">
                <Coords points="1021,2004 1147,1942 1786,1945 2035,1904 2045,1825 1862,1834 1795,1885 1722,1841 1347,1917 1088,1871 1017,1902"/>
                <Baseline points="1026,1935 1076,1935 1127,1935 1178,1937 1228,1937 1279,1937 1330,1935 1380,1935 1431,1934 1482,1933 1533,1932 1583,1929 1634,1928 1685,1925 1735,1922 1786,1918 1837,1915 1887,1910 1938,1905 1989,1901 2040,1893"/>
                <Word id="r3l18_w1" custom="readingOrder {index:0;}">
                    <Coords points="1029,1895 1029,1955 1118,1955 1118,1895"/>
                    <TextEquiv>
                        <Unicode>lich</Unicode>
                    </TextEquiv>
                </Word>
                <Word id="r3l18_w2" custom="readingOrder {index:1;}">
                    <Coords points="1129,1897 1129,1957 1318,1957 1318,1897"/>
                    <TextEquiv>
                        <Unicode>ergangen</Unicode>
                    </TextEquiv>
                </Word>
                <Word id="r3l18_w3" custom="readingOrder {index:2;}">
                    <Coords points="1375,1893 1375,1953 1509,1953 1509,1893"/>
                    <TextEquiv>
                        <Unicode>seyn,</Unicode>
                    </TextEquiv>
                </Word>
                <Word id="r3l18_w4" custom="readingOrder {index:3;}">
                    <Coords points="1543,1889 1543,1949 1609,1949 1609,1889"/>
                    <TextEquiv>
                        <Unicode>Sie</Unicode>
                    </TextEquiv>
                </Word>
                <Word id="r3l18_w5" custom="readingOrder {index:4;}">
                    <Coords points="1631,1885 1631,1945 1732,1945 1732,1885"/>
                    <TextEquiv>
                        <Unicode>aber</Unicode>
                    </TextEquiv>
                </Word>
                <Word id="r3l18_w6" custom="readingOrder {index:5;}">
                    <Coords points="1766,1876 1766,1936 1844,1936 1844,1876"/>
                    <TextEquiv>
                        <Unicode>noh</Unicode>
                    </TextEquiv>
                </Word>
                <Word id="r3l18_w7" custom="readingOrder {index:6;}">
                    <Coords points="1867,1868 1867,1928 1933,1928 1933,1868"/>
                    <TextEquiv>
                        <Unicode>mit</Unicode>
                    </TextEquiv>
                </Word>
                <Word id="r3l18_w8" custom="readingOrder {index:7;}">
                    <Coords points="1957,1858 1957,1918 2058,1918 2058,1858"/>
                    <TextEquiv>
                        <Unicode>ge¬</Unicode>
                    </TextEquiv>
                </Word>
                <TextEquiv>
                    <Unicode>lich ergangen seyn, Sie aber noh mit ge¬</Unicode>
                </TextEquiv>
            </TextLine>
            <TextLine id="r3l19" custom="readingOrder {index:18;}">
                <Coords points="1007,2090 1177,2034 1431,2077 1614,2023 1685,2068 2057,1982 2053,1902 1908,1904 1799,1996 1623,1931 1383,2019 1258,1945 1003,1990"/>
                <Baseline points="1013,2034 1064,2036 1116,2036 1168,2037 1220,2037 1271,2037 1323,2037 1375,2037 1427,2036 1478,2035 1530,2033 1582,2030 1634,2027 1685,2024 1737,2019 1789,2015 1841,2010 1892,2003 1944,1996 1996,1990 2048,1980"/>
                <Word id="r3l19_w1" custom="readingOrder {index:0;}">
                    <Coords points="1019,1997 1019,2057 1318,2057 1318,1997"/>
                    <TextEquiv>
                        <Unicode>heulorathet:</Unicode>
                    </TextEquiv>
                </Word>
                <Word id="r3l19_w2" custom="readingOrder {index:1;}">
                    <Coords points="1345,1996 1345,2056 1454,2056 1454,1996"/>
                    <TextEquiv>
                        <Unicode>Aiß</Unicode>
                    </TextEquiv>
                </Word>
                <Word id="r3l19_w3" custom="readingOrder {index:2;}">
                    <Coords points="1494,1991 1494,2051 1617,2051 1617,1991"/>
                    <TextEquiv>
                        <Unicode>deßt</Unicode>
                    </TextEquiv>
                </Word>
                <Word id="r3l19_w4" custom="readingOrder {index:3;}">
                    <Coords points="1644,1983 1644,2043 1739,2043 1739,1983"/>
                    <TextEquiv>
                        <Unicode>weyn</Unicode>
                    </TextEquiv>
                </Word>
                <Word id="r3l19_w5" custom="readingOrder {index:4;}">
                    <Coords points="1753,1973 1753,2033 1862,2033 1862,1973"/>
                    <TextEquiv>
                        <Unicode>umb</Unicode>
                    </TextEquiv>
                </Word>
                <Word id="r3l19_w6" custom="readingOrder {index:5;}">
                    <Coords points="1902,1951 1902,2011 2067,2011 2067,1951"/>
                    <TextEquiv>
                        <Unicode>handt¬</Unicode>
                    </TextEquiv>
                </Word>
                <TextEquiv>
                    <Unicode>heulorathet: Aiß deßt weyn umb handt¬</Unicode>
                </TextEquiv>
            </TextLine>
            <TextLine id="r3l20" custom="readingOrder {index:19;}">
                <Coords points="1026,2141 1155,2144 1225,2202 1498,2127 1841,2173 1939,2078 2071,2054 2067,1996 2023,1987 1890,2002 1822,2063 1636,2052 1553,2094 1310,2061 1241,2112 1154,2045 1022,2077"/>
                <Baseline points="1034,2135 1085,2135 1136,2135 1188,2136 1239,2138 1291,2138 1342,2138 1394,2138 1445,2136 1497,2136 1548,2134 1599,2131 1651,2128 1702,2124 1754,2118 1805,2111 1857,2103 1908,2093 1960,2082 2011,2071 2063,2057"/>
                <Word id="r3l20_w1" custom="readingOrder {index:0;}">
                    <Coords points="1027,2095 1027,2155 1201,2155 1201,2095"/>
                    <TextEquiv>
                        <Unicode>bietung</Unicode>
                    </TextEquiv>
                </Word>
                <Word id="r3l20_w2" custom="readingOrder {index:1;}">
                    <Coords points="1219,2098 1219,2158 1537,2158 1537,2098"/>
                    <TextEquiv>
                        <Unicode>ersuchendes.</Unicode>
                    </TextEquiv>
                </Word>
                <Word id="r3l20_w3" custom="readingOrder {index:2;}">
                    <Coords points="1553,2089 1553,2149 1697,2149 1697,2089"/>
                    <TextEquiv>
                        <Unicode>Wie</Unicode>
                    </TextEquiv>
                </Word>
                <Word id="r3l20_w4" custom="readingOrder {index:3;}">
                    <Coords points="1713,2077 1713,2137 1809,2137 1809,2077"/>
                    <TextEquiv>
                        <Unicode>nun</Unicode>
                    </TextEquiv>
                </Word>
                <Word id="r3l20_w5" custom="readingOrder {index:4;}">
                    <Coords points="1840,2058 1840,2118 1920,2118 1920,2058"/>
                    <TextEquiv>
                        <Unicode>Aaß</Unicode>
                    </TextEquiv>
                </Word>
                <Word id="r3l20_w6" custom="readingOrder {index:5;}">
                    <Coords points="1952,2033 1952,2093 2047,2093 2047,2033"/>
                    <TextEquiv>
                        <Unicode>ohnte</Unicode>
                    </TextEquiv>
                </Word>
                <TextEquiv>
                    <Unicode>bietung ersuchendes. Wie nun Aaß ohnte</Unicode>
                </TextEquiv>
            </TextLine>
            <TextLine id="r3l21" custom="readingOrder {index:20;}">
                <Coords points="1006,2228 1458,2256 1543,2226 1682,2286 1819,2204 2073,2165 2068,2085 2000,2068 1830,2157 1533,2205 1415,2165 1222,2202 1002,2161"/>
                <Baseline points="1014,2223 1066,2225 1118,2227 1171,2229 1223,2231 1276,2232 1328,2234 1381,2234 1433,2234 1486,2234 1538,2232 1590,2229 1643,2226 1695,2222 1748,2214 1800,2208 1853,2199 1905,2189 1958,2175 2010,2161 2063,2144"/>
                <Word id="r3l21_w1" custom="readingOrder {index:0;}">
                    <Coords points="1006,2185 1006,2245 1138,2245 1138,2185"/>
                    <TextEquiv>
                        <Unicode>sust</Unicode>
                    </TextEquiv>
                </Word>
                <Word id="r3l21_w2" custom="readingOrder {index:1;}">
                    <Coords points="1181,2191 1181,2251 1344,2251 1344,2191"/>
                    <TextEquiv>
                        <Unicode>Lornim</Unicode>
                    </TextEquiv>
                </Word>
                <Word id="r3l21_w3" custom="readingOrder {index:2;}">
                    <Coords points="1390,2194 1390,2254 1507,2254 1507,2194"/>
                    <TextEquiv>
                        <Unicode>dieser</Unicode>
                    </TextEquiv>
                </Word>
                <Word id="r3l21_w4" custom="readingOrder {index:3;}">
                    <Coords points="1551,2188 1551,2248 1639,2248 1639,2188"/>
                    <TextEquiv>
                        <Unicode>sach</Unicode>
                    </TextEquiv>
                </Word>
                <Word id="r3l21_w5" custom="readingOrder {index:4;}">
                    <Coords points="1683,2170 1683,2230 1874,2230 1874,2170"/>
                    <TextEquiv>
                        <Unicode>beharrt</Unicode>
                    </TextEquiv>
                </Word>
                <Word id="r3l21_w6" custom="readingOrder {index:5;}">
                    <Coords points="1905,2139 1905,2199 1978,2199 1978,2139"/>
                    <TextEquiv>
                        <Unicode>als</Unicode>
                    </TextEquiv>
                </Word>
                <Word id="r3l21_w7" custom="readingOrder {index:6;}">
                    <Coords points="1994,2111 1994,2171 2083,2171 2083,2111"/>
                    <TextEquiv>
                        <Unicode>woles</Unicode>
                    </TextEquiv>
                </Word>
                <TextEquiv>
                    <Unicode>sust Lornim dieser sach beharrt als woles</Unicode>
                </TextEquiv>
            </TextLine>
            <TextLine id="r3l22" custom="readingOrder {index:21;}">
                <Coords points="1006,2351 1524,2376 1674,2322 1803,2356 1863,2293 2066,2256 2061,2183 1821,2203 1558,2316 1466,2267 1361,2318 1290,2263 998,2238"/>
                <Baseline points="1013,2319 1065,2324 1117,2329 1169,2333 1221,2336 1274,2339 1326,2340 1378,2340 1430,2340 1482,2339 1535,2337 1587,2333 1639,2329 1691,2322 1743,2315 1796,2306 1848,2296 1900,2284 1952,2272 2004,2255 2057,2238"/>
                <Word id="r3l22_w1" custom="readingOrder {index:0;}">
                    <Coords points="1007,2285 1007,2345 1144,2345 1144,2285"/>
                    <TextEquiv>
                        <Unicode>Iir</Unicode>
                    </TextEquiv>
                </Word>
                <Word id="r3l22_w2" custom="readingOrder {index:1;}">
                    <Coords points="1185,2297 1185,2357 1304,2357 1304,2297"/>
                    <TextEquiv>
                        <Unicode>Eiche</Unicode>
                    </TextEquiv>
                </Word>
                <Word id="r3l22_w3" custom="readingOrder {index:2;}">
                    <Coords points="1323,2289 1323,2349 1936,2349 1936,2289"/>
                    <TextEquiv>
                        <Unicode>frindtnachberlichesuch</Unicode>
                    </TextEquiv>
                </Word>
                <Word id="r3l22_w4" custom="readingOrder {index:3;}">
                    <Coords points="1977,2214 1977,2274 2034,2274 2034,2214"/>
                    <TextEquiv>
                        <Unicode>ae</Unicode>
                    </TextEquiv>
                </Word>
                <TextEquiv>
                    <Unicode>Iir Eiche frindtnachberlichesuch ae</Unicode>
                </TextEquiv>
            </TextLine>
            <TextLine id="r3l23" custom="readingOrder {index:22;}">
                <Coords points="1022,2507 1226,2444 1370,2449 1449,2501 1607,2442 1702,2491 1786,2416 2026,2368 2066,2342 2060,2262 1871,2288 1809,2354 1768,2324 1631,2382 1553,2360 1508,2405 1383,2343 1317,2383 1097,2351 1014,2383"/>
                <Baseline points="1025,2429 1076,2432 1128,2435 1179,2437 1231,2439 1283,2441 1334,2442 1386,2442 1437,2442 1489,2441 1541,2439 1592,2436 1644,2431 1695,2426 1747,2419 1799,2410 1850,2401 1902,2391 1953,2378 2005,2364 2057,2348"/>
                <Word id="r3l23_w1" custom="readingOrder {index:0;}">
                    <Coords points="1021,2396 1021,2456 1293,2456 1293,2396"/>
                    <TextEquiv>
                        <Unicode>habschrätt</Unicode>
                    </TextEquiv>
                </Word>
                <Word id="r3l23_w2" custom="readingOrder {index:1;}">
                    <Coords points="1329,2402 1329,2462 1385,2462 1385,2402"/>
                    <TextEquiv>
                        <Unicode>die</Unicode>
                    </TextEquiv>
                </Word>
                <Word id="r3l23_w3" custom="readingOrder {index:2;}">
                    <Coords points="1402,2399 1402,2459 1657,2459 1657,2399"/>
                    <TextEquiv>
                        <Unicode>mühebelt</Unicode>
                    </TextEquiv>
                </Word>
                <Word id="r3l23_w4" custom="readingOrder {index:3;}">
                    <Coords points="1692,2379 1692,2439 1801,2439 1801,2379"/>
                    <TextEquiv>
                        <Unicode>auff</Unicode>
                    </TextEquiv>
                </Word>
                <Word id="r3l23_w5" custom="readingOrder {index:4;}">
                    <Coords points="1819,2359 1819,2419 1893,2419 1893,2359"/>
                    <TextEquiv>
                        <Unicode>fith</Unicode>
                    </TextEquiv>
                </Word>
                <Word id="r3l23_w6" custom="readingOrder {index:5;}">
                    <Coords points="1911,2332 1911,2392 2038,2392 2038,2332"/>
                    <TextEquiv>
                        <Unicode>chuen</Unicode>
                    </TextEquiv>
                </Word>
                <TextEquiv>
                    <Unicode>habschrätt die mühebelt auff fith chuen</Unicode>
                </TextEquiv>
            </TextLine>
            <TextLine id="r3l24" custom="readingOrder {index:23;}">
                <Coords points="1003,2620 1233,2563 1316,2603 1502,2539 1613,2542 1675,2593 1820,2509 2078,2479 2074,2392 1864,2395 1693,2497 1624,2460 1444,2502 1390,2454 1288,2492 1206,2451 997,2490"/>
                <Baseline points="1007,2520 1060,2523 1113,2526 1166,2528 1219,2531 1272,2534 1325,2535 1378,2536 1431,2537 1484,2536 1538,2535 1591,2532 1644,2530 1697,2526 1750,2520 1803,2514 1856,2506 1909,2497 1962,2486 2015,2475 2069,2460"/>
                <Word id="r3l24_w1" custom="readingOrder {index:0;}">
                    <Coords points="1011,2483 1011,2543 1111,2543 1111,2483"/>
                    <TextEquiv>
                        <Unicode>und</Unicode>
                    </TextEquiv>
                </Word>
                <Word id="r3l24_w2" custom="readingOrder {index:1;}">
                    <Coords points="1160,2490 1160,2550 1260,2550 1260,2490"/>
                    <TextEquiv>
                        <Unicode>dis</Unicode>
                    </TextEquiv>
                </Word>
                <Word id="r3l24_w3" custom="readingOrder {index:2;}">
                    <Coords points="1309,2496 1309,2556 1485,2556 1485,2496"/>
                    <TextEquiv>
                        <Unicode>Schend</Unicode>
                    </TextEquiv>
                </Word>
                <Word id="r3l24_w4" custom="readingOrder {index:3;}">
                    <Coords points="1561,2492 1561,2552 1610,2552 1610,2492"/>
                    <TextEquiv>
                        <Unicode>e</Unicode>
                    </TextEquiv>
                </Word>
                <Word id="r3l24_w5" custom="readingOrder {index:4;}">
                    <Coords points="1662,2485 1662,2545 1735,2545 1735,2485"/>
                    <TextEquiv>
                        <Unicode>hih</Unicode>
                    </TextEquiv>
                </Word>
                <Word id="r3l24_w6" custom="readingOrder {index:5;}">
                    <Coords points="1786,2467 1786,2527 1911,2527 1911,2467"/>
                    <TextEquiv>
                        <Unicode>list</Unicode>
                    </TextEquiv>
                </Word>
                <Word id="r3l24_w7" custom="readingOrder {index:6;}">
                    <Coords points="1960,2432 1960,2492 2088,2492 2088,2432"/>
                    <TextEquiv>
                        <Unicode>ehen</Unicode>
                    </TextEquiv>
                </Word>
                <TextEquiv>
                    <Unicode>und dis Schend e hih list ehen</Unicode>
                </TextEquiv>
            </TextLine>
            <TextEquiv>
                <Unicode></Unicode>
            </TextEquiv>
        </TextRegion>
        <TextRegion orientation="0.0" id="r4" custom="readingOrder {index:3;}">
            <Coords points="2132,411 2132,2579 3531,2579 3531,411"/>
            <TextLine id="r4l1" custom="readingOrder {index:0;}">
                <Coords points="3360,478 3373,479 3405,457 3416,469 3441,477 3469,452 3481,457 3495,453 3501,376 3490,373 3479,383 3462,383 3433,365 3416,376 3409,373 3368,385"/>
                <Baseline points="3371,444 3399,440 3428,445 3457,449 3486,449"/>
                <Word id="r4l1_w1" custom="readingOrder {index:0;}">
                    <Coords points="3374,402 3374,462 3385,462 3385,402"/>
                    <TextEquiv>
                        <Unicode>5</Unicode>
                    </TextEquiv>
                </Word>
                <TextEquiv>
                    <Unicode>5</Unicode>
                </TextEquiv>
            </TextLine>
            <TextLine id="r4l2" custom="readingOrder {index:1;}">
                <Coords points="2411,518 2685,470 3410,535 3494,517 3497,453 2416,390"/>
                <Baseline points="2421,467 2474,467 2527,465 2580,465 2634,467 2687,468 2740,470 2793,471 2847,473 2900,476 2953,479 3006,481 3060,485 3113,488 3166,491 3219,495 3273,497 3326,501 3379,504 3432,506 3486,509"/>
                <Word id="r4l2_w1" custom="readingOrder {index:0;}">
                    <Coords points="2422,427 2422,487 2497,487 2497,427"/>
                    <TextEquiv>
                        <Unicode>Ihne</Unicode>
                    </TextEquiv>
                </Word>
                <Word id="r4l2_w2" custom="readingOrder {index:1;}">
                    <Coords points="2508,425 2508,485 2595,485 2595,425"/>
                    <TextEquiv>
                        <Unicode>über</Unicode>
                    </TextEquiv>
                </Word>
                <Word id="r4l2_w3" custom="readingOrder {index:2;}">
                    <Coords points="2616,427 2616,487 2737,487 2737,427"/>
                    <TextEquiv>
                        <Unicode>Obiges</Unicode>
                    </TextEquiv>
                </Word>
                <Word id="r4l2_w4" custom="readingOrder {index:3;}">
                    <Coords points="2758,430 2758,490 2790,490 2790,430"/>
                    <TextEquiv>
                        <Unicode>zu</Unicode>
                    </TextEquiv>
                </Word>
                <Word id="r4l2_w5" custom="readingOrder {index:4;}">
                    <Coords points="2833,434 2833,494 2909,494 2909,434"/>
                    <TextEquiv>
                        <Unicode>Ret</Unicode>
                    </TextEquiv>
                </Word>
                <Word id="r4l2_w6" custom="readingOrder {index:5;}">
                    <Coords points="2931,441 2931,501 3105,501 3105,441"/>
                    <TextEquiv>
                        <Unicode>zustellen,</Unicode>
                    </TextEquiv>
                </Word>
                <Word id="r4l2_w7" custom="readingOrder {index:6;}">
                    <Coords points="3126,451 3126,511 3213,511 3213,451"/>
                    <TextEquiv>
                        <Unicode>undt</Unicode>
                    </TextEquiv>
                </Word>
                <Word id="r4l2_w8" custom="readingOrder {index:7;}">
                    <Coords points="3235,456 3235,516 3290,516 3290,456"/>
                    <TextEquiv>
                        <Unicode>deß</Unicode>
                    </TextEquiv>
                </Word>
                <Word id="r4l2_w9" custom="readingOrder {index:8;}">
                    <Coords points="3332,465 3332,525 3507,525 3507,465"/>
                    <TextEquiv>
                        <Unicode>herluß¬</Unicode>
                    </TextEquiv>
                </Word>
                <TextEquiv>
                    <Unicode>Ihne über Obiges zu Ret zustellen, undt deß herluß¬</Unicode>
                </TextEquiv>
            </TextLine>
            <TextLine id="r4l3" custom="readingOrder {index:2;}">
                <Coords points="2388,561 2844,561 2906,610 3141,570 3360,623 3507,581 3509,519 2912,521 2591,474 2389,528"/>
                <Baseline points="2397,552 2452,551 2507,551 2562,551 2617,552 2672,552 2727,553 2782,555 2837,557 2892,558 2947,560 3002,562 3057,564 3112,566 3167,569 3222,572 3277,574 3332,577 3387,579 3442,581 3498,584"/>
                <Word id="r4l3_w1" custom="readingOrder {index:0;}">
                    <Coords points="2409,511 2409,571 2613,571 2613,511"/>
                    <TextEquiv>
                        <Unicode>kommende</Unicode>
                    </TextEquiv>
                </Word>
                <Word id="r4l3_w2" custom="readingOrder {index:1;}">
                    <Coords points="2679,512 2679,572 2753,572 2753,512"/>
                    <TextEquiv>
                        <Unicode>Unß</Unicode>
                    </TextEquiv>
                </Word>
                <Word id="r4l3_w3" custom="readingOrder {index:2;}">
                    <Coords points="2808,516 2808,576 2840,576 2840,516"/>
                    <TextEquiv>
                        <Unicode>zu</Unicode>
                    </TextEquiv>
                </Word>
                <Word id="r4l3_w4" custom="readingOrder {index:3;}">
                    <Coords points="2883,520 2883,580 3023,580 3023,520"/>
                    <TextEquiv>
                        <Unicode>Unsere</Unicode>
                    </TextEquiv>
                </Word>
                <Word id="r4l3_w5" custom="readingOrder {index:4;}">
                    <Coords points="3065,529 3065,589 3292,589 3292,529"/>
                    <TextEquiv>
                        <Unicode>Vrordnung</Unicode>
                    </TextEquiv>
                </Word>
                <Word id="r4l3_w6" custom="readingOrder {index:5;}">
                    <Coords points="3335,539 3335,599 3485,599 3485,539"/>
                    <TextEquiv>
                        <Unicode>beächten</Unicode>
                    </TextEquiv>
                </Word>
                <TextEquiv>
                    <Unicode>kommende Unß zu Unsere Vrordnung beächten</Unicode>
                </TextEquiv>
            </TextLine>
            <TextLine id="r4l4" custom="readingOrder {index:3;}">
                <Coords points="2395,687 2612,665 2685,716 2781,691 3039,712 3178,654 3179,581 2906,609 2773,566 2738,593 2489,561 2396,600"/>
                <Baseline points="2403,650 2441,646 2479,642 2518,639 2556,639 2594,638 2633,638 2671,638 2709,638 2748,639 2786,640 2824,641 2863,642 2901,644 2939,644 2978,645 3016,647 3054,647 3093,646 3131,645 3170,644"/>
                <Word id="r4l4_w1" custom="readingOrder {index:0;}">
                    <Coords points="2426,599 2426,659 2657,659 2657,599"/>
                    <TextEquiv>
                        <Unicode>zulaßen.</Unicode>
                    </TextEquiv>
                </Word>
                <Word id="r4l4_w2" custom="readingOrder {index:1;}">
                    <Coords points="2685,599 2685,659 2828,659 2828,599"/>
                    <TextEquiv>
                        <Unicode>Welch</Unicode>
                    </TextEquiv>
                </Word>
                <Word id="r4l4_w3" custom="readingOrder {index:2;}">
                    <Coords points="2842,602 2842,662 2886,662 2886,602"/>
                    <TextEquiv>
                        <Unicode>s.</Unicode>
                    </TextEquiv>
                </Word>
                <Word id="r4l4_w4" custom="readingOrder {index:3;}">
                    <Coords points="2900,604 2900,664 2988,664 2988,604"/>
                    <TextEquiv>
                        <Unicode>Cat.</Unicode>
                    </TextEquiv>
                </Word>
                <Word id="r4l4_w5" custom="readingOrder {index:4;}">
                    <Coords points="3001,607 3001,667 3043,667 3043,607"/>
                    <TextEquiv>
                        <Unicode>ad</Unicode>
                    </TextEquiv>
                </Word>
                <Word id="r4l4_w6" custom="readingOrder {index:5;}">
                    <Coords points="3073,605 3073,665 3189,665 3189,605"/>
                    <TextEquiv>
                        <Unicode>fom.</Unicode>
                    </TextEquiv>
                </Word>
                <TextEquiv>
                    <Unicode>zulaßen. Welch s. Cat. ad fom.</Unicode>
                </TextEquiv>
            </TextLine>
            <TextLine id="r4l5" custom="readingOrder {index:4;}">
                <Coords points="2409,834 2516,877 2589,835 2681,889 2831,811 3249,887 3335,834 3449,855 3449,756 3133,761 2827,710 2408,801"/>
                <Baseline points="2417,825 2468,822 2519,822 2570,821 2621,819 2672,819 2723,819 2775,819 2826,819 2877,819 2928,819 2979,819 3030,821 3081,821 3133,821 3184,821 3235,821 3286,819 3337,819 3388,818 3440,815"/>
                <Word id="r4l5_w1" custom="readingOrder {index:0;}">
                    <Coords points="2427,782 2427,842 2594,842 2594,782"/>
                    <TextEquiv>
                        <Unicode>ronag.</Unicode>
                    </TextEquiv>
                </Word>
                <Word id="r4l5_w2" custom="readingOrder {index:1;}">
                    <Coords points="2624,779 2624,839 2670,839 2670,779"/>
                    <TextEquiv>
                        <Unicode>Sie</Unicode>
                    </TextEquiv>
                </Word>
                <Word id="r4l5_w3" custom="readingOrder {index:2;}">
                    <Coords points="2700,779 2700,839 2835,839 2835,779"/>
                    <TextEquiv>
                        <Unicode>Ersuhen</Unicode>
                    </TextEquiv>
                </Word>
                <Word id="r4l5_w4" custom="readingOrder {index:3;}">
                    <Coords points="2867,779 2867,839 2928,839 2928,779"/>
                    <TextEquiv>
                        <Unicode>was</Unicode>
                    </TextEquiv>
                </Word>
                <Word id="r4l5_w5" custom="readingOrder {index:4;}">
                    <Coords points="2958,779 2958,839 3049,839 3049,779"/>
                    <TextEquiv>
                        <Unicode>Ihren</Unicode>
                    </TextEquiv>
                </Word>
                <Word id="r4l5_w6" custom="readingOrder {index:5;}">
                    <Coords points="3063,781 3063,841 3184,841 3184,781"/>
                    <TextEquiv>
                        <Unicode>obige</Unicode>
                    </TextEquiv>
                </Word>
                <Word id="r4l5_w7" custom="readingOrder {index:6;}">
                    <Coords points="3201,781 3201,841 3260,841 3260,781"/>
                    <TextEquiv>
                        <Unicode>soch</Unicode>
                    </TextEquiv>
                </Word>
                <Word id="r4l5_w8" custom="readingOrder {index:7;}">
                    <Coords points="3275,779 3275,839 3351,839 3351,779"/>
                    <TextEquiv>
                        <Unicode>auch</Unicode>
                    </TextEquiv>
                </Word>
                <Word id="r4l5_w9" custom="readingOrder {index:8;}">
                    <Coords points="3366,777 3366,837 3412,837 3412,777"/>
                    <TextEquiv>
                        <Unicode>in</Unicode>
                    </TextEquiv>
                </Word>
                <TextEquiv>
                    <Unicode>ronag. Sie Ersuhen was Ihren obige soch auch in</Unicode>
                </TextEquiv>
            </TextLine>
            <TextLine id="r4l6" custom="readingOrder {index:5;}">
                <Coords points="2183,863 2209,870 2218,860 2224,865 2244,855 2253,858 2269,840 2300,858 2309,857 2293,731 2278,730 2228,753 2189,790 2174,792"/>
                <Baseline points="2190,849 2216,847 2243,843 2270,840 2297,836"/>
                <Word id="r4l6_w1" custom="readingOrder {index:0;}">
                    <Coords points="2189,803 2189,863 2291,863 2291,803"/>
                    <TextEquiv>
                        <Unicode>oble</Unicode>
                    </TextEquiv>
                </Word>
                <TextEquiv>
                    <Unicode>oble</Unicode>
                </TextEquiv>
            </TextLine>
            <TextLine id="r4l7" custom="readingOrder {index:6;}">
                <Coords points="2419,934 2500,913 2580,970 2671,932 2728,965 2839,912 2967,972 3121,970 3129,814 3069,842 2980,821 2939,849 2895,826 2834,860 2760,833 2682,889 2575,848 2515,878 2468,850 2418,885"/>
                <Baseline points="2427,921 2461,920 2496,918 2531,917 2566,917 2600,916 2635,915 2670,914 2705,914 2739,914 2774,913 2809,912 2844,912 2878,912 2913,912 2948,912 2983,912 3017,911 3052,911 3087,911 3122,911"/>
                <Word id="r4l7_w1" custom="readingOrder {index:0;}">
                    <Coords points="2420,877 2420,937 2602,937 2602,877"/>
                    <TextEquiv>
                        <Unicode>müßen,</Unicode>
                    </TextEquiv>
                </Word>
                <Word id="r4l7_w2" custom="readingOrder {index:1;}">
                    <Coords points="2629,873 2629,933 2851,933 2851,873"/>
                    <TextEquiv>
                        <Unicode>frderlich</Unicode>
                    </TextEquiv>
                </Word>
                <Word id="r4l7_w3" custom="readingOrder {index:2;}">
                    <Coords points="2879,871 2879,931 3101,931 3101,871"/>
                    <TextEquiv>
                        <Unicode>zubrichten</Unicode>
                    </TextEquiv>
                </Word>
                <TextEquiv>
                    <Unicode>müßen, frderlich zubrichten</Unicode>
                </TextEquiv>
            </TextLine>
            <TextLine id="r4l8" custom="readingOrder {index:7;}">
                <Coords points="2397,1146 2551,1094 2797,1135 2829,1103 2899,1144 3056,1090 3485,1108 3496,1028 3383,1063 3242,1009 2885,1029 2779,997 2628,1041 2395,1005"/>
                <Baseline points="2405,1104 2459,1102 2513,1100 2567,1098 2621,1096 2675,1094 2729,1092 2784,1091 2838,1089 2892,1088 2946,1086 3000,1086 3054,1085 3108,1085 3163,1085 3217,1086 3271,1086 3325,1088 3379,1088 3433,1091 3488,1092"/>
                <Word id="r4l8_w1" custom="readingOrder {index:0;}">
                    <Coords points="2410,1060 2410,1120 2563,1120 2563,1060"/>
                    <TextEquiv>
                        <Unicode>Gedul</Unicode>
                    </TextEquiv>
                </Word>
                <Word id="r4l8_w2" custom="readingOrder {index:1;}">
                    <Coords points="2575,1057 2575,1117 2613,1117 2613,1057"/>
                    <TextEquiv>
                        <Unicode>an</Unicode>
                    </TextEquiv>
                </Word>
                <Word id="r4l8_w3" custom="readingOrder {index:2;}">
                    <Coords points="2651,1051 2651,1111 2868,1111 2868,1051"/>
                    <TextEquiv>
                        <Unicode>Mnner</Unicode>
                    </TextEquiv>
                </Word>
                <Word id="r4l8_w4" custom="readingOrder {index:3;}">
                    <Coords points="2906,1046 2906,1106 3021,1106 3021,1046"/>
                    <TextEquiv>
                        <Unicode>sitahl</Unicode>
                    </TextEquiv>
                </Word>
                <Word id="r4l8_w5" custom="readingOrder {index:4;}">
                    <Coords points="3046,1045 3046,1105 3239,1105 3239,1045"/>
                    <TextEquiv>
                        <Unicode>verwalte</Unicode>
                    </TextEquiv>
                </Word>
                <Word id="r4l8_w6" custom="readingOrder {index:5;}">
                    <Coords points="3276,1048 3276,1108 3492,1108 3492,1048"/>
                    <TextEquiv>
                        <Unicode>Wegner¬</Unicode>
                    </TextEquiv>
                </Word>
                <TextEquiv>
                    <Unicode>Gedul an Mnner sitahl verwalte Wegner¬</Unicode>
                </TextEquiv>
            </TextLine>
            <TextLine id="r4l9" custom="readingOrder {index:8;}">
                <Coords points="2177,1198 2191,1188 2214,1189 2223,1180 2244,1192 2272,1172 2288,1181 2300,1167 2336,1167 2322,1096 2281,1087 2265,1101 2246,1099 2214,1133 2197,1134 2182,1146 2166,1142"/>
                <Baseline points="2183,1181 2211,1178 2239,1174 2268,1169 2296,1162 2325,1152"/>
                <Word id="r4l9_w1" custom="readingOrder {index:0;}">
                    <Coords points="2179,1131 2179,1191 2333,1191 2333,1131"/>
                    <TextEquiv>
                        <Unicode>obs.</Unicode>
                    </TextEquiv>
                </Word>
                <TextEquiv>
                    <Unicode>obs.</Unicode>
                </TextEquiv>
            </TextLine>
            <TextLine id="r4l10" custom="readingOrder {index:9;}">
                <Coords points="2381,1221 2539,1173 2834,1213 2910,1175 3272,1169 3330,1213 3481,1182 3481,1138 3348,1094 3300,1141 3048,1106 2835,1158 2578,1102 2380,1156"/>
                <Baseline points="2390,1184 2444,1183 2498,1182 2552,1181 2606,1179 2660,1179 2714,1178 2769,1176 2823,1175 2877,1174 2931,1173 2985,1172 3039,1170 3093,1170 3148,1169 3202,1169 3256,1167 3310,1167 3364,1167 3418,1167 3473,1167"/>
                <Word id="r4l10_w1" custom="readingOrder {index:0;}">
                    <Coords points="2407,1142 2407,1202 2491,1202 2491,1142"/>
                    <TextEquiv>
                        <Unicode>Ihme</Unicode>
                    </TextEquiv>
                </Word>
                <Word id="r4l10_w2" custom="readingOrder {index:1;}">
                    <Coords points="2510,1139 2510,1199 2661,1199 2661,1139"/>
                    <TextEquiv>
                        <Unicode>ersuchen</Unicode>
                    </TextEquiv>
                </Word>
                <Word id="r4l10_w3" custom="readingOrder {index:2;}">
                    <Coords points="2708,1137 2708,1197 2774,1197 2774,1137"/>
                    <TextEquiv>
                        <Unicode>der</Unicode>
                    </TextEquiv>
                </Word>
                <Word id="r4l10_w4" custom="readingOrder {index:3;}">
                    <Coords points="2793,1134 2793,1194 2906,1194 2906,1134"/>
                    <TextEquiv>
                        <Unicode>perey</Unicode>
                    </TextEquiv>
                </Word>
                <Word id="r4l10_w5" custom="readingOrder {index:4;}">
                    <Coords points="2943,1131 2943,1191 3057,1191 3057,1131"/>
                    <TextEquiv>
                        <Unicode>Kindt</Unicode>
                    </TextEquiv>
                </Word>
                <Word id="r4l10_w6" custom="readingOrder {index:5;}">
                    <Coords points="3076,1130 3076,1190 3104,1190 3104,1130"/>
                    <TextEquiv>
                        <Unicode>im</Unicode>
                    </TextEquiv>
                </Word>
                <Word id="r4l10_w7" custom="readingOrder {index:6;}">
                    <Coords points="3141,1128 3141,1188 3264,1188 3264,1128"/>
                    <TextEquiv>
                        <Unicode>gebett</Unicode>
                    </TextEquiv>
                </Word>
                <Word id="r4l10_w8" custom="readingOrder {index:7;}">
                    <Coords points="3301,1127 3301,1187 3480,1187 3480,1127"/>
                    <TextEquiv>
                        <Unicode>tauffen,</Unicode>
                    </TextEquiv>
                </Word>
                <TextEquiv>
                    <Unicode>Ihme ersuchen der perey Kindt im gebett tauffen,</Unicode>
                </TextEquiv>
            </TextLine>
            <TextLine id="r4l11" custom="readingOrder {index:10;}">
                <Coords points="2385,1290 2668,1257 2854,1319 3037,1241 3463,1247 3410,1172 3337,1210 3208,1168 2948,1223 2871,1189 2676,1228 2590,1180 2511,1243 2383,1220"/>
                <Baseline points="2393,1272 2446,1269 2499,1265 2552,1263 2605,1260 2658,1257 2711,1256 2764,1253 2817,1251 2870,1249 2924,1247 2977,1245 3030,1244 3083,1242 3136,1241 3189,1238 3242,1237 3295,1235 3348,1233 3401,1231 3455,1229"/>
                <Word id="r4l11_w1" custom="readingOrder {index:0;}">
                    <Coords points="2396,1229 2396,1289 2479,1289 2479,1229"/>
                    <TextEquiv>
                        <Unicode>Sie,</Unicode>
                    </TextEquiv>
                </Word>
                <Word id="r4l11_w2" custom="readingOrder {index:1;}">
                    <Coords points="2514,1223 2514,1283 2574,1283 2574,1223"/>
                    <TextEquiv>
                        <Unicode>biß</Unicode>
                    </TextEquiv>
                </Word>
                <Word id="r4l11_w3" custom="readingOrder {index:2;}">
                    <Coords points="2609,1218 2609,1278 2667,1278 2667,1218"/>
                    <TextEquiv>
                        <Unicode>das</Unicode>
                    </TextEquiv>
                </Word>
                <Word id="r4l11_w4" custom="readingOrder {index:3;}">
                    <Coords points="2703,1208 2703,1268 3082,1268 3082,1208"/>
                    <TextEquiv>
                        <Unicode>Oberchorgrichtl.</Unicode>
                    </TextEquiv>
                </Word>
                <Word id="r4l11_w5" custom="readingOrder {index:4;}">
                    <Coords points="3105,1198 3105,1258 3258,1258 3258,1198"/>
                    <TextEquiv>
                        <Unicode>schreiben</Unicode>
                    </TextEquiv>
                </Word>
                <Word id="r4l11_w6" custom="readingOrder {index:5;}">
                    <Coords points="3283,1192 3283,1252 3424,1252 3424,1192"/>
                    <TextEquiv>
                        <Unicode>wirder</Unicode>
                    </TextEquiv>
                </Word>
                <TextEquiv>
                    <Unicode>Sie, biß das Oberchorgrichtl. schreiben wirder</Unicode>
                </TextEquiv>
            </TextLine>
            <TextLine id="r4l12" custom="readingOrder {index:11;}">
                <Coords points="2398,1413 2506,1366 2595,1412 2763,1347 3210,1368 3469,1310 3312,1253 3254,1285 3064,1239 2857,1317 2702,1272 2394,1285"/>
                <Baseline points="2405,1358 2457,1354 2510,1350 2563,1347 2616,1344 2669,1342 2721,1340 2774,1338 2827,1336 2880,1335 2933,1334 2985,1332 3038,1331 3091,1331 3144,1329 3197,1328 3249,1326 3302,1326 3355,1324 3408,1322 3461,1320"/>
                <Word id="r4l12_w1" custom="readingOrder {index:0;}">
                    <Coords points="2397,1309 2397,1369 2654,1369 2654,1309"/>
                    <TextEquiv>
                        <Unicode>verfertiget</Unicode>
                    </TextEquiv>
                </Word>
                <Word id="r4l12_w2" custom="readingOrder {index:1;}">
                    <Coords points="2667,1300 2667,1360 2749,1360 2749,1300"/>
                    <TextEquiv>
                        <Unicode>sein,</Unicode>
                    </TextEquiv>
                </Word>
                <Word id="r4l12_w3" custom="readingOrder {index:2;}">
                    <Coords points="2762,1297 2762,1357 2802,1357 2802,1297"/>
                    <TextEquiv>
                        <Unicode>in</Unicode>
                    </TextEquiv>
                </Word>
                <Word id="r4l12_w4" custom="readingOrder {index:3;}">
                    <Coords points="2829,1295 2829,1355 2897,1355 2897,1295"/>
                    <TextEquiv>
                        <Unicode>dem</Unicode>
                    </TextEquiv>
                </Word>
                <Word id="r4l12_w5" custom="readingOrder {index:4;}">
                    <Coords points="2924,1291 2924,1351 3099,1351 3099,1291"/>
                    <TextEquiv>
                        <Unicode>Spitehl</Unicode>
                    </TextEquiv>
                </Word>
                <Word id="r4l12_w6" custom="readingOrder {index:5;}">
                    <Coords points="3140,1286 3140,1346 3410,1346 3410,1286"/>
                    <TextEquiv>
                        <Unicode>verpflegen</Unicode>
                    </TextEquiv>
                </Word>
                <TextEquiv>
                    <Unicode>verfertiget sein, in dem Spitehl verpflegen</Unicode>
                </TextEquiv>
            </TextLine>
            <TextLine id="r4l13" custom="readingOrder {index:12;}">
                <Coords points="2394,1449 2757,1425 2812,1467 2844,1432 2917,1460 3150,1424 3380,1476 3484,1362 3302,1326 2964,1401 2850,1345 2667,1359 2585,1411 2505,1367 2393,1417"/>
                <Baseline points="2402,1439 2455,1436 2509,1434 2563,1433 2616,1431 2670,1429 2724,1427 2777,1425 2831,1424 2885,1422 2939,1422 2992,1420 3046,1419 3100,1418 3153,1416 3207,1415 3261,1413 3314,1412 3368,1409 3422,1407 3476,1406"/>
                <Word id="r4l13_w1" custom="readingOrder {index:0;}">
                    <Coords points="2406,1396 2406,1456 2500,1456 2500,1396"/>
                    <TextEquiv>
                        <Unicode>undt</Unicode>
                    </TextEquiv>
                </Word>
                <Word id="r4l13_w2" custom="readingOrder {index:1;}">
                    <Coords points="2523,1393 2523,1453 2560,1453 2560,1393"/>
                    <TextEquiv>
                        <Unicode>in</Unicode>
                    </TextEquiv>
                </Word>
                <Word id="r4l13_w3" custom="readingOrder {index:2;}">
                    <Coords points="2595,1389 2595,1449 2701,1449 2701,1389"/>
                    <TextEquiv>
                        <Unicode>Albo</Unicode>
                    </TextEquiv>
                </Word>
                <Word id="r4l13_w4" custom="readingOrder {index:3;}">
                    <Coords points="2737,1383 2737,1443 2949,1443 2949,1383"/>
                    <TextEquiv>
                        <Unicode>zulaßen,</Unicode>
                    </TextEquiv>
                </Word>
                <Word id="r4l13_w5" custom="readingOrder {index:4;}">
                    <Coords points="2986,1379 2986,1439 3032,1439 3032,1379"/>
                    <TextEquiv>
                        <Unicode>ob</Unicode>
                    </TextEquiv>
                </Word>
                <Word id="r4l13_w6" custom="readingOrder {index:5;}">
                    <Coords points="3069,1377 3069,1437 3138,1437 3138,1377"/>
                    <TextEquiv>
                        <Unicode>das</Unicode>
                    </TextEquiv>
                </Word>
                <Word id="r4l13_w7" custom="readingOrder {index:6;}">
                    <Coords points="3175,1373 3175,1433 3304,1433 3304,1373"/>
                    <TextEquiv>
                        <Unicode>Kindt</Unicode>
                    </TextEquiv>
                </Word>
                <Word id="r4l13_w8" custom="readingOrder {index:7;}">
                    <Coords points="3329,1368 3329,1428 3458,1428 3458,1368"/>
                    <TextEquiv>
                        <Unicode>Ehrlich</Unicode>
                    </TextEquiv>
                </Word>
                <TextEquiv>
                    <Unicode>undt in Albo zulaßen, ob das Kindt Ehrlich</Unicode>
                </TextEquiv>
            </TextLine>
            <TextLine id="r4l14" custom="readingOrder {index:13;}">
                <Coords points="2377,1567 2410,1550 2485,1592 2881,1572 2933,1516 3027,1563 3129,1560 3231,1513 3227,1444 3159,1426 3098,1459 2949,1436 2843,1479 2608,1475 2577,1448 2530,1479 2453,1446 2374,1499"/>
                <Baseline points="2384,1533 2425,1531 2467,1527 2509,1524 2551,1520 2593,1518 2635,1517 2676,1514 2718,1512 2760,1511 2802,1509 2844,1506 2886,1506 2928,1503 2969,1502 3011,1500 3053,1498 3095,1496 3137,1493 3179,1490 3221,1487"/>
                <Word id="r4l14_w1" custom="readingOrder {index:0;}">
                    <Coords points="2393,1488 2393,1548 2500,1548 2500,1488"/>
                    <TextEquiv>
                        <Unicode>oder</Unicode>
                    </TextEquiv>
                </Word>
                <Word id="r4l14_w2" custom="readingOrder {index:1;}">
                    <Coords points="2514,1477 2514,1537 2755,1537 2755,1477"/>
                    <TextEquiv>
                        <Unicode>ohneherlich</Unicode>
                    </TextEquiv>
                </Word>
                <Word id="r4l14_w3" custom="readingOrder {index:2;}">
                    <Coords points="2772,1463 2772,1523 3073,1523 3073,1463"/>
                    <TextEquiv>
                        <Unicode>einzuschrieben</Unicode>
                    </TextEquiv>
                </Word>
                <Word id="r4l14_w4" custom="readingOrder {index:3;}">
                    <Coords points="3088,1452 3088,1512 3195,1512 3195,1452"/>
                    <TextEquiv>
                        <Unicode>seyn</Unicode>
                    </TextEquiv>
                </Word>
                <TextEquiv>
                    <Unicode>oder ohneherlich einzuschrieben seyn</Unicode>
                </TextEquiv>
            </TextLine>
            <TextLine id="r4l15" custom="readingOrder {index:14;}">
                <Coords points="2363,1738 3079,1669 3182,1733 3256,1697 3364,1730 3539,1669 3479,1611 3373,1645 3256,1593 2996,1627 2858,1587 2723,1666 2519,1591 2360,1651"/>
                <Baseline points="2370,1712 2428,1707 2486,1702 2544,1697 2602,1694 2660,1689 2718,1685 2776,1683 2834,1680 2892,1677 2950,1676 3008,1674 3066,1673 3124,1671 3182,1670 3240,1670 3298,1670 3356,1670 3414,1671 3472,1673 3531,1674"/>
                <Word id="r4l15_w1" custom="readingOrder {index:0;}">
                    <Coords points="2388,1656 2388,1716 2731,1716 2731,1656"/>
                    <TextEquiv>
                        <Unicode>Bechingen:</Unicode>
                    </TextEquiv>
                </Word>
                <Word id="r4l15_w2" custom="readingOrder {index:1;}">
                    <Coords points="2770,1638 2770,1698 2955,1698 2955,1638"/>
                    <TextEquiv>
                        <Unicode>Barbara</Unicode>
                    </TextEquiv>
                </Word>
                <Word id="r4l15_w3" custom="readingOrder {index:2;}">
                    <Coords points="2994,1631 2994,1691 3205,1691 3205,1631"/>
                    <TextEquiv>
                        <Unicode>Werfmann</Unicode>
                    </TextEquiv>
                </Word>
                <Word id="r4l15_w4" custom="readingOrder {index:3;}">
                    <Coords points="3218,1630 3218,1690 3284,1690 3284,1630"/>
                    <TextEquiv>
                        <Unicode>Ihr</Unicode>
                    </TextEquiv>
                </Word>
                <Word id="r4l15_w5" custom="readingOrder {index:4;}">
                    <Coords points="3310,1631 3310,1691 3534,1691 3534,1631"/>
                    <TextEquiv>
                        <Unicode>angehörge</Unicode>
                    </TextEquiv>
                </Word>
                <TextEquiv>
                    <Unicode>Bechingen: Barbara Werfmann Ihr angehörge</Unicode>
                </TextEquiv>
            </TextLine>
            <TextLine id="r4l16" custom="readingOrder {index:15;}">
                <Coords points="2422,1829 2530,1854 2651,1782 2694,1818 2780,1774 2838,1814 3033,1757 3323,1815 3499,1745 3496,1662 3278,1740 3100,1673 2887,1734 2825,1693 2620,1742 2419,1731"/>
                <Baseline points="2430,1799 2483,1793 2536,1787 2589,1783 2642,1779 2695,1776 2748,1773 2801,1770 2854,1769 2907,1767 2960,1766 3013,1764 3066,1763 3119,1762 3172,1761 3225,1760 3278,1758 3331,1758 3384,1757 3437,1755 3491,1752"/>
                <Word id="r4l16_w1" custom="readingOrder {index:0;}">
                    <Coords points="2422,1752 2422,1812 2561,1812 2561,1752"/>
                    <TextEquiv>
                        <Unicode>klagt</Unicode>
                    </TextEquiv>
                </Word>
                <Word id="r4l16_w2" custom="readingOrder {index:1;}">
                    <Coords points="2588,1739 2588,1799 2672,1799 2672,1739"/>
                    <TextEquiv>
                        <Unicode>sich</Unicode>
                    </TextEquiv>
                </Word>
                <Word id="r4l16_w3" custom="readingOrder {index:2;}">
                    <Coords points="2686,1730 2686,1790 2881,1790 2881,1730"/>
                    <TextEquiv>
                        <Unicode>lichterß</Unicode>
                    </TextEquiv>
                </Word>
                <Word id="r4l16_w4" custom="readingOrder {index:3;}">
                    <Coords points="2951,1725 2951,1785 3006,1785 3006,1725"/>
                    <TextEquiv>
                        <Unicode>der</Unicode>
                    </TextEquiv>
                </Word>
                <Word id="r4l16_w5" custom="readingOrder {index:4;}">
                    <Coords points="3021,1720 3021,1780 3341,1780 3341,1720"/>
                    <TextEquiv>
                        <Unicode>schwängerung</Unicode>
                    </TextEquiv>
                </Word>
                <Word id="r4l16_w6" custom="readingOrder {index:5;}">
                    <Coords points="3368,1715 3368,1775 3479,1775 3479,1715"/>
                    <TextEquiv>
                        <Unicode>halb</Unicode>
                    </TextEquiv>
                </Word>
                <TextEquiv>
                    <Unicode>klagt sich lichterß der schwängerung halb</Unicode>
                </TextEquiv>
            </TextLine>
            <TextLine id="r4l17" custom="readingOrder {index:16;}">
                <Coords points="2144,1837 2199,1827 2229,1848 2257,1820 2296,1824 2325,1814 2353,1830 2380,1831 2372,1746 2337,1776 2275,1743 2255,1748 2232,1730 2198,1749 2137,1756"/>
                <Baseline points="2151,1821 2178,1819 2205,1816 2232,1813 2260,1811 2287,1808 2314,1806 2341,1804 2369,1802"/>
                <Word id="r4l17_w1" custom="readingOrder {index:0;}">
                    <Coords points="2145,1771 2145,1831 2350,1831 2350,1771"/>
                    <TextEquiv>
                        <Unicode>Werhman</Unicode>
                    </TextEquiv>
                </Word>
                <TextEquiv>
                    <Unicode>Werhman</Unicode>
                </TextEquiv>
            </TextLine>
            <TextLine id="r4l18" custom="readingOrder {index:17;}">
                <Coords points="2415,1891 3032,1850 3446,1901 3525,1857 3523,1787 3287,1822 3023,1753 2851,1816 2788,1779 2724,1818 2577,1803 2526,1855 2414,1838"/>
                <Baseline points="2424,1878 2478,1875 2533,1871 2587,1869 2642,1865 2697,1862 2751,1860 2806,1857 2860,1854 2915,1853 2970,1851 3024,1850 3079,1848 3133,1847 3188,1847 3243,1847 3297,1847 3352,1848 3406,1848 3461,1850 3516,1853"/>
                <Word id="r4l18_w1" custom="readingOrder {index:0;}">
                    <Coords points="2415,1837 2415,1897 2462,1897 2462,1837"/>
                    <TextEquiv>
                        <Unicode>an</Unicode>
                    </TextEquiv>
                </Word>
                <Word id="r4l18_w2" custom="readingOrder {index:1;}">
                    <Coords points="2521,1826 2521,1886 2712,1886 2712,1826"/>
                    <TextEquiv>
                        <Unicode>bredicht</Unicode>
                    </TextEquiv>
                </Word>
                <Word id="r4l18_w3" custom="readingOrder {index:2;}">
                    <Coords points="2748,1815 2748,1875 2915,1875 2915,1815"/>
                    <TextEquiv>
                        <Unicode>Tommet</Unicode>
                    </TextEquiv>
                </Word>
                <Word id="r4l18_w4" custom="readingOrder {index:3;}">
                    <Coords points="2951,1810 2951,1870 3058,1870 3058,1810"/>
                    <TextEquiv>
                        <Unicode>Von</Unicode>
                    </TextEquiv>
                </Word>
                <Word id="r4l18_w5" custom="readingOrder {index:4;}">
                    <Coords points="3105,1807 3105,1867 3284,1867 3284,1807"/>
                    <TextEquiv>
                        <Unicode>Wohlen,</Unicode>
                    </TextEquiv>
                </Word>
                <Word id="r4l18_w6" custom="readingOrder {index:5;}">
                    <Coords points="3320,1808 3320,1868 3509,1868 3509,1808"/>
                    <TextEquiv>
                        <Unicode>dißmahl</Unicode>
                    </TextEquiv>
                </Word>
                <TextEquiv>
                    <Unicode>an bredicht Tommet Von Wohlen, dißmahl</Unicode>
                </TextEquiv>
            </TextLine>
            <TextLine id="r4l19" custom="readingOrder {index:18;}">
                <Coords points="2202,1909 2222,1914 2242,1895 2279,1888 2314,1907 2360,1883 2386,1903 2396,1902 2390,1842 2370,1841 2328,1813 2294,1825 2257,1820 2228,1850 2215,1839 2195,1844"/>
                <Baseline points="2208,1887 2233,1886 2258,1884 2283,1879 2308,1877 2333,1874 2358,1872 2384,1874"/>
                <Word id="r4l19_w1" custom="readingOrder {index:0;}">
                    <Coords points="2211,1836 2211,1896 2406,1896 2406,1836"/>
                    <TextEquiv>
                        <Unicode>Barbar.</Unicode>
                    </TextEquiv>
                </Word>
                <TextEquiv>
                    <Unicode>Barbar.</Unicode>
                </TextEquiv>
            </TextLine>
            <TextLine id="r4l20" custom="readingOrder {index:19;}">
                <Coords points="2123,1984 2678,1941 2878,1974 3474,1903 3060,1852 2988,1907 2907,1866 2238,1925 2120,1889"/>
                <Baseline points="2132,1973 2198,1970 2265,1965 2332,1961 2399,1958 2465,1955 2532,1952 2599,1949 2666,1947 2732,1945 2799,1943 2866,1941 2933,1940 2999,1938 3066,1937 3133,1935 3200,1934 3266,1932 3333,1931 3400,1929 3467,1928"/>
                <Word id="r4l20_w1" custom="readingOrder {index:0;}">
                    <Coords points="2130,1930 2130,1990 2257,1990 2257,1930"/>
                    <TextEquiv>
                        <Unicode>Sommet</Unicode>
                    </TextEquiv>
                </Word>
                <Word id="r4l20_w2" custom="readingOrder {index:1;}">
                    <Coords points="2278,1920 2278,1980 2405,1980 2405,1920"/>
                    <TextEquiv>
                        <Unicode>bendicht</Unicode>
                    </TextEquiv>
                </Word>
                <Word id="r4l20_w3" custom="readingOrder {index:2;}">
                    <Coords points="2426,1915 2426,1975 2500,1975 2500,1915"/>
                    <TextEquiv>
                        <Unicode>auff</Unicode>
                    </TextEquiv>
                </Word>
                <Word id="r4l20_w4" custom="readingOrder {index:3;}">
                    <Coords points="2521,1911 2521,1971 2575,1971 2575,1911"/>
                    <TextEquiv>
                        <Unicode>der</Unicode>
                    </TextEquiv>
                </Word>
                <Word id="r4l20_w5" custom="readingOrder {index:4;}">
                    <Coords points="2606,1907 2606,1967 2722,1967 2722,1907"/>
                    <TextEquiv>
                        <Unicode>Mühl</Unicode>
                    </TextEquiv>
                </Word>
                <Word id="r4l20_w6" custom="readingOrder {index:5;}">
                    <Coords points="2775,1903 2775,1963 2807,1963 2807,1903"/>
                    <TextEquiv>
                        <Unicode>zu</Unicode>
                    </TextEquiv>
                </Word>
                <Word id="r4l20_w7" custom="readingOrder {index:6;}">
                    <Coords points="2839,1900 2839,1960 2976,1960 2976,1900"/>
                    <TextEquiv>
                        <Unicode>Lyßin</Unicode>
                    </TextEquiv>
                </Word>
                <Word id="r4l20_w8" custom="readingOrder {index:7;}">
                    <Coords points="3007,1896 3007,1956 3188,1956 3188,1896"/>
                    <TextEquiv>
                        <Unicode>diensten.</Unicode>
                    </TextEquiv>
                </Word>
                <Word id="r4l20_w9" custom="readingOrder {index:8;}">
                    <Coords points="3219,1891 3219,1951 3441,1951 3441,1891"/>
                    <TextEquiv>
                        <Unicode>derowegen</Unicode>
                    </TextEquiv>
                </Word>
                <TextEquiv>
                    <Unicode>Sommet bendicht auff der Mühl zu Lyßin diensten. derowegen</Unicode>
                </TextEquiv>
            </TextLine>
            <TextLine id="r4l21" custom="readingOrder {index:20;}">
                <Coords points="2381,2093 2546,2109 2743,2032 3507,2024 3505,1976 3423,1926 2715,1990 2508,1960 2378,2001"/>
                <Baseline points="2388,2052 2443,2049 2498,2046 2554,2042 2609,2040 2665,2036 2720,2033 2776,2031 2831,2028 2887,2025 2942,2022 2997,2020 3053,2018 3108,2016 3164,2015 3219,2013 3275,2012 3330,2012 3386,2011 3441,2012 3497,2012"/>
                <Word id="r4l21_w1" custom="readingOrder {index:0;}">
                    <Coords points="2382,2006 2382,2066 2582,2066 2582,2006"/>
                    <TextEquiv>
                        <Unicode>Mer</Unicode>
                    </TextEquiv>
                </Word>
                <Word id="r4l21_w2" custom="readingOrder {index:1;}">
                    <Coords points="2610,1997 2610,2057 2683,2057 2683,1997"/>
                    <TextEquiv>
                        <Unicode>Jhnn</Unicode>
                    </TextEquiv>
                </Word>
                <Word id="r4l21_w3" custom="readingOrder {index:2;}">
                    <Coords points="2711,1987 2711,2047 2984,2047 2984,1987"/>
                    <TextEquiv>
                        <Unicode>Auffgetorgen</Unicode>
                    </TextEquiv>
                </Word>
                <Word id="r4l21_w4" custom="readingOrder {index:3;}">
                    <Coords points="2998,1978 2998,2038 3099,2038 3099,1978"/>
                    <TextEquiv>
                        <Unicode>habe</Unicode>
                    </TextEquiv>
                </Word>
                <Word id="r4l21_w5" custom="readingOrder {index:4;}">
                    <Coords points="3143,1972 3143,2032 3315,2032 3315,1972"/>
                    <TextEquiv>
                        <Unicode>Kollendt</Unicode>
                    </TextEquiv>
                </Word>
                <Word id="r4l21_w6" custom="readingOrder {index:5;}">
                    <Coords points="3343,1971 3343,2031 3472,2031 3472,1971"/>
                    <TextEquiv>
                        <Unicode>kelegen</Unicode>
                    </TextEquiv>
                </Word>
                <TextEquiv>
                    <Unicode>Mer Jhnn Auffgetorgen habe Kollendt kelegen</Unicode>
                </TextEquiv>
            </TextLine>
            <TextLine id="r4l22" custom="readingOrder {index:21;}">
                <Coords points="2385,2145 2837,2156 2978,2112 3053,2167 3156,2166 3269,2109 3450,2109 3447,2049 3396,2029 3204,2048 3153,2015 2982,2079 2899,2031 2753,2036 2686,2081 2613,2061 2567,2106 2384,2121"/>
                <Baseline points="2393,2141 2445,2138 2497,2134 2550,2130 2602,2127 2655,2123 2707,2120 2759,2116 2812,2113 2864,2111 2917,2108 2969,2106 3021,2103 3074,2102 3126,2100 3179,2099 3231,2097 3283,2096 3336,2095 3388,2094 3441,2094"/>
                <Word id="r4l22_w1" custom="readingOrder {index:0;}">
                    <Coords points="2386,2100 2386,2160 2425,2160 2425,2100"/>
                    <TextEquiv>
                        <Unicode>in</Unicode>
                    </TextEquiv>
                </Word>
                <Word id="r4l22_w2" custom="readingOrder {index:1;}">
                    <Coords points="2451,2094 2451,2154 2543,2154 2543,2094"/>
                    <TextEquiv>
                        <Unicode>Ihre</Unicode>
                    </TextEquiv>
                </Word>
                <Word id="r4l22_w3" custom="readingOrder {index:2;}">
                    <Coords points="2569,2079 2569,2139 2857,2139 2857,2079"/>
                    <TextEquiv>
                        <Unicode>bevorstehende</Unicode>
                    </TextEquiv>
                </Word>
                <Word id="r4l22_w4" custom="readingOrder {index:3;}">
                    <Coords points="2896,2065 2896,2125 3066,2125 3066,2065"/>
                    <TextEquiv>
                        <Unicode>genißet</Unicode>
                    </TextEquiv>
                </Word>
                <Word id="r4l22_w5" custom="readingOrder {index:4;}">
                    <Coords points="3092,2058 3092,2118 3288,2118 3288,2058"/>
                    <TextEquiv>
                        <Unicode>zumahle</Unicode>
                    </TextEquiv>
                </Word>
                <Word id="r4l22_w6" custom="readingOrder {index:5;}">
                    <Coords points="3315,2054 3315,2114 3380,2114 3380,2054"/>
                    <TextEquiv>
                        <Unicode>Sie</Unicode>
                    </TextEquiv>
                </Word>
                <Word id="r4l22_w7" custom="readingOrder {index:6;}">
                    <Coords points="3393,2054 3393,2114 3432,2114 3432,2054"/>
                    <TextEquiv>
                        <Unicode>in</Unicode>
                    </TextEquiv>
                </Word>
                <TextEquiv>
                    <Unicode>in Ihre bevorstehende genißet zumahle Sie in</Unicode>
                </TextEquiv>
            </TextLine>
            <TextLine id="r4l23" custom="readingOrder {index:22;}">
                <Coords points="2367,2277 2524,2218 2673,2248 3247,2198 3348,2233 3456,2197 3452,2108 3159,2169 3066,2173 2979,2118 2712,2181 2362,2172"/>
                <Baseline points="2372,2231 2425,2228 2479,2225 2533,2222 2587,2219 2640,2216 2694,2213 2748,2211 2802,2207 2855,2205 2909,2202 2963,2199 3017,2198 3070,2195 3124,2193 3178,2190 3232,2189 3285,2187 3339,2186 3393,2184 3447,2183"/>
                <Word id="r4l23_w1" custom="readingOrder {index:0;}">
                    <Coords points="2373,2189 2373,2249 2426,2249 2426,2189"/>
                    <TextEquiv>
                        <Unicode>Iho</Unicode>
                    </TextEquiv>
                </Word>
                <Word id="r4l23_w2" custom="readingOrder {index:1;}">
                    <Coords points="2458,2181 2458,2241 2611,2241 2611,2181"/>
                    <TextEquiv>
                        <Unicode>heinath</Unicode>
                    </TextEquiv>
                </Word>
                <Word id="r4l23_w3" custom="readingOrder {index:2;}">
                    <Coords points="2622,2173 2622,2233 2741,2233 2741,2173"/>
                    <TextEquiv>
                        <Unicode>geliesen</Unicode>
                    </TextEquiv>
                </Word>
                <Word id="r4l23_w4" custom="readingOrder {index:3;}">
                    <Coords points="2762,2166 2762,2226 2870,2226 2870,2166"/>
                    <TextEquiv>
                        <Unicode>worden</Unicode>
                    </TextEquiv>
                </Word>
                <Word id="r4l23_w5" custom="readingOrder {index:4;}">
                    <Coords points="2913,2158 2913,2218 3119,2218 3119,2158"/>
                    <TextEquiv>
                        <Unicode>Examinirn,</Unicode>
                    </TextEquiv>
                </Word>
                <Word id="r4l23_w6" custom="readingOrder {index:5;}">
                    <Coords points="3130,2151 3130,2211 3173,2211 3173,2151"/>
                    <TextEquiv>
                        <Unicode>und</Unicode>
                    </TextEquiv>
                </Word>
                <Word id="r4l23_w7" custom="readingOrder {index:6;}">
                    <Coords points="3194,2149 3194,2209 3260,2209 3260,2149"/>
                    <TextEquiv>
                        <Unicode>Mein</Unicode>
                    </TextEquiv>
                </Word>
                <Word id="r4l23_w8" custom="readingOrder {index:7;}">
                    <Coords points="3270,2146 3270,2206 3357,2206 3357,2146"/>
                    <TextEquiv>
                        <Unicode>gnädigen</Unicode>
                    </TextEquiv>
                </Word>
                <Word id="r4l23_w9" custom="readingOrder {index:8;}">
                    <Coords points="3368,2143 3368,2203 3466,2203 3466,2143"/>
                    <TextEquiv>
                        <Unicode>Herren</Unicode>
                    </TextEquiv>
                </Word>
                <TextEquiv>
                    <Unicode>Iho heinath geliesen worden Examinirn, und Mein gnädigen Herren</Unicode>
                </TextEquiv>
            </TextLine>
            <TextLine id="r4l24" custom="readingOrder {index:23;}">
                <Coords points="2374,2345 2403,2336 2529,2376 2761,2341 2842,2349 2836,2216 2675,2250 2615,2214 2584,2236 2523,2220 2370,2271"/>
                <Baseline points="2381,2321 2406,2317 2431,2315 2456,2312 2481,2309 2506,2307 2531,2305 2556,2304 2581,2302 2606,2301 2631,2301 2656,2300 2681,2300 2706,2298 2731,2298 2756,2298 2781,2298 2806,2298 2831,2298"/>
                <Word id="r4l24_w1" custom="readingOrder {index:0;}">
                    <Coords points="2390,2268 2390,2328 2597,2328 2597,2268"/>
                    <TextEquiv>
                        <Unicode>beachten</Unicode>
                    </TextEquiv>
                </Word>
                <Word id="r4l24_w2" custom="readingOrder {index:1;}">
                    <Coords points="2612,2258 2612,2318 2852,2318 2852,2258"/>
                    <TextEquiv>
                        <Unicode>zulaßen.</Unicode>
                    </TextEquiv>
                </Word>
                <TextEquiv>
                    <Unicode>beachten zulaßen.</Unicode>
                </TextEquiv>
            </TextLine>
            <TextLine id="r4l25" custom="readingOrder {index:24;}">
                <Coords points="2366,2539 2532,2455 2821,2521 2961,2454 3224,2460 3280,2502 3500,2429 3318,2348 2867,2405 2461,2354 2361,2391"/>
                <Baseline points="2372,2474 2430,2472 2489,2471 2548,2469 2607,2467 2666,2466 2725,2465 2784,2463 2843,2462 2902,2460 2960,2458 3019,2456 3078,2454 3137,2452 3196,2450 3255,2447 3314,2444 3373,2441 3432,2436 3491,2432"/>
                <Word id="r4l25_w1" custom="readingOrder {index:0;}">
                    <Coords points="2365,2431 2365,2491 2523,2491 2523,2431"/>
                    <TextEquiv>
                        <Unicode>Lyß:</Unicode>
                    </TextEquiv>
                </Word>
                <Word id="r4l25_w2" custom="readingOrder {index:1;}">
                    <Coords points="2538,2427 2538,2487 2625,2487 2625,2427"/>
                    <TextEquiv>
                        <Unicode>Ihm</Unicode>
                    </TextEquiv>
                </Word>
                <Word id="r4l25_w3" custom="readingOrder {index:2;}">
                    <Coords points="2668,2422 2668,2482 2914,2482 2914,2422"/>
                    <TextEquiv>
                        <Unicode>aufftrage,</Unicode>
                    </TextEquiv>
                </Word>
                <Word id="r4l25_w4" custom="readingOrder {index:3;}">
                    <Coords points="2930,2417 2930,2477 3046,2477 3046,2417"/>
                    <TextEquiv>
                        <Unicode>obgen</Unicode>
                    </TextEquiv>
                </Word>
                <Word id="r4l25_w5" custom="readingOrder {index:4;}">
                    <Coords points="3060,2412 3060,2472 3205,2472 3205,2412"/>
                    <TextEquiv>
                        <Unicode>Tommet</Unicode>
                    </TextEquiv>
                </Word>
                <Word id="r4l25_w6" custom="readingOrder {index:5;}">
                    <Coords points="3233,2402 3233,2462 3436,2462 3436,2402"/>
                    <TextEquiv>
                        <Unicode>venheit</Unicode>
                    </TextEquiv>
                </Word>
                <TextEquiv>
                    <Unicode>Lyß: Ihm aufftrage, obgen Tommet venheit</Unicode>
                </TextEquiv>
            </TextLine>
            <TextLine id="r4l26" custom="readingOrder {index:25;}">
                <Coords points="2147,2508 2162,2506 2195,2480 2214,2491 2251,2484 2279,2491 2275,2409 2244,2402 2228,2413 2213,2413 2182,2444 2161,2437 2143,2445"/>
                <Baseline points="2153,2486 2182,2483 2212,2482 2241,2481 2271,2478"/>
                <Word id="r4l26_w1" custom="readingOrder {index:0;}">
                    <Coords points="2154,2441 2154,2501 2289,2501 2289,2441"/>
                    <TextEquiv>
                        <Unicode>obId.</Unicode>
                    </TextEquiv>
                </Word>
                <TextEquiv>
                    <Unicode>obId.</Unicode>
                </TextEquiv>
            </TextLine>
            <TextLine id="r4l27" custom="readingOrder {index:26;}">
                <Coords points="2371,2624 2454,2590 2494,2616 2836,2621 3041,2562 3102,2577 3112,2481 3014,2471 2946,2511 2849,2497 2802,2521 2604,2468 2527,2530 2370,2534"/>
                <Baseline points="2378,2558 2414,2558 2450,2559 2486,2559 2523,2559 2559,2559 2595,2559 2632,2559 2668,2559 2704,2558 2741,2558 2777,2557 2813,2556 2849,2556 2886,2555 2922,2555 2958,2553 2995,2553 3031,2553 3067,2553 3104,2555"/>
                <Word id="r4l27_w1" custom="readingOrder {index:0;}">
                    <Coords points="2386,2518 2386,2578 2479,2578 2479,2518"/>
                    <TextEquiv>
                        <Unicode>aber</Unicode>
                    </TextEquiv>
                </Word>
                <Word id="r4l27_w2" custom="readingOrder {index:1;}">
                    <Coords points="2492,2519 2492,2579 2573,2579 2573,2519"/>
                    <TextEquiv>
                        <Unicode>acht</Unicode>
                    </TextEquiv>
                </Word>
                <Word id="r4l27_w3" custom="readingOrder {index:2;}">
                    <Coords points="2599,2519 2599,2579 2653,2579 2653,2519"/>
                    <TextEquiv>
                        <Unicode>von</Unicode>
                    </TextEquiv>
                </Word>
                <Word id="r4l27_w4" custom="readingOrder {index:3;}">
                    <Coords points="2679,2517 2679,2577 2868,2577 2868,2517"/>
                    <TextEquiv>
                        <Unicode>herhalten</Unicode>
                    </TextEquiv>
                </Word>
                <Word id="r4l27_w5" custom="readingOrder {index:4;}">
                    <Coords points="2894,2515 2894,2575 2934,2575 2934,2515"/>
                    <TextEquiv>
                        <Unicode>zu</Unicode>
                    </TextEquiv>
                </Word>
                <Word id="r4l27_w6" custom="readingOrder {index:5;}">
                    <Coords points="2962,2513 2962,2573 3108,2573 3108,2513"/>
                    <TextEquiv>
                        <Unicode>laßer.</Unicode>
                    </TextEquiv>
                </Word>
                <TextEquiv>
                    <Unicode>aber acht von herhalten zu laßer.</Unicode>
                </TextEquiv>
            </TextLine>
            <TextEquiv>
                <Unicode></Unicode>
            </TextEquiv>
        </TextRegion>
    </Page>
</PcGts>
