4032 3024
714 296 856 356 5184.

688 540 875 600 Ehrstmne
912 519 1023 579 baber

720 1957 877 2017 ottl.

717 2372 863 2432 oble.

1038 391 1189 451 Groß
1240 366 1558 426 höhstetten:
1575 371 1827 431 zumahlen
1876 408 2046 468 worderen

1077 481 1262 541 bißsene
1292 468 1355 528 Ihr
1385 461 1648 521 angehörige
1694 468 1818 528 wider
1834 478 1896 538 das
1911 493 2049 553 Vrbett

1038 573 1094 633 die
1116 566 1230 626 Statt
1265 554 1548 614 betrtten,
1570 548 1650 608 als
1695 551 1775 611 haben
1786 557 1844 617 Mine
1855 565 1946 625 gnädigen
1957 582 2060 642 Herrn

1019 656 1094 716 Ihra
1131 647 1262 707 dieselbe
1328 639 1384 699 bey
1421 632 1674 692 sommination
1713 632 1768 692 der
1806 637 1946 697 Schallen

1020 739 1131 799 wcht
1158 735 1294 795 straff
1332 730 1394 790 fur
1431 725 1531 785 fins
1556 722 1669 782 undt
1694 721 1782 781 alle
1806 723 1893 783 mahl
1919 732 2057 792 verheten

1012 844 1170 904 beneben
1223 834 1383 894 fobeit,
1409 827 1503 887 daß
1555 820 1622 880 die
1648 817 1874 877 Christener
1900 822 1980 882 mit
1993 828 2046 888 dem

1008 934 1142 994 Fragen
1168 928 1222 988 die
1249 923 1383 983 Statt
1422 919 1623 979 hinundes
1650 917 1838 977 geführt
1851 917 2038 977 nachlerts

1023 1031 1075 1091 zu
1126 1021 1386 1081 Empfachung
1413 1016 1504 1076 39.
1529 1014 1660 1074 struchen
1672 1012 1711 1072 in
1738 1012 1801 1072 den
1816 1006 2048 1066 schleigstuhl

1016 1120 1185 1180 gesetzet,
1201 1111 1284 1171 undt
1314 1108 1427 1168 Ihnen
1496 1106 1639 1166 durch
1667 1106 1709 1166 die
1738 1103 1964 1163 Pfrofosen

1027 1206 1263 1266 zugeführt
1289 1198 1420 1258 werden
1446 1198 1591 1258 solle.
1629 1201 1786 1261 Deßßen
1812 1198 1878 1258 Sie
1891 1194 2035 1254 bericht

1022 1307 1197 1367 Eedindt
1223 1304 1427 1364 Ambauff
1453 1298 1495 1358 die
1521 1292 1751 1352 Christener
1777 1283 1981 1343 Invigilum

1021 1398 1131 1458 vndt
1156 1402 1218 1462 zue
1243 1403 1379 1463 arbeit
1404 1397 1640 1457 anhalten
1689 1382 1887 1442 zulaßen
1925 1367 2060 1427 berebet

999 1494 1070 1554 Men
1128 1498 1185 1558 e
1199 1501 1300 1561 Hen
1314 1504 1444 1564 befolch
1474 1499 1775 1559 erstmimendt
1818 1479 2020 1539 zuröfferen

1027 1585 1109 1645 und
1141 1594 1223 1654 mit
1239 1598 1305 1658 der
1337 1605 1567 1665 Pfrfose
1599 1603 1681 1663 für
1713 1596 1795 1656 Ihr
1827 1578 2007 1638 bemüchung

1017 1694 1318 1754 abzuschaffen.

1007 1891 1173 1951 Gedul
1188 1893 1233 1953 an
1264 1900 1490 1960 MWH.
1520 1907 1762 1967 Großleibl
1792 1899 1928 1959 Kupfe
1959 1883 2034 1943 her

1018 1989 1167 2049 gesuhen,
1181 1990 1242 2050 die
1271 1995 1450 2055 anstalt
1465 2002 1689 2062 verfünger
1718 1998 1749 2058 zu
1778 1988 1912 2048 laßen,
1927 1967 1987 2027 daß

1018 2084 1086 2144 Eie
1103 2087 1314 2147 Christene
1331 2092 1417 2152 mit
1451 2094 1522 2154 den
1556 2091 1696 2151 Kegen
1713 2083 1783 2143 die
1801 2067 1921 2127 Statt
1940 2039 2026 2099 hand

1016 2191 1205 2251 geführt
1233 2185 1408 2245 werde.

996 2369 1142 2429 Fehul
1196 2372 1232 2432 an
1268 2377 1488 2437 Math.
1506 2380 1670 2440 Sfitehl
1706 2370 1888 2430 borieltr
1906 2342 2034 2402 Wart

1010 2461 1104 2521 Eeyn
1123 2470 1180 2530 der
1199 2480 1505 2540 Schligstichlt
1542 2473 1751 2533 Ercutio
1790 2453 1884 2513 Phro
1903 2436 1979 2496 hir

999 2566 1131 2626 gleiches
1156 2576 1409 2636 aufftrage:

2144 564 2275 624 Potte
2293 546 2375 606 grd

2135 635 2278 695 acern
2291 612 2392 672 st.

2160 1241 2269 1301 Gbach
2284 1227 2379 1287 Cateyj

2153 1330 2329 1390 Richener

2204 1378 2379 1438 Ullrich¬

2158 1800 2304 1860 obtl.

2197 2251 2317 2311 obd.

3379 379 3446 439 519

2411 456 2513 516 Gehul
2543 445 2572 505 en
2601 439 2776 499 MaH.
2807 444 2982 504 haubtmnan
2997 455 3157 515 Zehender
3172 466 3246 526 von
3275 475 3392 535 Rohew

2430 536 2558 596 bernts
2581 531 2639 591 den
2662 530 2710 590 11.
2721 530 2802 590 May
2838 533 2930 593 esthn
2955 537 3024 597 hab
3059 541 3106 601 in
3118 544 3210 604 gnädigen
3223 549 3304 609 Herrn
3327 552 3480 612 Vembsh.

2415 621 2480 681 das
2509 616 2574 676 von
2622 613 2866 673 Wiblißfurg
2913 619 3111 679 Einkommene
3139 625 3270 685 schriben
3308 629 3495 689 betreffendt

2423 713 2483 773 H.
2508 706 2616 766 David
2640 701 2798 761 Bekton
2833 700 2930 760 undt
2954 701 3038 761 Frl.
3062 703 3220 763 Facherm
3279 706 3460 766 Coneylich

2407 791 2632 851 Communicirt
2659 787 2702 847 lie
2728 785 2806 845 aber
2832 784 2893 844 biß
2953 784 3049 844 dato
3066 782 3154 842 noch
3179 782 3275 842 keine
3301 780 3474 840 antwort

2425 871 2659 931 Einkommen,
2680 868 2754 928 alß
2785 865 2892 925 werde
2944 863 2987 923 Er
3019 862 3221 922 precharie
3252 862 3400 922 ersucht

2419 959 2520 1019 seine
2543 955 2816 1015 gründtinnert
2839 952 2919 1012 acht
2964 950 3067 1010 tagen
3089 946 3339 1006 finzugeben
3374 941 3498 1001 sonsn

2477 1043 2545 1103 den
2572 1042 2763 1102 geschäfft
2790 1042 2913 1102 werden
2940 1039 3198 1099 fortgefahren
3226 1027 3416 1087 werden.

2399 1043 2434 1103 in

2415 1217 2587 1277 Erscheint
2614 1211 2708 1271 haten
2734 1211 2827 1271 Ibach
2867 1214 2947 1274 Von
2986 1219 3240 1279 Eilterfuge,
3253 1223 3321 1283 soin
3347 1222 3480 1282 dienste

2420 1320 2480 1380 bey
2506 1311 2579 1371 H.
2591 1303 2752 1363 Kychern
2788 1298 2887 1358 Von
2913 1297 3036 1357 Buen
3110 1297 3195 1357 von
3233 1298 3466 1358 Sauamarin

2407 1398 2576 1458 gewesen,
2588 1384 2698 1444 undt
2722 1377 2843 1437 klogt
2867 1373 2953 1433 seith
2965 1371 3135 1431 anfangs
3159 1364 3476 1424 Christmonats¬

2414 1489 2468 1549 der
2479 1478 2719 1538 schwägrung
2753 1469 2905 1529 halban
2993 1466 3156 1526 Ullich
3190 1465 3332 1525 Nihewr
3364 1463 3441 1523 Ein

2409 1574 2563 1634 Eheman
2601 1564 2678 1624 Von
2716 1560 2781 1620 St.
2807 1554 2960 1614 Galter
3012 1551 3077 1611 der
3089 1549 3281 1609 annohin
3294 1546 3436 1606 gleichen

2418 1653 2519 1713 hieß
2549 1648 2607 1708 sich
2623 1645 2826 1705 befindet:
2856 1652 2974 1712 Conl.

2396 1781 2628 1841 Daumariu
2675 1777 2712 1837 an
2740 1777 2815 1837 Herrn
2824 1776 2936 1836 Baron
2992 1775 3066 1835 Ihne
3084 1775 3216 1835 ersuchen
3252 1774 3327 1834 sein
3373 1772 3476 1832 kncft

2392 1865 2443 1925 den
2475 1860 2630 1920 Rühener
2650 1859 2743 1919 über
2773 1859 2888 1919 dieser
2918 1861 3032 1921 Kladt
3063 1859 3104 1919 zu
3136 1858 3229 1918 Rett
3249 1851 3457 1911 zustellen,

2402 1942 2491 2002 undt
2503 1940 2565 2000 Ihm
2604 1940 2641 2000 zu
2678 1942 2894 2002 versproechen
2906 1943 3056 2003 machten,
3094 1941 3132 2001 Er
3157 1936 3309 1996 bebenne
3334 1924 3459 1984 odermit

2398 2033 2468 2093 daß
2509 2029 2539 2089 Er
2559 2027 2608 2087 sich
2629 2024 2699 2084 auff
2729 2023 2920 2083 Verlangen
2940 2020 3090 2080 allhier
3110 2018 3151 2078 im
3201 2016 3331 2076 Rechten
3351 2008 3481 2068 stellen

2390 2119 2519 2179 solle,
2551 2105 2630 2165 undt
2646 2099 2727 2159 soll
2743 2095 2840 2155 sein
2855 2094 2968 2154 bericht
2984 2093 3063 2153 uber
3081 2095 3176 2155 acht
3208 2095 3257 2155 tag
3289 2091 3499 2151 Eisender.

2360 2243 2448 2303 N.
2470 2237 2526 2297 Sie
2548 2231 2638 2291 will
2660 2226 2693 2286 in
2726 2224 2772 2284 der
2794 2219 2906 2279 Fhrl.
2928 2213 3184 2273 Sekelmeister
3206 2210 3362 2270 Stücker

2390 2316 2553 2376 matten
2587 2311 2729 2371 kintes
2751 2305 2861 2365 liger
2904 2300 2949 2360 da
2971 2295 3048 2355 Ihre
3069 2291 3134 2351 dam
3200 2285 3474 2345 Eingeschropft

2383 2399 2499 2459 worder
2512 2399 2576 2459 sich
2588 2397 2616 2457 in
2641 2395 2705 2455 der
2719 2388 2848 2448 geißet
2886 2378 3118 2438 Eraminin
3156 2372 3351 2432 zulaßen,
3376 2376 3416 2436 da
3441 2379 3492 2439 Sie

2385 2484 2479 2544 dann
2508 2483 2671 2543 benbein
2711 2476 2928 2536 Irstanti
2942 2471 2997 2531 ist
3010 2468 3078 2528 zur
3091 2462 3363 2522 abbießung
3390 2462 3542 2522 gehalten

2380 2552 2543 2612 worde.
