<?xml version="1.0" encoding="UTF-8" standalone="yes"?>
<PcGts xmlns="http://schema.primaresearch.org/PAGE/gts/pagecontent/2013-07-15" xmlns:xsi="http://www.w3.org/2001/XMLSchema-instance" xsi:schemaLocation="http://schema.primaresearch.org/PAGE/gts/pagecontent/2013-07-15 http://schema.primaresearch.org/PAGE/gts/pagecontent/2013-07-15/pagecontent.xsd">
    <Metadata>
        <Creator>prov=READ-COOP:name=PyLaia@TranskribusPlatform:version=0.6.0:model_id=38215:lm=none:date=22_11_2021_11:10
prov=READ-COOP:name=PyLaia@Transkribus:version=0.6.0:model_id=38215:date=22_11_2021_11:06
prov=University of Rostock/Institute of Mathematics/CITlab|PLANET AI GmbH/Tobias Gruening/tobias.gruening@planet-ai.de:name=de.uros.citlab.module.baseline2polygon.B2PSeamMultiOriented:v=2.6.7</Creator>
        <Created>2021-08-09T15:16:26.042+02:00</Created>
        <LastChange>2021-11-22T11:10:17.577+01:00</LastChange>
        <TranskribusMetadata docId="746917" pageId="28279705" pageNr="262" tsid="68401352" status="IN_PROGRESS" userId="537" imgUrl="https://files.transkribus.eu/Get?id=PAOBHVNTEUWZIJVQJWGNTDEM&amp;fileType=view" xmlUrl="https://files.transkribus.eu/Get?id=FPJZUMYMQYCPAIWCOVHGGCYK" imageId="22025186"/>
    </Metadata>
    <Page imageFilename="262.jpg" imageWidth="4032" imageHeight="3024">
        <ReadingOrder>
            <OrderedGroup id="ro_1687514976736" caption="Regions reading order">
                <RegionRefIndexed index="0" regionRef="r1"/>
                <RegionRefIndexed index="1" regionRef="r2"/>
                <RegionRefIndexed index="2" regionRef="r3"/>
                <RegionRefIndexed index="3" regionRef="r4"/>
            </OrderedGroup>
        </ReadingOrder>
        <TextRegion orientation="0.0" id="r1" custom="readingOrder {index:0;}">
            <Coords points="692,289 692,2105 1022,2105 1022,289"/>
            <TextLine id="r1l1" custom="readingOrder {index:0;}">
                <Coords points="702,404 744,406 762,398 775,404 816,378 857,338 875,343 877,262 853,270 831,291 801,270 776,277 757,260 706,278"/>
                <Baseline points="711,335 737,332 763,332 789,335 815,336 841,336 867,335"/>
                <Word id="r1l1_w1" custom="readingOrder {index:0;}">
                    <Coords points="707,295 707,355 887,355 887,295"/>
                    <TextEquiv>
                        <Unicode>124f.</Unicode>
                    </TextEquiv>
                </Word>
                <TextEquiv>
                    <Unicode>124f.</Unicode>
                </TextEquiv>
            </TextLine>
            <TextLine id="r1l2" custom="readingOrder {index:1;}">
                <Coords points="697,1421 803,1421 866,1395 1017,1415 1010,1324 981,1312 926,1341 866,1319 831,1334 781,1324 760,1339 691,1341"/>
                <Baseline points="704,1415 729,1411 754,1407 779,1403 805,1400 830,1399 855,1397 880,1395 906,1395 931,1394 956,1392 981,1391 1007,1388"/>
                <Word id="r1l2_w1" custom="readingOrder {index:0;}">
                    <Coords points="709,1362 709,1422 853,1422 853,1362"/>
                    <TextEquiv>
                        <Unicode>Brun̄er</Unicode>
                    </TextEquiv>
                </Word>
                <Word id="r1l2_w2" custom="readingOrder {index:1;}">
                    <Coords points="872,1353 872,1413 1007,1413 1007,1353"/>
                    <TextEquiv>
                        <Unicode>Christen</Unicode>
                    </TextEquiv>
                </Word>
                <TextEquiv>
                    <Unicode>Brun̄er Christen</Unicode>
                </TextEquiv>
            </TextLine>
            <TextLine id="r1l3" custom="readingOrder {index:2;}">
                <Coords points="707,1507 818,1492 879,1496 911,1512 951,1490 1012,1500 1008,1429 957,1434 866,1394 812,1427 778,1412 703,1423"/>
                <Baseline points="713,1496 739,1493 765,1492 792,1490 818,1488 845,1488 871,1487 898,1485 924,1484 951,1483 977,1482 1004,1481"/>
                <Word id="r1l3_w1" custom="readingOrder {index:0;}">
                    <Coords points="703,1451 703,1511 845,1511 845,1451"/>
                    <TextEquiv>
                        <Unicode>Hensi</Unicode>
                    </TextEquiv>
                </Word>
                <Word id="r1l3_w2" custom="readingOrder {index:1;}">
                    <Coords points="867,1443 867,1503 999,1503 999,1443"/>
                    <TextEquiv>
                        <Unicode>Maria</Unicode>
                    </TextEquiv>
                </Word>
                <TextEquiv>
                    <Unicode>Hensi Maria</Unicode>
                </TextEquiv>
            </TextLine>
            <TextLine id="r1l4" custom="readingOrder {index:3;}">
                <Coords points="703,1994 757,1985 806,2024 849,1984 992,1994 1020,1983 1020,1918 958,1893 920,1909 873,1890 832,1909 803,1887 780,1909 745,1901 725,1920 703,1919"/>
                <Baseline points="711,1980 736,1979 761,1979 786,1979 811,1979 836,1979 862,1979 887,1979 912,1979 937,1979 962,1980 987,1980 1013,1979"/>
                <Word id="r1l4_w1" custom="readingOrder {index:0;}">
                    <Coords points="726,1939 726,1999 905,1999 905,1939"/>
                    <TextEquiv>
                        <Unicode>Gutthahr</Unicode>
                    </TextEquiv>
                </Word>
                <Word id="r1l4_w2" custom="readingOrder {index:1;}">
                    <Coords points="928,1940 928,2000 1007,2000 1007,1940"/>
                    <TextEquiv>
                        <Unicode>Adam</Unicode>
                    </TextEquiv>
                </Word>
                <TextEquiv>
                    <Unicode>Gutthahr Adam</Unicode>
                </TextEquiv>
            </TextLine>
            <TextLine id="r1l5" custom="readingOrder {index:4;}">
                <Coords points="686,2120 712,2117 731,2134 801,2085 819,2096 953,2079 982,2105 1029,2095 1028,2004 974,2008 951,1991 904,2024 853,1986 806,2024 772,1993 684,2034"/>
                <Baseline points="692,2084 717,2079 742,2076 768,2073 793,2073 818,2072 844,2072 869,2072 895,2073 920,2073 945,2073 971,2073 996,2072 1022,2072"/>
                <Word id="r1l5_w1" custom="readingOrder {index:0;}">
                    <Coords points="708,2033 708,2093 861,2093 861,2033"/>
                    <TextEquiv>
                        <Unicode>Haßler</Unicode>
                    </TextEquiv>
                </Word>
                <Word id="r1l5_w2" custom="readingOrder {index:1;}">
                    <Coords points="885,2033 885,2093 1039,2093 1039,2033"/>
                    <TextEquiv>
                        <Unicode>Barbara</Unicode>
                    </TextEquiv>
                </Word>
                <TextEquiv>
                    <Unicode>Haßler Barbara</Unicode>
                </TextEquiv>
            </TextLine>
            <TextEquiv>
                <Unicode></Unicode>
            </TextEquiv>
        </TextRegion>
        <TextRegion orientation="0.0" id="r2" custom="readingOrder {index:1;}">
            <Coords points="992,337 992,2602 2079,2602 2079,337"/>
            <TextLine id="r2l1" custom="readingOrder {index:0;}">
                <Coords points="1013,476 1171,388 1476,383 1887,406 2070,471 2089,391 1675,287 1459,339 1348,281 1219,305 1021,267"/>
                <Baseline points="1023,402 1075,399 1128,395 1181,392 1234,388 1287,386 1339,383 1392,381 1445,381 1498,381 1551,381 1603,383 1656,385 1709,388 1762,394 1815,400 1867,408 1920,418 1973,429 2026,442 2079,456"/>
                <Word id="r2l1_w1" custom="readingOrder {index:0;}">
                    <Coords points="1031,358 1031,418 1133,418 1133,358"/>
                    <TextEquiv>
                        <Unicode>schon</Unicode>
                    </TextEquiv>
                </Word>
                <Word id="r2l1_w2" custom="readingOrder {index:1;}">
                    <Coords points="1147,350 1147,410 1249,410 1249,350"/>
                    <TextEquiv>
                        <Unicode>seith</Unicode>
                    </TextEquiv>
                </Word>
                <Word id="r2l1_w3" custom="readingOrder {index:2;}">
                    <Coords points="1280,342 1280,402 1410,402 1410,342"/>
                    <TextEquiv>
                        <Unicode>weyer</Unicode>
                    </TextEquiv>
                </Word>
                <Word id="r2l1_w4" custom="readingOrder {index:3;}">
                    <Coords points="1426,341 1426,401 1571,401 1571,341"/>
                    <TextEquiv>
                        <Unicode>mant</Unicode>
                    </TextEquiv>
                </Word>
                <Word id="r2l1_w5" custom="readingOrder {index:4;}">
                    <Coords points="1601,349 1601,409 1850,409 1850,349"/>
                    <TextEquiv>
                        <Unicode>bettliegeng</Unicode>
                    </TextEquiv>
                </Word>
                <Word id="r2l1_w6" custom="readingOrder {index:5;}">
                    <Coords points="1879,375 1879,435 1938,435 1938,375"/>
                    <TextEquiv>
                        <Unicode>vor</Unicode>
                    </TextEquiv>
                </Word>
                <Word id="r2l1_w7" custom="readingOrder {index:6;}">
                    <Coords points="1952,390 1952,450 2009,450 2009,390"/>
                    <TextEquiv>
                        <Unicode>hit</Unicode>
                    </TextEquiv>
                </Word>
                <Word id="r2l1_w8" custom="readingOrder {index:7;}">
                    <Coords points="2025,411 2025,471 2099,471 2099,411"/>
                    <TextEquiv>
                        <Unicode>über</Unicode>
                    </TextEquiv>
                </Word>
                <TextEquiv>
                    <Unicode>schon seith weyer mant bettliegeng vor hit über</Unicode>
                </TextEquiv>
            </TextLine>
            <TextLine id="r2l2" custom="readingOrder {index:1;}">
                <Coords points="1016,554 1103,503 1182,558 1350,481 1467,550 1567,487 1977,537 2062,525 2063,482 1509,389 1454,433 1336,385 1208,423 1168,392 1017,471"/>
                <Baseline points="1023,512 1074,507 1126,502 1177,498 1229,494 1281,491 1332,488 1384,485 1435,483 1487,483 1539,482 1590,483 1642,485 1693,487 1745,490 1797,495 1848,500 1900,506 1951,513 2003,523 2055,533"/>
                <Word id="r2l2_w1" custom="readingOrder {index:0;}">
                    <Coords points="1021,466 1021,526 1132,526 1132,466"/>
                    <TextEquiv>
                        <Unicode>aicht</Unicode>
                    </TextEquiv>
                </Word>
                <Word id="r2l2_w2" custom="readingOrder {index:1;}">
                    <Coords points="1163,456 1163,516 1243,516 1243,456"/>
                    <TextEquiv>
                        <Unicode>tag</Unicode>
                    </TextEquiv>
                </Word>
                <Word id="r2l2_w3" custom="readingOrder {index:2;}">
                    <Coords points="1276,444 1276,504 1514,504 1514,444"/>
                    <TextEquiv>
                        <Unicode>harhalten</Unicode>
                    </TextEquiv>
                </Word>
                <Word id="r2l2_w4" custom="readingOrder {index:3;}">
                    <Coords points="1547,445 1547,505 1753,505 1753,445"/>
                    <TextEquiv>
                        <Unicode>zulaßen,</Unicode>
                    </TextEquiv>
                </Word>
                <Word id="r2l2_w5" custom="readingOrder {index:4;}">
                    <Coords points="1784,461 1784,521 1944,521 1944,461"/>
                    <TextEquiv>
                        <Unicode>Indeßt</Unicode>
                    </TextEquiv>
                </Word>
                <Word id="r2l2_w6" custom="readingOrder {index:5;}">
                    <Coords points="1975,487 1975,547 2073,547 2073,487"/>
                    <TextEquiv>
                        <Unicode>aber</Unicode>
                    </TextEquiv>
                </Word>
                <TextEquiv>
                    <Unicode>aicht tag harhalten zulaßen, Indeßt aber</Unicode>
                </TextEquiv>
            </TextLine>
            <TextLine id="r2l3" custom="readingOrder {index:2;}">
                <Coords points="1013,619 1220,600 1314,655 1416,600 1568,648 1763,596 1863,642 1944,600 2044,621 2044,556 1853,544 1775,499 1458,554 1350,480 1181,556 1103,504 1013,554"/>
                <Baseline points="1020,605 1070,603 1121,601 1172,599 1223,597 1274,594 1325,592 1375,590 1426,588 1477,587 1528,585 1579,585 1630,585 1681,585 1731,587 1782,589 1833,592 1884,596 1935,601 1986,608 2037,615"/>
                <Word id="r2l3_w1" custom="readingOrder {index:0;}">
                    <Coords points="1017,561 1017,621 1211,621 1211,561"/>
                    <TextEquiv>
                        <Unicode>wordende</Unicode>
                    </TextEquiv>
                </Word>
                <Word id="r2l3_w2" custom="readingOrder {index:1;}">
                    <Coords points="1257,553 1257,613 1317,613 1317,553"/>
                    <TextEquiv>
                        <Unicode>Sie</Unicode>
                    </TextEquiv>
                </Word>
                <Word id="r2l3_w3" custom="readingOrder {index:2;}">
                    <Coords points="1347,549 1347,609 1436,609 1436,549"/>
                    <TextEquiv>
                        <Unicode>Ihre</Unicode>
                    </TextEquiv>
                </Word>
                <Word id="r2l3_w4" custom="readingOrder {index:3;}">
                    <Coords points="1453,546 1453,606 1528,606 1528,546"/>
                    <TextEquiv>
                        <Unicode>H.</Unicode>
                    </TextEquiv>
                </Word>
                <Word id="r2l3_w5" custom="readingOrder {index:4;}">
                    <Coords points="1557,545 1557,605 1797,605 1797,545"/>
                    <TextEquiv>
                        <Unicode>Selsorger</Unicode>
                    </TextEquiv>
                </Word>
                <Word id="r2l3_w6" custom="readingOrder {index:5;}">
                    <Coords points="1812,556 1812,616 1962,616 1962,556"/>
                    <TextEquiv>
                        <Unicode>ersuchen</Unicode>
                    </TextEquiv>
                </Word>
                <Word id="r2l3_w7" custom="readingOrder {index:6;}">
                    <Coords points="1978,572 1978,632 2054,632 2054,572"/>
                    <TextEquiv>
                        <Unicode>mit</Unicode>
                    </TextEquiv>
                </Word>
                <TextEquiv>
                    <Unicode>wordende Sie Ihre H. Selsorger ersuchen mit</Unicode>
                </TextEquiv>
            </TextLine>
            <TextLine id="r2l4" custom="readingOrder {index:3;}">
                <Coords points="1016,773 1112,705 1145,732 1245,685 1340,720 1522,687 1646,732 1879,689 2032,725 2032,660 1793,604 1570,649 1358,616 1316,656 1017,623"/>
                <Baseline points="1023,698 1073,696 1123,695 1173,693 1223,692 1273,692 1323,690 1373,689 1423,687 1473,686 1524,686 1574,686 1624,686 1674,687 1724,688 1774,690 1824,692 1874,696 1924,700 1974,705 2025,711"/>
                <Word id="r2l4_w1" custom="readingOrder {index:0;}">
                    <Coords points="1018,654 1018,714 1268,714 1268,654"/>
                    <TextEquiv>
                        <Unicode>zuzeüchung</Unicode>
                    </TextEquiv>
                </Word>
                <Word id="r2l4_w2" custom="readingOrder {index:1;}">
                    <Coords points="1304,649 1304,709 1442,709 1442,649"/>
                    <TextEquiv>
                        <Unicode>zwerd</Unicode>
                    </TextEquiv>
                </Word>
                <Word id="r2l4_w3" custom="readingOrder {index:2;}">
                    <Coords points="1467,646 1467,706 1828,706 1828,646"/>
                    <TextEquiv>
                        <Unicode>Chor-Richtern</Unicode>
                    </TextEquiv>
                </Word>
                <Word id="r2l4_w4" custom="readingOrder {index:3;}">
                    <Coords points="1891,659 1891,719 1953,719 1953,659"/>
                    <TextEquiv>
                        <Unicode>sich</Unicode>
                    </TextEquiv>
                </Word>
                <Word id="r2l4_w5" custom="readingOrder {index:4;}">
                    <Coords points="1979,667 1979,727 2015,727 2015,667"/>
                    <TextEquiv>
                        <Unicode>zu</Unicode>
                    </TextEquiv>
                </Word>
                <TextEquiv>
                    <Unicode>zuzeüchung zwerd Chor-Richtern sich zu</Unicode>
                </TextEquiv>
            </TextLine>
            <TextLine id="r2l5" custom="readingOrder {index:4;}">
                <Coords points="1033,819 1421,772 1497,831 1693,769 1836,814 2037,794 2036,730 1875,690 1747,760 1560,694 1390,696 1111,706 1032,759"/>
                <Baseline points="1040,804 1089,800 1139,797 1188,793 1238,790 1287,788 1337,785 1386,783 1436,782 1485,782 1535,780 1584,780 1634,780 1683,780 1733,782 1782,783 1832,783 1881,785 1931,787 1980,789 2030,791"/>
                <Word id="r2l5_w1" custom="readingOrder {index:0;}">
                    <Coords points="1046,760 1046,820 1121,820 1121,760"/>
                    <TextEquiv>
                        <Unicode>den</Unicode>
                    </TextEquiv>
                </Word>
                <Word id="r2l5_w2" custom="readingOrder {index:1;}">
                    <Coords points="1148,749 1148,809 1363,809 1363,749"/>
                    <TextEquiv>
                        <Unicode>Kankuren</Unicode>
                    </TextEquiv>
                </Word>
                <Word id="r2l5_w3" custom="readingOrder {index:2;}">
                    <Coords points="1426,740 1426,800 1653,800 1653,740"/>
                    <TextEquiv>
                        <Unicode>zubegeben</Unicode>
                    </TextEquiv>
                </Word>
                <Word id="r2l5_w4" custom="readingOrder {index:3;}">
                    <Coords points="1717,742 1717,802 1831,802 1831,742"/>
                    <TextEquiv>
                        <Unicode>undt</Unicode>
                    </TextEquiv>
                </Word>
                <Word id="r2l5_w5" custom="readingOrder {index:4;}">
                    <Coords points="1856,745 1856,805 1945,805 1945,745"/>
                    <TextEquiv>
                        <Unicode>Ihur</Unicode>
                    </TextEquiv>
                </Word>
                <Word id="r2l5_w6" custom="readingOrder {index:5;}">
                    <Coords points="1970,749 1970,809 2020,809 2020,749"/>
                    <TextEquiv>
                        <Unicode>zur</Unicode>
                    </TextEquiv>
                </Word>
                <TextEquiv>
                    <Unicode>den Kankuren zubegeben undt Ihur zur</Unicode>
                </TextEquiv>
            </TextLine>
            <TextLine id="r2l6" custom="readingOrder {index:5;}">
                <Coords points="1024,905 1294,863 1430,903 1659,869 1722,902 1784,866 2076,892 2075,805 2022,782 1752,815 1692,769 1531,836 1400,791 1023,817"/>
                <Baseline points="1031,887 1082,884 1134,879 1186,876 1238,873 1290,870 1342,868 1394,866 1446,865 1498,864 1550,864 1601,863 1653,864 1705,864 1757,866 1809,867 1861,870 1913,873 1965,876 2017,880 2069,885"/>
                <Word id="r2l6_w1" custom="readingOrder {index:0;}">
                    <Coords points="1034,837 1034,897 1280,897 1280,837"/>
                    <TextEquiv>
                        <Unicode>Eekantnuß</Unicode>
                    </TextEquiv>
                </Word>
                <Word id="r2l6_w2" custom="readingOrder {index:1;}">
                    <Coords points="1313,825 1313,885 1503,885 1503,825"/>
                    <TextEquiv>
                        <Unicode>zubungen</Unicode>
                    </TextEquiv>
                </Word>
                <Word id="r2l6_w3" custom="readingOrder {index:2;}">
                    <Coords points="1526,823 1526,883 1749,883 1749,823"/>
                    <TextEquiv>
                        <Unicode>trachten,</Unicode>
                    </TextEquiv>
                </Word>
                <Word id="r2l6_w4" custom="readingOrder {index:3;}">
                    <Coords points="1772,827 1772,887 1851,887 1851,827"/>
                    <TextEquiv>
                        <Unicode>was</Unicode>
                    </TextEquiv>
                </Word>
                <Word id="r2l6_w5" custom="readingOrder {index:4;}">
                    <Coords points="1873,832 1873,892 1951,892 1951,832"/>
                    <TextEquiv>
                        <Unicode>nur</Unicode>
                    </TextEquiv>
                </Word>
                <Word id="r2l6_w6" custom="readingOrder {index:5;}">
                    <Coords points="1973,841 1973,901 2086,901 2086,841"/>
                    <TextEquiv>
                        <Unicode>hrauß¬</Unicode>
                    </TextEquiv>
                </Word>
                <TextEquiv>
                    <Unicode>Eekantnuß zubungen trachten, was nur hrauß¬</Unicode>
                </TextEquiv>
            </TextLine>
            <TextLine id="r2l7" custom="readingOrder {index:6;}">
                <Coords points="989,979 1640,951 1763,1000 1869,963 1936,1023 2073,995 2073,950 2027,962 1892,862 1722,901 1499,874 1357,923 1276,867 1176,912 1093,884 989,942"/>
                <Baseline points="996,975 1049,971 1103,967 1156,964 1210,962 1263,959 1317,958 1370,957 1424,956 1477,956 1531,956 1584,957 1638,959 1691,960 1745,963 1798,965 1852,969 1905,972 1959,977 2012,982 2066,987"/>
                <Word id="r2l7_w1" custom="readingOrder {index:0;}">
                    <Coords points="1019,927 1019,987 1170,987 1170,927"/>
                    <TextEquiv>
                        <Unicode>kommen</Unicode>
                    </TextEquiv>
                </Word>
                <Word id="r2l7_w2" custom="readingOrder {index:1;}">
                    <Coords points="1199,919 1199,979 1310,979 1310,919"/>
                    <TextEquiv>
                        <Unicode>werde</Unicode>
                    </TextEquiv>
                </Word>
                <Word id="r2l7_w3" custom="readingOrder {index:2;}">
                    <Coords points="1364,916 1364,976 1571,976 1571,916"/>
                    <TextEquiv>
                        <Unicode>werdende</Unicode>
                    </TextEquiv>
                </Word>
                <Word id="r2l7_w4" custom="readingOrder {index:3;}">
                    <Coords points="1612,919 1612,979 1682,979 1682,919"/>
                    <TextEquiv>
                        <Unicode>Sie</Unicode>
                    </TextEquiv>
                </Word>
                <Word id="r2l7_w5" custom="readingOrder {index:4;}">
                    <Coords points="1709,925 1709,985 1889,985 1889,925"/>
                    <TextEquiv>
                        <Unicode>Mesn</Unicode>
                    </TextEquiv>
                </Word>
                <Word id="r2l7_w6" custom="readingOrder {index:5;}">
                    <Coords points="1902,934 1902,994 1957,994 1957,934"/>
                    <TextEquiv>
                        <Unicode>deß</Unicode>
                    </TextEquiv>
                </Word>
                <Word id="r2l7_w7" custom="readingOrder {index:6;}">
                    <Coords points="1999,942 1999,1002 2040,1002 2040,942"/>
                    <TextEquiv>
                        <Unicode>af</Unicode>
                    </TextEquiv>
                </Word>
                <TextEquiv>
                    <Unicode>kommen werde werdende Sie Mesn deß af</Unicode>
                </TextEquiv>
            </TextLine>
            <TextLine id="r2l8" custom="readingOrder {index:7;}">
                <Coords points="1006,1107 1216,1125 1274,1076 1373,1093 1423,1056 1554,1110 1669,1060 1767,1078 1766,1003 1474,959 1405,1010 1254,980 1165,1007 1116,978 1005,1029"/>
                <Baseline points="1013,1061 1050,1061 1087,1059 1125,1058 1162,1056 1199,1055 1237,1053 1274,1052 1311,1050 1349,1049 1386,1049 1423,1047 1461,1047 1498,1046 1535,1046 1573,1046 1610,1046 1647,1047 1685,1047 1722,1049 1760,1050"/>
                <Word id="r2l8_w1" custom="readingOrder {index:0;}">
                    <Coords points="1023,1019 1023,1079 1139,1079 1139,1019"/>
                    <TextEquiv>
                        <Unicode>obige</Unicode>
                    </TextEquiv>
                </Word>
                <Word id="r2l8_w2" custom="readingOrder {index:1;}">
                    <Coords points="1167,1014 1167,1074 1269,1074 1269,1014"/>
                    <TextEquiv>
                        <Unicode>zeith</Unicode>
                    </TextEquiv>
                </Word>
                <Word id="r2l8_w3" custom="readingOrder {index:2;}">
                    <Coords points="1297,1008 1297,1068 1500,1068 1500,1008"/>
                    <TextEquiv>
                        <Unicode>berichten</Unicode>
                    </TextEquiv>
                </Word>
                <Word id="r2l8_w4" custom="readingOrder {index:3;}">
                    <Coords points="1544,1007 1544,1067 1777,1067 1777,1007"/>
                    <TextEquiv>
                        <Unicode>laßen.</Unicode>
                    </TextEquiv>
                </Word>
                <TextEquiv>
                    <Unicode>obige zeith berichten laßen.</Unicode>
                </TextEquiv>
            </TextLine>
            <TextLine id="r2l9" custom="readingOrder {index:8;}">
                <Coords points="1028,1314 1317,1259 1710,1290 1772,1248 2040,1257 2037,1160 1819,1121 1613,1185 1386,1179 1311,1237 1224,1177 1025,1202"/>
                <Baseline points="1034,1281 1086,1277 1139,1274 1191,1270 1244,1266 1296,1264 1349,1260 1402,1257 1454,1256 1507,1253 1559,1251 1612,1250 1664,1250 1717,1248 1770,1248 1822,1250 1875,1251 1927,1253 1980,1255 2033,1259"/>
                <Word id="r2l9_w1" custom="readingOrder {index:0;}">
                    <Coords points="1040,1227 1040,1287 1399,1287 1399,1227"/>
                    <TextEquiv>
                        <Unicode>Überburgundt</Unicode>
                    </TextEquiv>
                </Word>
                <Word id="r2l9_w2" custom="readingOrder {index:1;}">
                    <Coords points="1425,1211 1425,1271 1650,1271 1650,1211"/>
                    <TextEquiv>
                        <Unicode>Seedorff</Unicode>
                    </TextEquiv>
                </Word>
                <Word id="r2l9_w3" custom="readingOrder {index:2;}">
                    <Coords points="1691,1208 1691,1268 1757,1268 1757,1208"/>
                    <TextEquiv>
                        <Unicode>bey</Unicode>
                    </TextEquiv>
                </Word>
                <Word id="r2l9_w4" custom="readingOrder {index:3;}">
                    <Coords points="1783,1210 1783,1270 1916,1270 1916,1210"/>
                    <TextEquiv>
                        <Unicode>darbey</Unicode>
                    </TextEquiv>
                </Word>
                <Word id="r2l9_w5" custom="readingOrder {index:4;}">
                    <Coords points="1942,1216 1942,1276 2050,1276 2050,1216"/>
                    <TextEquiv>
                        <Unicode>seg¬</Unicode>
                    </TextEquiv>
                </Word>
                <TextEquiv>
                    <Unicode>Überburgundt Seedorff bey darbey seg¬</Unicode>
                </TextEquiv>
            </TextLine>
            <TextLine id="r2l10" custom="readingOrder {index:9;}">
                <Coords points="1072,1384 1311,1406 1438,1371 1550,1434 1634,1360 2033,1373 2074,1359 2072,1271 1854,1268 1782,1308 1689,1278 1427,1348 1315,1302 1072,1364"/>
                <Baseline points="1079,1382 1128,1380 1177,1379 1227,1379 1276,1377 1325,1376 1375,1374 1424,1373 1473,1371 1523,1370 1572,1369 1621,1368 1671,1367 1720,1367 1769,1365 1819,1365 1868,1365 1917,1365 1967,1365 2016,1367 2066,1368"/>
                <Word id="r2l10_w1" custom="readingOrder {index:0;}">
                    <Coords points="1075,1340 1075,1400 1155,1400 1155,1340"/>
                    <TextEquiv>
                        <Unicode>snen</Unicode>
                    </TextEquiv>
                </Word>
                <Word id="r2l10_w2" custom="readingOrder {index:1;}">
                    <Coords points="1181,1336 1181,1396 1424,1396 1424,1336"/>
                    <TextEquiv>
                        <Unicode>aufftragen</Unicode>
                    </TextEquiv>
                </Word>
                <Word id="r2l10_w3" custom="readingOrder {index:2;}">
                    <Coords points="1477,1330 1477,1390 1532,1390 1532,1330"/>
                    <TextEquiv>
                        <Unicode>den</Unicode>
                    </TextEquiv>
                </Word>
                <Word id="r2l10_w4" custom="readingOrder {index:3;}">
                    <Coords points="1558,1327 1558,1387 1706,1387 1706,1327"/>
                    <TextEquiv>
                        <Unicode>Chisser</Unicode>
                    </TextEquiv>
                </Word>
                <Word id="r2l10_w5" custom="readingOrder {index:4;}">
                    <Coords points="1746,1325 1746,1385 2002,1385 2002,1325"/>
                    <TextEquiv>
                        <Unicode>brunernd</Unicode>
                    </TextEquiv>
                </Word>
                <TextEquiv>
                    <Unicode>snen aufftragen den Chisser brunernd</Unicode>
                </TextEquiv>
            </TextLine>
            <TextLine id="r2l11" custom="readingOrder {index:10;}">
                <Coords points="1040,1475 1217,1469 1276,1506 1590,1452 1999,1492 2082,1445 2081,1367 1883,1364 1774,1414 1634,1360 1542,1434 1376,1379 1039,1423"/>
                <Baseline points="1046,1473 1097,1471 1148,1468 1200,1466 1251,1464 1303,1463 1354,1461 1406,1460 1457,1460 1509,1459 1560,1458 1611,1458 1663,1458 1714,1457 1766,1457 1817,1457 1869,1455 1920,1455 1972,1454 2023,1452 2075,1451"/>
                <Word id="r2l11_w1" custom="readingOrder {index:0;}">
                    <Coords points="1051,1431 1051,1491 1133,1491 1133,1431"/>
                    <TextEquiv>
                        <Unicode>von</Unicode>
                    </TextEquiv>
                </Word>
                <Word id="r2l11_w2" custom="readingOrder {index:1;}">
                    <Coords points="1167,1423 1167,1483 1355,1483 1355,1423"/>
                    <TextEquiv>
                        <Unicode>Sedorff</Unicode>
                    </TextEquiv>
                </Word>
                <Word id="r2l11_w3" custom="readingOrder {index:2;}">
                    <Coords points="1390,1420 1390,1480 1507,1480 1507,1420"/>
                    <TextEquiv>
                        <Unicode>undt</Unicode>
                    </TextEquiv>
                </Word>
                <Word id="r2l11_w4" custom="readingOrder {index:3;}">
                    <Coords points="1566,1418 1566,1478 1636,1478 1636,1418"/>
                    <TextEquiv>
                        <Unicode>die</Unicode>
                    </TextEquiv>
                </Word>
                <Word id="r2l11_w5" custom="readingOrder {index:4;}">
                    <Coords points="1670,1417 1670,1477 1811,1477 1811,1417"/>
                    <TextEquiv>
                        <Unicode>Maria</Unicode>
                    </TextEquiv>
                </Word>
                <Word id="r2l11_w6" custom="readingOrder {index:5;}">
                    <Coords points="1845,1415 1845,1475 1974,1475 1974,1415"/>
                    <TextEquiv>
                        <Unicode>Strehn</Unicode>
                    </TextEquiv>
                </Word>
                <Word id="r2l11_w7" custom="readingOrder {index:6;}">
                    <Coords points="1997,1411 1997,1471 2056,1471 2056,1411"/>
                    <TextEquiv>
                        <Unicode>von</Unicode>
                    </TextEquiv>
                </Word>
                <TextEquiv>
                    <Unicode>von Sedorff undt die Maria Strehn von</Unicode>
                </TextEquiv>
            </TextLine>
            <TextLine id="r2l12" custom="readingOrder {index:11;}">
                <Coords points="1038,1569 1268,1566 1335,1611 1499,1556 1578,1622 1686,1570 2022,1555 2064,1536 2062,1450 1999,1493 1654,1476 1578,1524 1437,1490 1038,1523"/>
                <Baseline points="1046,1560 1096,1560 1147,1560 1197,1560 1248,1560 1298,1560 1349,1560 1399,1560 1450,1559 1500,1559 1551,1557 1602,1556 1652,1556 1703,1554 1753,1553 1804,1551 1854,1550 1905,1547 1955,1545 2006,1542 2057,1539"/>
                <Word id="r2l12_w1" custom="readingOrder {index:0;}">
                    <Coords points="1052,1520 1052,1580 1261,1580 1261,1520"/>
                    <TextEquiv>
                        <Unicode>Oberburg,</Unicode>
                    </TextEquiv>
                </Word>
                <Word id="r2l12_w2" custom="readingOrder {index:1;}">
                    <Coords points="1285,1520 1285,1580 1409,1580 1409,1520"/>
                    <TextEquiv>
                        <Unicode>welche</Unicode>
                    </TextEquiv>
                </Word>
                <Word id="r2l12_w3" custom="readingOrder {index:2;}">
                    <Coords points="1445,1518 1445,1578 1556,1578 1556,1518"/>
                    <TextEquiv>
                        <Unicode>Ihmen</Unicode>
                    </TextEquiv>
                </Word>
                <Word id="r2l12_w4" custom="readingOrder {index:3;}">
                    <Coords points="1592,1516 1592,1576 1666,1576 1666,1516"/>
                    <TextEquiv>
                        <Unicode>Ihr</Unicode>
                    </TextEquiv>
                </Word>
                <Word id="r2l12_w5" custom="readingOrder {index:4;}">
                    <Coords points="1704,1512 1704,1572 1839,1572 1839,1512"/>
                    <TextEquiv>
                        <Unicode>Kindt</Unicode>
                    </TextEquiv>
                </Word>
                <Word id="r2l12_w6" custom="readingOrder {index:5;}">
                    <Coords points="1863,1504 1863,1564 2060,1564 2060,1504"/>
                    <TextEquiv>
                        <Unicode>zugefiget</Unicode>
                    </TextEquiv>
                </Word>
                <TextEquiv>
                    <Unicode>Oberburg, welche Ihmen Ihr Kindt zugefiget</Unicode>
                </TextEquiv>
            </TextLine>
            <TextLine id="r2l13" custom="readingOrder {index:12;}">
                <Coords points="1030,1719 1181,1738 1339,1680 1593,1717 1729,1661 1853,1694 2062,1636 2060,1580 1920,1611 1863,1564 1690,1569 1579,1622 1388,1578 1262,1611 1160,1558 1026,1621"/>
                <Baseline points="1034,1652 1085,1656 1136,1661 1187,1662 1238,1664 1289,1665 1340,1665 1391,1664 1442,1662 1493,1661 1544,1658 1595,1655 1646,1653 1697,1649 1748,1647 1799,1642 1850,1640 1901,1637 1952,1633 2003,1630 2054,1628"/>
                <Word id="r2l13_w1" custom="readingOrder {index:0;}">
                    <Coords points="1030,1621 1030,1681 1341,1681 1341,1621"/>
                    <TextEquiv>
                        <Unicode>auffkünfftige</Unicode>
                    </TextEquiv>
                </Word>
                <Word id="r2l13_w2" custom="readingOrder {index:1;}">
                    <Coords points="1387,1621 1387,1681 1580,1681 1580,1621"/>
                    <TextEquiv>
                        <Unicode>Montag</Unicode>
                    </TextEquiv>
                </Word>
                <Word id="r2l13_w3" custom="readingOrder {index:2;}">
                    <Coords points="1624,1607 1624,1667 1848,1667 1848,1607"/>
                    <TextEquiv>
                        <Unicode>herhalte</Unicode>
                    </TextEquiv>
                </Word>
                <Word id="r2l13_w4" custom="readingOrder {index:3;}">
                    <Coords points="1891,1591 1891,1651 2072,1651 2072,1591"/>
                    <TextEquiv>
                        <Unicode>zulaßen.</Unicode>
                    </TextEquiv>
                </Word>
                <TextEquiv>
                    <Unicode>auffkünfftige Montag herhalte zulaßen.</Unicode>
                </TextEquiv>
            </TextLine>
            <TextLine id="r2l14" custom="readingOrder {index:13;}">
                <Coords points="1021,1874 1233,1883 1317,1952 1392,1893 1499,1930 1607,1867 1834,1915 2046,1807 1935,1787 1871,1830 1647,1789 1573,1821 1413,1781 1329,1820 1264,1777 1171,1801 1088,1747 1018,1781"/>
                <Baseline points="1028,1869 1078,1872 1129,1875 1179,1876 1230,1878 1280,1878 1331,1878 1381,1878 1432,1878 1482,1877 1533,1875 1584,1874 1634,1871 1685,1869 1735,1865 1786,1862 1836,1857 1887,1853 1937,1848 1988,1843 2039,1836"/>
                <Word id="r2l14_w1" custom="readingOrder {index:0;}">
                    <Coords points="1026,1835 1026,1895 1311,1895 1311,1835"/>
                    <TextEquiv>
                        <Unicode>Püiegaubs.</Unicode>
                    </TextEquiv>
                </Word>
                <Word id="r2l14_w2" custom="readingOrder {index:1;}">
                    <Coords points="1348,1838 1348,1898 1425,1898 1425,1838"/>
                    <TextEquiv>
                        <Unicode>Iho</Unicode>
                    </TextEquiv>
                </Word>
                <Word id="r2l14_w3" custom="readingOrder {index:2;}">
                    <Coords points="1446,1830 1446,1890 1845,1890 1845,1830"/>
                    <TextEquiv>
                        <Unicode>brichtscheibenn</Unicode>
                    </TextEquiv>
                </Word>
                <Word id="r2l14_w4" custom="readingOrder {index:3;}">
                    <Coords points="1884,1807 1884,1867 1998,1867 1998,1807"/>
                    <TextEquiv>
                        <Unicode>habe</Unicode>
                    </TextEquiv>
                </Word>
                <TextEquiv>
                    <Unicode>Püiegaubs. Iho brichtscheibenn habe</Unicode>
                </TextEquiv>
            </TextLine>
            <TextLine id="r2l15" custom="readingOrder {index:14;}">
                <Coords points="1061,2016 1425,1978 1502,2038 1588,1994 1658,2041 1774,1965 2056,1950 2053,1879 1923,1846 1843,1906 1645,1946 1458,1894 1316,1954 1216,1881 1056,1889"/>
                <Baseline points="1067,1985 1116,1985 1165,1983 1214,1983 1263,1983 1312,1983 1361,1983 1410,1982 1459,1982 1508,1980 1557,1979 1606,1977 1655,1975 1704,1973 1753,1969 1802,1965 1851,1961 1900,1955 1949,1949 1998,1941 2048,1932"/>
                <Word id="r2l15_w1" custom="readingOrder {index:0;}">
                    <Coords points="1060,1943 1060,2003 1258,2003 1258,1943"/>
                    <TextEquiv>
                        <Unicode>Mengdge</Unicode>
                    </TextEquiv>
                </Word>
                <Word id="r2l15_w2" custom="readingOrder {index:1;}">
                    <Coords points="1287,1943 1287,2003 1319,2003 1319,1943"/>
                    <TextEquiv>
                        <Unicode>r</Unicode>
                    </TextEquiv>
                </Word>
                <Word id="r2l15_w3" custom="readingOrder {index:2;}">
                    <Coords points="1379,1942 1379,2002 1455,2002 1455,1942"/>
                    <TextEquiv>
                        <Unicode>en</Unicode>
                    </TextEquiv>
                </Word>
                <Word id="r2l15_w4" custom="readingOrder {index:3;}">
                    <Coords points="1472,1939 1472,1999 1623,1999 1623,1939"/>
                    <TextEquiv>
                        <Unicode>welcher</Unicode>
                    </TextEquiv>
                </Word>
                <Word id="r2l15_w5" custom="readingOrder {index:4;}">
                    <Coords points="1654,1927 1654,1987 1881,1987 1881,1927"/>
                    <TextEquiv>
                        <Unicode>gestalten</Unicode>
                    </TextEquiv>
                </Word>
                <Word id="r2l15_w6" custom="readingOrder {index:5;}">
                    <Coords points="1928,1905 1928,1965 2019,1965 2019,1905"/>
                    <TextEquiv>
                        <Unicode>Andan</Unicode>
                    </TextEquiv>
                </Word>
                <TextEquiv>
                    <Unicode>Mengdge r en welcher gestalten Andan</Unicode>
                </TextEquiv>
            </TextLine>
            <TextLine id="r2l16" custom="readingOrder {index:15;}">
                <Coords points="1052,2097 1172,2153 1365,2077 1813,2101 1879,2048 2052,2024 2049,1956 1867,1960 1771,2015 1736,1986 1661,2040 1597,2003 1499,2043 1429,1999 1377,2038 1179,1992 1049,2048"/>
                <Baseline points="1059,2088 1108,2087 1157,2084 1206,2082 1256,2081 1305,2081 1354,2079 1404,2079 1453,2078 1502,2078 1552,2076 1601,2075 1650,2073 1699,2069 1749,2066 1798,2061 1847,2055 1897,2048 1946,2040 1995,2030 2045,2019"/>
                <Word id="r2l16_w1" custom="readingOrder {index:0;}">
                    <Coords points="1063,2045 1063,2105 1200,2105 1200,2045"/>
                    <TextEquiv>
                        <Unicode>Gutt</Unicode>
                    </TextEquiv>
                </Word>
                <Word id="r2l16_w2" custom="readingOrder {index:1;}">
                    <Coords points="1225,2041 1225,2101 1325,2101 1325,2041"/>
                    <TextEquiv>
                        <Unicode>Jahr</Unicode>
                    </TextEquiv>
                </Word>
                <Word id="r2l16_w3" custom="readingOrder {index:2;}">
                    <Coords points="1374,2038 1374,2098 1474,2098 1474,2038"/>
                    <TextEquiv>
                        <Unicode>von</Unicode>
                    </TextEquiv>
                </Word>
                <Word id="r2l16_w4" custom="readingOrder {index:3;}">
                    <Coords points="1562,2030 1562,2090 1798,2090 1798,2030"/>
                    <TextEquiv>
                        <Unicode>Rhorbach,</Unicode>
                    </TextEquiv>
                </Word>
                <Word id="r2l16_w5" custom="readingOrder {index:4;}">
                    <Coords points="1811,2017 1811,2077 1849,2077 1849,2017"/>
                    <TextEquiv>
                        <Unicode>so</Unicode>
                    </TextEquiv>
                </Word>
                <Word id="r2l16_w6" custom="readingOrder {index:5;}">
                    <Coords points="1874,2002 1874,2062 1986,2062 1986,2002"/>
                    <TextEquiv>
                        <Unicode>wae</Unicode>
                    </TextEquiv>
                </Word>
                <TextEquiv>
                    <Unicode>Gutt Jahr von Rhorbach, so wae</Unicode>
                </TextEquiv>
            </TextLine>
            <TextLine id="r2l17" custom="readingOrder {index:16;}">
                <Coords points="1014,2202 1378,2176 1490,2239 1570,2184 1789,2195 2071,2105 2067,2037 1923,2036 1814,2101 1417,2087 1330,2157 1163,2152 1107,2106 1011,2143"/>
                <Baseline points="1020,2187 1072,2184 1124,2181 1176,2180 1228,2178 1280,2178 1332,2178 1385,2180 1437,2180 1489,2180 1541,2180 1593,2179 1645,2177 1697,2174 1750,2170 1802,2165 1854,2158 1906,2149 1958,2137 2010,2123 2063,2108"/>
                <Word id="r2l17_w1" custom="readingOrder {index:0;}">
                    <Coords points="1033,2140 1033,2200 1295,2200 1295,2140"/>
                    <TextEquiv>
                        <Unicode>begangener</Unicode>
                    </TextEquiv>
                </Word>
                <Word id="r2l17_w2" custom="readingOrder {index:1;}">
                    <Coords points="1343,2140 1343,2200 1655,2200 1655,2140"/>
                    <TextEquiv>
                        <Unicode>diebstählen</Unicode>
                    </TextEquiv>
                </Word>
                <Word id="r2l17_w3" custom="readingOrder {index:2;}">
                    <Coords points="1703,2131 1703,2191 1769,2191 1769,2131"/>
                    <TextEquiv>
                        <Unicode>deß</Unicode>
                    </TextEquiv>
                </Word>
                <Word id="r2l17_w4" custom="readingOrder {index:3;}">
                    <Coords points="1819,2108 1819,2168 1999,2168 1999,2108"/>
                    <TextEquiv>
                        <Unicode>Landts</Unicode>
                    </TextEquiv>
                </Word>
                <TextEquiv>
                    <Unicode>begangener diebstählen deß Landts</Unicode>
                </TextEquiv>
            </TextLine>
            <TextLine id="r2l18" custom="readingOrder {index:17;}">
                <Coords points="1030,2304 1132,2336 1216,2282 1479,2271 1833,2313 1914,2246 2077,2230 2063,2124 1499,2244 1408,2192 1268,2255 1130,2191 1025,2207"/>
                <Baseline points="1037,2285 1088,2282 1140,2282 1191,2280 1243,2280 1295,2280 1346,2280 1398,2280 1449,2282 1501,2280 1553,2280 1604,2279 1656,2277 1707,2273 1759,2269 1811,2263 1862,2255 1914,2246 1965,2235 2017,2223 2069,2207"/>
                <Word id="r2l18_w1" custom="readingOrder {index:0;}">
                    <Coords points="1043,2241 1043,2301 1243,2301 1243,2241"/>
                    <TextEquiv>
                        <Unicode>verlicsen</Unicode>
                    </TextEquiv>
                </Word>
                <Word id="r2l18_w2" custom="readingOrder {index:1;}">
                    <Coords points="1285,2240 1285,2300 1427,2300 1427,2240"/>
                    <TextEquiv>
                        <Unicode>worden</Unicode>
                    </TextEquiv>
                </Word>
                <Word id="r2l18_w3" custom="readingOrder {index:2;}">
                    <Coords points="1528,2239 1528,2299 1614,2299 1614,2239"/>
                    <TextEquiv>
                        <Unicode>der</Unicode>
                    </TextEquiv>
                </Word>
                <Word id="r2l18_w4" custom="readingOrder {index:3;}">
                    <Coords points="1642,2230 1642,2290 1828,2290 1828,2230"/>
                    <TextEquiv>
                        <Unicode>Barbena</Unicode>
                    </TextEquiv>
                </Word>
                <Word id="r2l18_w5" custom="readingOrder {index:4;}">
                    <Coords points="1886,2196 1886,2256 2029,2256 2029,2196"/>
                    <TextEquiv>
                        <Unicode>haßfer</Unicode>
                    </TextEquiv>
                </Word>
                <TextEquiv>
                    <Unicode>verlicsen worden der Barbena haßfer</Unicode>
                </TextEquiv>
            </TextLine>
            <TextLine id="r2l19" custom="readingOrder {index:18;}">
                <Coords points="999,2421 1074,2369 1198,2443 1386,2372 1481,2437 1616,2378 1896,2401 2074,2307 2071,2237 2027,2211 1810,2329 994,2321"/>
                <Baseline points="1004,2375 1057,2375 1110,2375 1163,2375 1216,2376 1269,2378 1322,2378 1375,2379 1428,2381 1481,2381 1535,2381 1588,2379 1641,2377 1694,2374 1747,2369 1800,2363 1853,2356 1906,2344 1959,2333 2012,2319 2066,2301"/>
                <Word id="r2l19_w1" custom="readingOrder {index:0;}">
                    <Coords points="1001,2335 1001,2395 1108,2395 1108,2335"/>
                    <TextEquiv>
                        <Unicode>Ihre</Unicode>
                    </TextEquiv>
                </Word>
                <Word id="r2l19_w2" custom="readingOrder {index:1;}">
                    <Coords points="1126,2337 1126,2397 1379,2397 1379,2337"/>
                    <TextEquiv>
                        <Unicode>angehörgen</Unicode>
                    </TextEquiv>
                </Word>
                <Word id="r2l19_w3" custom="readingOrder {index:2;}">
                    <Coords points="1432,2341 1432,2401 1541,2401 1541,2341"/>
                    <TextEquiv>
                        <Unicode>alßo</Unicode>
                    </TextEquiv>
                </Word>
                <Word id="r2l19_w4" custom="readingOrder {index:3;}">
                    <Coords points="1577,2334 1577,2394 1795,2394 1795,2334"/>
                    <TextEquiv>
                        <Unicode>veleheren</Unicode>
                    </TextEquiv>
                </Word>
                <Word id="r2l19_w5" custom="readingOrder {index:4;}">
                    <Coords points="1812,2316 1812,2376 1884,2376 1884,2316"/>
                    <TextEquiv>
                        <Unicode>die</Unicode>
                    </TextEquiv>
                </Word>
                <Word id="r2l19_w6" custom="readingOrder {index:5;}">
                    <Coords points="1901,2286 1901,2346 2064,2346 2064,2286"/>
                    <TextEquiv>
                        <Unicode>ohrhate</Unicode>
                    </TextEquiv>
                </Word>
                <TextEquiv>
                    <Unicode>Ihre angehörgen alßo veleheren die ohrhate</Unicode>
                </TextEquiv>
            </TextLine>
            <TextLine id="r2l20" custom="readingOrder {index:19;}">
                <Coords points="988,2535 1039,2549 1155,2476 1212,2514 1283,2479 1722,2509 1775,2457 1993,2429 2080,2385 2077,2339 1759,2435 1648,2380 1524,2435 1329,2411 1205,2451 1090,2389 981,2430"/>
                <Baseline points="992,2477 1046,2477 1100,2478 1154,2480 1208,2481 1262,2483 1316,2484 1370,2484 1424,2486 1478,2484 1532,2484 1586,2481 1640,2477 1694,2472 1748,2466 1802,2458 1856,2447 1910,2436 1964,2421 2018,2403 2072,2382"/>
                <Word id="r2l20_w1" custom="readingOrder {index:0;}">
                    <Coords points="1003,2437 1003,2497 1151,2497 1151,2437"/>
                    <TextEquiv>
                        <Unicode>dieses</Unicode>
                    </TextEquiv>
                </Word>
                <Word id="r2l20_w2" custom="readingOrder {index:1;}">
                    <Coords points="1183,2443 1183,2503 1348,2503 1348,2443"/>
                    <TextEquiv>
                        <Unicode>gesellen</Unicode>
                    </TextEquiv>
                </Word>
                <Word id="r2l20_w3" custom="readingOrder {index:2;}">
                    <Coords points="1380,2444 1380,2504 1595,2504 1595,2444"/>
                    <TextEquiv>
                        <Unicode>ohnbewuß</Unicode>
                    </TextEquiv>
                </Word>
                <Word id="r2l20_w4" custom="readingOrder {index:3;}">
                    <Coords points="1644,2426 1644,2486 1842,2486 1842,2426"/>
                    <TextEquiv>
                        <Unicode>gewesen,</Unicode>
                    </TextEquiv>
                </Word>
                <Word id="r2l20_w5" custom="readingOrder {index:4;}">
                    <Coords points="1875,2394 1875,2454 1958,2454 1958,2394"/>
                    <TextEquiv>
                        <Unicode>undt</Unicode>
                    </TextEquiv>
                </Word>
                <Word id="r2l20_w6" custom="readingOrder {index:5;}">
                    <Coords points="1974,2357 1974,2417 2090,2417 2090,2357"/>
                    <TextEquiv>
                        <Unicode>wr¬</Unicode>
                    </TextEquiv>
                </Word>
                <TextEquiv>
                    <Unicode>dieses gesellen ohnbewuß gewesen, undt wr¬</Unicode>
                </TextEquiv>
            </TextLine>
            <TextLine id="r2l21" custom="readingOrder {index:20;}">
                <Coords points="999,2609 1093,2652 1350,2603 1419,2651 1485,2616 1532,2647 2071,2498 2068,2454 1921,2429 1773,2457 1722,2508 1379,2491 1263,2541 1202,2510 1139,2551 995,2543"/>
                <Baseline points="1004,2570 1059,2571 1115,2573 1171,2574 1226,2575 1282,2577 1338,2578 1394,2579 1449,2580 1505,2579 1561,2577 1617,2576 1672,2573 1728,2567 1784,2560 1840,2551 1895,2540 1951,2526 2007,2511 2063,2492"/>
                <Word id="r2l21_w1" custom="readingOrder {index:0;}">
                    <Coords points="1005,2530 1005,2590 1068,2590 1068,2530"/>
                    <TextEquiv>
                        <Unicode>in</Unicode>
                    </TextEquiv>
                </Word>
                <Word id="r2l21_w2" custom="readingOrder {index:1;}">
                    <Coords points="1092,2533 1092,2593 1241,2593 1241,2533"/>
                    <TextEquiv>
                        <Unicode>gesein</Unicode>
                    </TextEquiv>
                </Word>
                <Word id="r2l21_w3" custom="readingOrder {index:2;}">
                    <Coords points="1262,2537 1262,2597 1413,2597 1413,2537"/>
                    <TextEquiv>
                        <Unicode>helige</Unicode>
                    </TextEquiv>
                </Word>
                <Word id="r2l21_w4" custom="readingOrder {index:3;}">
                    <Coords points="1434,2537 1434,2597 1670,2597 1670,2537"/>
                    <TextEquiv>
                        <Unicode>Eehliches</Unicode>
                    </TextEquiv>
                </Word>
                <Word id="r2l21_w5" custom="readingOrder {index:4;}">
                    <Coords points="1693,2517 1693,2577 1908,2577 1908,2517"/>
                    <TextEquiv>
                        <Unicode>Marer</Unicode>
                    </TextEquiv>
                </Word>
                <Word id="r2l21_w6" custom="readingOrder {index:5;}">
                    <Coords points="1929,2480 1929,2540 2015,2540 2015,2480"/>
                    <TextEquiv>
                        <Unicode>der</Unicode>
                    </TextEquiv>
                </Word>
                <TextEquiv>
                    <Unicode>in gesein helige Eehliches Marer der</Unicode>
                </TextEquiv>
            </TextLine>
            <TextEquiv>
                <Unicode></Unicode>
            </TextEquiv>
        </TextRegion>
        <TextRegion orientation="0.0" id="r3" custom="readingOrder {index:2;}">
            <Coords points="2132,1453 2132,1948 2402,1948 2402,1453"/>
            <TextLine id="r3l1" custom="readingOrder {index:0;}">
                <Coords points="2196,1511 2217,1516 2223,1508 2262,1493 2292,1495 2317,1487 2308,1380 2243,1374 2187,1407"/>
                <Baseline points="2202,1491 2228,1489 2255,1485 2282,1482 2309,1484"/>
                <Word id="r3l1_w1" custom="readingOrder {index:0;}">
                    <Coords points="2192,1444 2192,1504 2327,1504 2327,1444"/>
                    <TextEquiv>
                        <Unicode>obl.</Unicode>
                    </TextEquiv>
                </Word>
                <TextEquiv>
                    <Unicode>obl.</Unicode>
                </TextEquiv>
            </TextLine>
            <TextLine id="r3l2" custom="readingOrder {index:1;}">
                <Coords points="2126,1825 2233,1808 2258,1821 2298,1802 2372,1824 2410,1809 2404,1721 2272,1683 2208,1736 2171,1728 2121,1762"/>
                <Baseline points="2132,1814 2159,1810 2186,1807 2213,1806 2240,1803 2267,1802 2294,1800 2321,1798 2348,1797 2375,1796 2402,1793"/>
                <Word id="r3l2_w1" custom="readingOrder {index:0;}">
                    <Coords points="2134,1761 2134,1821 2420,1821 2420,1761"/>
                    <TextEquiv>
                        <Unicode>Borcamfrann</Unicode>
                    </TextEquiv>
                </Word>
                <TextEquiv>
                    <Unicode>Borcamfrann</Unicode>
                </TextEquiv>
            </TextLine>
            <TextLine id="r3l3" custom="readingOrder {index:2;}">
                <Coords points="2264,1861 2297,1856 2302,1860 2312,1858 2320,1862 2329,1854 2339,1854 2336,1805 2322,1808 2317,1804 2297,1824 2288,1816 2285,1818 2273,1811 2261,1812"/>
                <Baseline points="2271,1857 2301,1854 2331,1854"/>
                <Word id="r3l3_w1" custom="readingOrder {index:0;}">
                    <Coords points="2262,1815 2262,1875 2311,1875 2311,1815"/>
                    <TextEquiv>
                        <Unicode>1</Unicode>
                    </TextEquiv>
                </Word>
                <TextEquiv>
                    <Unicode>1</Unicode>
                </TextEquiv>
            </TextLine>
            <TextLine id="r3l4" custom="readingOrder {index:3;}">
                <Coords points="2128,1933 2163,1942 2208,1928 2284,1974 2394,1968 2388,1849 2338,1867 2245,1847 2198,1873 2173,1854 2125,1878"/>
                <Baseline points="2135,1934 2162,1931 2190,1929 2218,1928 2245,1926 2273,1925 2301,1923 2328,1923 2356,1922 2384,1920"/>
                <Word id="r3l4_w1" custom="readingOrder {index:0;}">
                    <Coords points="2127,1889 2127,1949 2246,1949 2246,1889"/>
                    <TextEquiv>
                        <Unicode>Cuenet</Unicode>
                    </TextEquiv>
                </Word>
                <Word id="r3l4_w2" custom="readingOrder {index:1;}">
                    <Coords points="2271,1883 2271,1943 2377,1943 2377,1883"/>
                    <TextEquiv>
                        <Unicode>Piere</Unicode>
                    </TextEquiv>
                </Word>
                <TextEquiv>
                    <Unicode>Cuenet Piere</Unicode>
                </TextEquiv>
            </TextLine>
            <TextEquiv>
                <Unicode></Unicode>
            </TextEquiv>
        </TextRegion>
        <TextRegion orientation="0.0" id="r4" custom="readingOrder {index:3;}">
            <Coords points="2367,387 2367,2551 3549,2551 3549,387"/>
            <TextLine id="r4l1" custom="readingOrder {index:0;}">
                <Coords points="3374,498 3398,490 3414,501 3433,490 3446,500 3479,475 3520,481 3529,376 3475,393 3418,381 3397,387 3383,380"/>
                <Baseline points="3386,432 3412,433 3438,436 3464,438 3490,441 3516,440"/>
                <Word id="r4l1_w1" custom="readingOrder {index:0;}">
                    <Coords points="3389,394 3389,454 3464,454 3464,394"/>
                    <TextEquiv>
                        <Unicode>525</Unicode>
                    </TextEquiv>
                </Word>
                <TextEquiv>
                    <Unicode>525</Unicode>
                </TextEquiv>
            </TextLine>
            <TextLine id="r4l2" custom="readingOrder {index:1;}">
                <Coords points="2437,570 2523,528 2660,566 2770,514 2989,533 3045,594 3109,556 3164,609 3256,550 3511,565 3513,524 3185,430 2966,479 2599,401 2443,462"/>
                <Baseline points="2448,506 2500,507 2553,510 2606,512 2659,514 2712,516 2764,519 2817,522 2870,524 2923,527 2976,530 3028,533 3081,537 3134,539 3187,542 3240,545 3292,548 3345,551 3398,554 3451,557 3504,560"/>
                <Word id="r4l2_w1" custom="readingOrder {index:0;}">
                    <Coords points="2441,466 2441,526 2514,526 2514,466"/>
                    <TextEquiv>
                        <Unicode>Ehr</Unicode>
                    </TextEquiv>
                </Word>
                <Word id="r4l2_w2" custom="readingOrder {index:1;}">
                    <Coords points="2529,473 2529,533 2781,533 2781,473"/>
                    <TextEquiv>
                        <Unicode>Versproechen,</Unicode>
                    </TextEquiv>
                </Word>
                <Word id="r4l2_w3" custom="readingOrder {index:2;}">
                    <Coords points="2796,484 2796,544 2944,544 2944,484"/>
                    <TextEquiv>
                        <Unicode>sondern</Unicode>
                    </TextEquiv>
                </Word>
                <Word id="r4l2_w4" custom="readingOrder {index:3;}">
                    <Coords points="2959,490 2959,550 3017,550 3017,490"/>
                    <TextEquiv>
                        <Unicode>auch</Unicode>
                    </TextEquiv>
                </Word>
                <Word id="r4l2_w5" custom="readingOrder {index:4;}">
                    <Coords points="3032,502 3032,562 3343,562 3343,502"/>
                    <TextEquiv>
                        <Unicode>nachtdrtselbe</Unicode>
                    </TextEquiv>
                </Word>
                <Word id="r4l2_w6" custom="readingOrder {index:5;}">
                    <Coords points="3358,513 3358,573 3433,573 3433,513"/>
                    <TextEquiv>
                        <Unicode>dem</Unicode>
                    </TextEquiv>
                </Word>
                <TextEquiv>
                    <Unicode>Ehr Versproechen, sondern auch nachtdrtselbe dem</Unicode>
                </TextEquiv>
            </TextLine>
            <TextLine id="r4l3" custom="readingOrder {index:2;}">
                <Coords points="2421,663 2628,607 3287,669 3535,649 3536,612 3388,568 3163,609 3110,555 3037,594 2765,516 2672,572 2523,529 2424,573"/>
                <Baseline points="2430,617 2484,613 2539,611 2594,609 2649,609 2704,611 2759,612 2814,614 2869,617 2924,620 2979,623 3033,626 3088,629 3143,633 3198,635 3253,639 3308,641 3363,644 3418,644 3473,645 3528,644"/>
                <Word id="r4l3_w1" custom="readingOrder {index:0;}">
                    <Coords points="2435,574 2435,634 2497,634 2497,574"/>
                    <TextEquiv>
                        <Unicode>E.</Unicode>
                    </TextEquiv>
                </Word>
                <Word id="r4l3_w2" custom="readingOrder {index:1;}">
                    <Coords points="2509,569 2509,629 2735,629 2735,569"/>
                    <TextEquiv>
                        <Unicode>Erudicanten</Unicode>
                    </TextEquiv>
                </Word>
                <Word id="r4l3_w3" custom="readingOrder {index:2;}">
                    <Coords points="2772,573 2772,633 2834,633 2834,573"/>
                    <TextEquiv>
                        <Unicode>zur</Unicode>
                    </TextEquiv>
                </Word>
                <Word id="r4l3_w4" custom="readingOrder {index:3;}">
                    <Coords points="2858,583 2858,643 3133,643 3133,583"/>
                    <TextEquiv>
                        <Unicode>Ptroclamation</Unicode>
                    </TextEquiv>
                </Word>
                <Word id="r4l3_w5" custom="readingOrder {index:4;}">
                    <Coords points="3170,598 3170,658 3320,658 3320,598"/>
                    <TextEquiv>
                        <Unicode>angebe,</Unicode>
                    </TextEquiv>
                </Word>
                <Word id="r4l3_w6" custom="readingOrder {index:5;}">
                    <Coords points="3332,604 3332,664 3408,664 3408,604"/>
                    <TextEquiv>
                        <Unicode>und</Unicode>
                    </TextEquiv>
                </Word>
                <Word id="r4l3_w7" custom="readingOrder {index:6;}">
                    <Coords points="3433,604 3433,664 3519,664 3519,604"/>
                    <TextEquiv>
                        <Unicode>selbe</Unicode>
                    </TextEquiv>
                </Word>
                <TextEquiv>
                    <Unicode>E. Erudicanten zur Ptroclamation angebe, und selbe</Unicode>
                </TextEquiv>
            </TextLine>
            <TextLine id="r4l4" custom="readingOrder {index:3;}">
                <Coords points="2421,769 2505,740 2579,769 2711,700 2882,706 3026,795 3115,737 3166,792 3232,742 3273,774 3442,738 3444,679 3236,654 3173,697 3102,648 2852,656 2761,610 2670,683 2546,635 2425,665"/>
                <Baseline points="2430,708 2480,707 2530,705 2580,705 2631,705 2681,705 2731,707 2781,709 2832,711 2882,713 2932,716 2982,717 3033,720 3083,723 3133,725 3183,728 3234,729 3284,731 3334,732 3384,734 3435,734"/>
                <Word id="r4l4_w1" custom="readingOrder {index:0;}">
                    <Coords points="2439,665 2439,725 2724,725 2724,665"/>
                    <TextEquiv>
                        <Unicode>geschwängeret,</Unicode>
                    </TextEquiv>
                </Word>
                <Word id="r4l4_w2" custom="readingOrder {index:1;}">
                    <Coords points="2752,669 2752,729 2810,729 2810,669"/>
                    <TextEquiv>
                        <Unicode>bey</Unicode>
                    </TextEquiv>
                </Word>
                <Word id="r4l4_w3" custom="readingOrder {index:2;}">
                    <Coords points="2824,672 2824,732 2938,732 2938,672"/>
                    <TextEquiv>
                        <Unicode>solches</Unicode>
                    </TextEquiv>
                </Word>
                <Word id="r4l4_w4" custom="readingOrder {index:3;}">
                    <Coords points="2966,677 2966,737 3010,737 3010,677"/>
                    <TextEquiv>
                        <Unicode>der</Unicode>
                    </TextEquiv>
                </Word>
                <Word id="r4l4_w5" custom="readingOrder {index:4;}">
                    <Coords points="3024,682 3024,742 3125,742 3125,682"/>
                    <TextEquiv>
                        <Unicode>sachen</Unicode>
                    </TextEquiv>
                </Word>
                <Word id="r4l4_w6" custom="readingOrder {index:5;}">
                    <Coords points="3139,690 3139,750 3410,750 3410,690"/>
                    <TextEquiv>
                        <Unicode>gestaltsamme</Unicode>
                    </TextEquiv>
                </Word>
                <TextEquiv>
                    <Unicode>geschwängeret, bey solches der sachen gestaltsamme</Unicode>
                </TextEquiv>
            </TextLine>
            <TextLine id="r4l5" custom="readingOrder {index:4;}">
                <Coords points="2432,801 2686,817 2777,879 2908,818 3440,836 3452,749 3166,793 3116,740 3025,794 2885,705 2806,703 2742,754 2632,735 2552,779 2507,742 2433,775"/>
                <Baseline points="2439,800 2489,801 2539,801 2589,803 2639,804 2690,806 2740,807 2790,809 2840,810 2890,811 2941,812 2991,815 3041,816 3091,816 3141,818 3192,819 3242,819 3292,821 3342,821 3392,822 3443,822"/>
                <Word id="r4l5_w1" custom="readingOrder {index:0;}">
                    <Coords points="2435,760 2435,820 2462,820 2462,760"/>
                    <TextEquiv>
                        <Unicode>u</Unicode>
                    </TextEquiv>
                </Word>
                <Word id="r4l5_w2" custom="readingOrder {index:1;}">
                    <Coords points="2505,761 2505,821 2588,821 2588,761"/>
                    <TextEquiv>
                        <Unicode>l</Unicode>
                    </TextEquiv>
                </Word>
                <Word id="r4l5_w3" custom="readingOrder {index:2;}">
                    <Coords points="2656,766 2656,826 2795,826 2795,766"/>
                    <TextEquiv>
                        <Unicode>ene</Unicode>
                    </TextEquiv>
                </Word>
                <Word id="r4l5_w4" custom="readingOrder {index:3;}">
                    <Coords points="2808,770 2808,830 2891,830 2891,770"/>
                    <TextEquiv>
                        <Unicode>Hrer</Unicode>
                    </TextEquiv>
                </Word>
                <Word id="r4l5_w5" custom="readingOrder {index:4;}">
                    <Coords points="2920,771 2920,831 2961,831 2961,771"/>
                    <TextEquiv>
                        <Unicode>is</Unicode>
                    </TextEquiv>
                </Word>
                <Word id="r4l5_w6" custom="readingOrder {index:5;}">
                    <Coords points="2975,776 2975,836 3210,836 3210,776"/>
                    <TextEquiv>
                        <Unicode>angesamn</Unicode>
                    </TextEquiv>
                </Word>
                <Word id="r4l5_w7" custom="readingOrder {index:6;}">
                    <Coords points="3253,781 3253,841 3377,841 3377,781"/>
                    <TextEquiv>
                        <Unicode>haben,</Unicode>
                    </TextEquiv>
                </Word>
                <Word id="r4l5_w8" custom="readingOrder {index:7;}">
                    <Coords points="3406,782 3406,842 3462,842 3462,782"/>
                    <TextEquiv>
                        <Unicode>die</Unicode>
                    </TextEquiv>
                </Word>
                <TextEquiv>
                    <Unicode>u l ene Hrer is angesamn haben, die</Unicode>
                </TextEquiv>
            </TextLine>
            <TextLine id="r4l6" custom="readingOrder {index:5;}">
                <Coords points="2416,927 2517,893 2805,932 3037,903 3215,954 3488,909 3488,862 3233,817 3048,869 2902,823 2790,876 2562,813 2417,869"/>
                <Baseline points="2424,891 2476,891 2529,893 2582,893 2635,893 2688,894 2740,894 2793,896 2846,896 2899,897 2952,898 3004,899 3057,900 3110,902 3163,902 3216,903 3268,905 3321,905 3374,906 3427,908 3480,908"/>
                <Word id="r4l6_w1" custom="readingOrder {index:0;}">
                    <Coords points="2428,851 2428,911 2573,911 2573,851"/>
                    <TextEquiv>
                        <Unicode>hostler</Unicode>
                    </TextEquiv>
                </Word>
                <Word id="r4l6_w2" custom="readingOrder {index:1;}">
                    <Coords points="2595,853 2595,913 2672,913 2672,853"/>
                    <TextEquiv>
                        <Unicode>von</Unicode>
                    </TextEquiv>
                </Word>
                <Word id="r4l6_w3" custom="readingOrder {index:2;}">
                    <Coords points="2694,856 2694,916 2918,916 2918,856"/>
                    <TextEquiv>
                        <Unicode>künfftigen</Unicode>
                    </TextEquiv>
                </Word>
                <Word id="r4l6_w4" custom="readingOrder {index:3;}">
                    <Coords points="2951,859 2951,919 3107,919 3107,859"/>
                    <TextEquiv>
                        <Unicode>Montag</Unicode>
                    </TextEquiv>
                </Word>
                <Word id="r4l6_w5" custom="readingOrder {index:4;}">
                    <Coords points="3140,863 3140,923 3318,923 3318,863"/>
                    <TextEquiv>
                        <Unicode>überacht</Unicode>
                    </TextEquiv>
                </Word>
                <Word id="r4l6_w6" custom="readingOrder {index:5;}">
                    <Coords points="3342,865 3342,925 3397,925 3397,865"/>
                    <TextEquiv>
                        <Unicode>tag</Unicode>
                    </TextEquiv>
                </Word>
                <TextEquiv>
                    <Unicode>hostler von künfftigen Montag überacht tag</Unicode>
                </TextEquiv>
            </TextLine>
            <TextLine id="r4l7" custom="readingOrder {index:6;}">
                <Coords points="2426,996 2920,999 2993,1041 3133,987 3483,1044 3485,954 3339,969 3281,917 3143,970 2976,909 2920,943 2855,902 2734,941 2670,903 2428,921"/>
                <Baseline points="2433,981 2485,981 2537,981 2589,983 2641,983 2694,984 2746,984 2798,986 2850,987 2902,989 2955,989 3007,990 3059,993 3111,995 3163,996 3216,998 3268,999 3320,1001 3372,1003 3424,1005 3477,1007"/>
                <Word id="r4l7_w1" custom="readingOrder {index:0;}">
                    <Coords points="2427,941 2427,1001 2495,1001 2495,941"/>
                    <TextEquiv>
                        <Unicode>von</Unicode>
                    </TextEquiv>
                </Word>
                <Word id="r4l7_w2" custom="readingOrder {index:1;}">
                    <Coords points="2508,941 2508,1001 2601,1001 2601,941"/>
                    <TextEquiv>
                        <Unicode>gnädigen</Unicode>
                    </TextEquiv>
                </Word>
                <Word id="r4l7_w3" custom="readingOrder {index:2;}">
                    <Coords points="2612,943 2612,1003 2728,1003 2728,943"/>
                    <TextEquiv>
                        <Unicode>Herren</Unicode>
                    </TextEquiv>
                </Word>
                <Word id="r4l7_w4" custom="readingOrder {index:3;}">
                    <Coords points="2752,946 2752,1006 2890,1006 2890,946"/>
                    <TextEquiv>
                        <Unicode>halten</Unicode>
                    </TextEquiv>
                </Word>
                <Word id="r4l7_w5" custom="readingOrder {index:4;}">
                    <Coords points="2914,950 2914,1010 3100,1010 3100,950"/>
                    <TextEquiv>
                        <Unicode>zulaßen</Unicode>
                    </TextEquiv>
                </Word>
                <Word id="r4l7_w6" custom="readingOrder {index:5;}">
                    <Coords points="3157,956 3157,1016 3204,1016 3204,956"/>
                    <TextEquiv>
                        <Unicode>da</Unicode>
                    </TextEquiv>
                </Word>
                <Word id="r4l7_w7" custom="readingOrder {index:6;}">
                    <Coords points="3238,962 3238,1022 3482,1022 3482,962"/>
                    <TextEquiv>
                        <Unicode>Pamittlest</Unicode>
                    </TextEquiv>
                </Word>
                <TextEquiv>
                    <Unicode>von gnädigen Herren halten zulaßen da Pamittlest</Unicode>
                </TextEquiv>
            </TextLine>
            <TextLine id="r4l8" custom="readingOrder {index:7;}">
                <Coords points="2398,1132 2495,1152 2559,1089 2882,1073 3182,1158 3328,1099 3382,1129 3499,1100 3498,1060 3220,1006 2994,1043 2852,994 2694,1056 2502,983 2400,1028"/>
                <Baseline points="2406,1083 2460,1082 2514,1082 2568,1083 2623,1083 2677,1083 2731,1085 2786,1085 2840,1086 2894,1088 2949,1088 3003,1089 3057,1091 3111,1092 3166,1094 3220,1095 3274,1097 3329,1098 3383,1100 3437,1101 3492,1103"/>
                <Word id="r4l8_w1" custom="readingOrder {index:0;}">
                    <Coords points="2402,1042 2402,1102 2575,1102 2575,1042"/>
                    <TextEquiv>
                        <Unicode>MHen</Unicode>
                    </TextEquiv>
                </Word>
                <Word id="r4l8_w2" custom="readingOrder {index:1;}">
                    <Coords points="2606,1043 2606,1103 2649,1103 2649,1043"/>
                    <TextEquiv>
                        <Unicode>der</Unicode>
                    </TextEquiv>
                </Word>
                <Word id="r4l8_w3" custom="readingOrder {index:2;}">
                    <Coords points="2663,1045 2663,1105 2881,1105 2881,1045"/>
                    <TextEquiv>
                        <Unicode>Ebarkeit</Unicode>
                    </TextEquiv>
                </Word>
                <Word id="r4l8_w4" custom="readingOrder {index:3;}">
                    <Coords points="2911,1048 2911,1108 2940,1108 2940,1048"/>
                    <TextEquiv>
                        <Unicode>zu</Unicode>
                    </TextEquiv>
                </Word>
                <Word id="r4l8_w5" custom="readingOrder {index:4;}">
                    <Coords points="2983,1051 2983,1111 3158,1111 3158,1051"/>
                    <TextEquiv>
                        <Unicode>Mhorbeh</Unicode>
                    </TextEquiv>
                </Word>
                <Word id="r4l8_w6" custom="readingOrder {index:5;}">
                    <Coords points="3187,1058 3187,1118 3478,1118 3478,1058"/>
                    <TextEquiv>
                        <Unicode>aufgetragen</Unicode>
                    </TextEquiv>
                </Word>
                <TextEquiv>
                    <Unicode>MHen der Ebarkeit zu Mhorbeh aufgetragen</Unicode>
                </TextEquiv>
            </TextLine>
            <TextLine id="r4l9" custom="readingOrder {index:8;}">
                <Coords points="2404,1193 2762,1195 2873,1255 2949,1210 3081,1240 3199,1182 3284,1220 3459,1203 3460,1161 3371,1110 3197,1163 3111,1108 2939,1170 2709,1118 2629,1161 2562,1105 2405,1155"/>
                <Baseline points="2412,1176 2464,1176 2516,1178 2568,1179 2620,1179 2672,1181 2724,1182 2776,1182 2828,1184 2880,1185 2932,1187 2984,1187 3036,1188 3088,1190 3140,1190 3192,1191 3244,1191 3296,1193 3348,1193 3400,1194 3452,1194"/>
                <Word id="r4l9_w1" custom="readingOrder {index:0;}">
                    <Coords points="2417,1136 2417,1196 2464,1196 2464,1136"/>
                    <TextEquiv>
                        <Unicode>zu</Unicode>
                    </TextEquiv>
                </Word>
                <Word id="r4l9_w2" custom="readingOrder {index:1;}">
                    <Coords points="2500,1138 2500,1198 2560,1198 2560,1138"/>
                    <TextEquiv>
                        <Unicode>dem</Unicode>
                    </TextEquiv>
                </Word>
                <Word id="r4l9_w3" custom="readingOrder {index:2;}">
                    <Coords points="2608,1140 2608,1200 2703,1200 2703,1140"/>
                    <TextEquiv>
                        <Unicode>endt</Unicode>
                    </TextEquiv>
                </Word>
                <Word id="r4l9_w4" custom="readingOrder {index:3;}">
                    <Coords points="2739,1142 2739,1202 2847,1202 2847,1142"/>
                    <TextEquiv>
                        <Unicode>Einen</Unicode>
                    </TextEquiv>
                </Word>
                <Word id="r4l9_w5" custom="readingOrder {index:4;}">
                    <Coords points="2884,1147 2884,1207 3170,1207 3170,1147"/>
                    <TextEquiv>
                        <Unicode>außgeschoßen</Unicode>
                    </TextEquiv>
                </Word>
                <Word id="r4l9_w6" custom="readingOrder {index:5;}">
                    <Coords points="3230,1152 3230,1212 3313,1212 3313,1152"/>
                    <TextEquiv>
                        <Unicode>auff</Unicode>
                    </TextEquiv>
                </Word>
                <Word id="r4l9_w7" custom="readingOrder {index:6;}">
                    <Coords points="3337,1153 3337,1213 3444,1213 3444,1153"/>
                    <TextEquiv>
                        <Unicode>obige</Unicode>
                    </TextEquiv>
                </Word>
                <TextEquiv>
                    <Unicode>zu dem endt Einen außgeschoßen auff obige</Unicode>
                </TextEquiv>
            </TextLine>
            <TextLine id="r4l10" custom="readingOrder {index:9;}">
                <Coords points="2410,1283 2588,1289 2676,1343 2832,1277 2902,1326 3103,1314 3147,1353 3325,1290 3408,1310 3411,1188 3288,1243 3244,1209 3206,1240 2947,1211 2873,1255 2769,1196 2596,1187 2555,1219 2473,1183 2412,1218"/>
                <Baseline points="2418,1269 2467,1269 2516,1269 2565,1271 2614,1271 2664,1272 2713,1272 2762,1274 2811,1275 2860,1275 2910,1277 2959,1278 3008,1280 3057,1280 3106,1281 3156,1283 3205,1284 3254,1284 3303,1286 3352,1287 3402,1287"/>
                <Word id="r4l10_w1" custom="readingOrder {index:0;}">
                    <Coords points="2414,1229 2414,1289 2599,1289 2599,1229"/>
                    <TextEquiv>
                        <Unicode>heithmit</Unicode>
                    </TextEquiv>
                </Word>
                <Word id="r4l10_w2" custom="readingOrder {index:1;}">
                    <Coords points="2629,1232 2629,1292 2815,1292 2815,1232"/>
                    <TextEquiv>
                        <Unicode>nötigen</Unicode>
                    </TextEquiv>
                </Word>
                <Word id="r4l10_w3" custom="readingOrder {index:2;}">
                    <Coords points="2873,1237 2873,1297 3017,1297 3017,1237"/>
                    <TextEquiv>
                        <Unicode>beicht</Unicode>
                    </TextEquiv>
                </Word>
                <Word id="r4l10_w4" custom="readingOrder {index:3;}">
                    <Coords points="3045,1241 3045,1301 3175,1301 3175,1241"/>
                    <TextEquiv>
                        <Unicode>allhas</Unicode>
                    </TextEquiv>
                </Word>
                <Word id="r4l10_w5" custom="readingOrder {index:4;}">
                    <Coords points="3205,1244 3205,1304 3247,1304 3247,1244"/>
                    <TextEquiv>
                        <Unicode>zu</Unicode>
                    </TextEquiv>
                </Word>
                <Word id="r4l10_w6" custom="readingOrder {index:5;}">
                    <Coords points="3261,1246 3261,1306 3421,1306 3421,1246"/>
                    <TextEquiv>
                        <Unicode>schike:</Unicode>
                    </TextEquiv>
                </Word>
                <TextEquiv>
                    <Unicode>heithmit nötigen beicht allhas zu schike:</Unicode>
                </TextEquiv>
            </TextLine>
            <TextLine id="r4l11" custom="readingOrder {index:10;}">
                <Coords points="2393,1483 2723,1486 2773,1528 2827,1489 3021,1516 3067,1480 3136,1496 3208,1462 3206,1406 3123,1370 2977,1422 2892,1372 2803,1396 2736,1366 2680,1406 2541,1398 2481,1348 2390,1360"/>
                <Baseline points="2400,1482 2440,1478 2480,1476 2520,1474 2560,1472 2600,1470 2640,1469 2680,1467 2720,1467 2760,1466 2800,1465 2840,1464 2880,1464 2920,1463 2960,1463 3000,1461 3040,1461 3080,1460 3120,1459 3160,1458 3200,1457"/>
                <Word id="r4l11_w1" custom="readingOrder {index:0;}">
                    <Coords points="2395,1434 2395,1494 2632,1494 2632,1434"/>
                    <TextEquiv>
                        <Unicode>Rhobach.</Unicode>
                    </TextEquiv>
                </Word>
                <Word id="r4l11_w2" custom="readingOrder {index:1;}">
                    <Coords points="2663,1427 2663,1487 2742,1487 2742,1427"/>
                    <TextEquiv>
                        <Unicode>Sie</Unicode>
                    </TextEquiv>
                </Word>
                <Word id="r4l11_w3" custom="readingOrder {index:2;}">
                    <Coords points="2774,1424 2774,1484 2917,1484 2917,1424"/>
                    <TextEquiv>
                        <Unicode>deßen</Unicode>
                    </TextEquiv>
                </Word>
                <Word id="r4l11_w4" custom="readingOrder {index:3;}">
                    <Coords points="2963,1419 2963,1479 3218,1479 3218,1419"/>
                    <TextEquiv>
                        <Unicode>berichten.</Unicode>
                    </TextEquiv>
                </Word>
                <TextEquiv>
                    <Unicode>Rhobach. Sie deßen berichten.</Unicode>
                </TextEquiv>
            </TextLine>
            <TextLine id="r4l12" custom="readingOrder {index:11;}">
                <Coords points="2387,1590 3556,1597 3513,1513 3372,1500 3306,1543 3231,1500 2770,1529 2563,1472 2387,1517"/>
                <Baseline points="2394,1575 2451,1574 2509,1574 2567,1574 2625,1572 2682,1572 2740,1571 2798,1571 2856,1569 2913,1569 2971,1569 3029,1569 3087,1569 3144,1569 3202,1570 3260,1571 3318,1572 3375,1574 3433,1577 3491,1581 3549,1584"/>
                <Word id="r4l12_w1" custom="readingOrder {index:0;}">
                    <Coords points="2400,1534 2400,1594 2423,1594 2423,1534"/>
                    <TextEquiv>
                        <Unicode>W</Unicode>
                    </TextEquiv>
                </Word>
                <Word id="r4l12_w2" custom="readingOrder {index:1;}">
                    <Coords points="2492,1534 2492,1594 2515,1594 2515,1534"/>
                    <TextEquiv>
                        <Unicode>in</Unicode>
                    </TextEquiv>
                </Word>
                <Word id="r4l12_w3" custom="readingOrder {index:2;}">
                    <Coords points="2540,1534 2540,1594 2586,1594 2586,1534"/>
                    <TextEquiv>
                        <Unicode>der</Unicode>
                    </TextEquiv>
                </Word>
                <Word id="r4l12_w4" custom="readingOrder {index:3;}">
                    <Coords points="2609,1532 2609,1592 2737,1592 2737,1532"/>
                    <TextEquiv>
                        <Unicode>Cantzey</Unicode>
                    </TextEquiv>
                </Word>
                <Word id="r4l12_w5" custom="readingOrder {index:4;}">
                    <Coords points="2760,1531 2760,1591 2818,1591 2818,1531"/>
                    <TextEquiv>
                        <Unicode>soll</Unicode>
                    </TextEquiv>
                </Word>
                <Word id="r4l12_w6" custom="readingOrder {index:5;}">
                    <Coords points="2854,1529 2854,1589 3123,1589 3123,1529"/>
                    <TextEquiv>
                        <Unicode>nachgeschlagen</Unicode>
                    </TextEquiv>
                </Word>
                <Word id="r4l12_w7" custom="readingOrder {index:6;}">
                    <Coords points="3134,1529 3134,1589 3238,1589 3238,1529"/>
                    <TextEquiv>
                        <Unicode>werden</Unicode>
                    </TextEquiv>
                </Word>
                <Word id="r4l12_w8" custom="readingOrder {index:7;}">
                    <Coords points="3261,1532 3261,1592 3378,1592 3378,1532"/>
                    <TextEquiv>
                        <Unicode>wegedeß</Unicode>
                    </TextEquiv>
                </Word>
                <Word id="r4l12_w9" custom="readingOrder {index:8;}">
                    <Coords points="3413,1540 3413,1600 3566,1600 3566,1540"/>
                    <TextEquiv>
                        <Unicode>Gothehr.</Unicode>
                    </TextEquiv>
                </Word>
                <TextEquiv>
                    <Unicode>W in der Cantzey soll nachgeschlagen werden wegedeß Gothehr.</Unicode>
                </TextEquiv>
            </TextLine>
            <TextLine id="r4l13" custom="readingOrder {index:12;}">
                <Coords points="2396,1692 2934,1697 3008,1663 3093,1723 3167,1677 3234,1725 3312,1663 3417,1651 3415,1598 3288,1627 3229,1582 2978,1625 2745,1566 2605,1628 2500,1575 2393,1594"/>
                <Baseline points="2403,1677 2453,1677 2503,1676 2554,1674 2604,1674 2654,1673 2705,1671 2755,1671 2805,1670 2856,1668 2906,1667 2956,1665 3007,1665 3057,1663 3107,1662 3158,1660 3208,1658 3258,1656 3309,1655 3359,1653 3410,1650"/>
                <Word id="r4l13_w1" custom="readingOrder {index:0;}">
                    <Coords points="2409,1636 2409,1696 2583,1696 2583,1636"/>
                    <TextEquiv>
                        <Unicode>Lonay.</Unicode>
                    </TextEquiv>
                </Word>
                <Word id="r4l13_w2" custom="readingOrder {index:1;}">
                    <Coords points="2609,1632 2609,1692 2717,1692 2717,1632"/>
                    <TextEquiv>
                        <Unicode>Ihre</Unicode>
                    </TextEquiv>
                </Word>
                <Word id="r4l13_w3" custom="readingOrder {index:2;}">
                    <Coords points="2730,1629 2730,1689 2904,1689 2904,1629"/>
                    <TextEquiv>
                        <Unicode>Procedid</Unicode>
                    </TextEquiv>
                </Word>
                <Word id="r4l13_w4" custom="readingOrder {index:3;}">
                    <Coords points="2957,1625 2957,1685 3011,1685 3011,1625"/>
                    <TextEquiv>
                        <Unicode>min</Unicode>
                    </TextEquiv>
                </Word>
                <Word id="r4l13_w5" custom="readingOrder {index:4;}">
                    <Coords points="3024,1622 3024,1682 3132,1682 3132,1622"/>
                    <TextEquiv>
                        <Unicode>gnädigen</Unicode>
                    </TextEquiv>
                </Word>
                <Word id="r4l13_w6" custom="readingOrder {index:5;}">
                    <Coords points="3145,1618 3145,1678 3238,1678 3238,1618"/>
                    <TextEquiv>
                        <Unicode>Herre</Unicode>
                    </TextEquiv>
                </Word>
                <Word id="r4l13_w7" custom="readingOrder {index:6;}">
                    <Coords points="3264,1614 3264,1674 3398,1674 3398,1614"/>
                    <TextEquiv>
                        <Unicode>offnet</Unicode>
                    </TextEquiv>
                </Word>
                <TextEquiv>
                    <Unicode>Lonay. Ihre Procedid min gnädigen Herre offnet</Unicode>
                </TextEquiv>
            </TextLine>
            <TextLine id="r4l14" custom="readingOrder {index:13;}">
                <Coords points="2438,1790 2551,1832 2655,1780 2830,1814 2958,1757 3420,1769 3419,1697 3299,1675 3229,1725 3167,1677 3112,1726 3011,1732 2857,1726 2787,1679 2626,1733 2507,1683 2437,1720"/>
                <Baseline points="2445,1770 2493,1769 2541,1767 2590,1766 2638,1764 2687,1764 2735,1763 2783,1761 2832,1760 2880,1760 2929,1758 2977,1757 3025,1757 3074,1755 3122,1755 3171,1754 3219,1754 3267,1754 3316,1754 3364,1754 3413,1754"/>
                <Word id="r4l14_w1" custom="readingOrder {index:0;}">
                    <Coords points="2438,1728 2438,1788 2568,1788 2568,1728"/>
                    <TextEquiv>
                        <Unicode>welches</Unicode>
                    </TextEquiv>
                </Word>
                <Word id="r4l14_w2" custom="readingOrder {index:1;}">
                    <Coords points="2591,1723 2591,1783 2791,1783 2791,1723"/>
                    <TextEquiv>
                        <Unicode>gestalten</Unicode>
                    </TextEquiv>
                </Word>
                <Word id="r4l14_w3" custom="readingOrder {index:2;}">
                    <Coords points="2874,1717 2874,1777 3086,1777 3086,1717"/>
                    <TextEquiv>
                        <Unicode>francoire</Unicode>
                    </TextEquiv>
                </Word>
                <Word id="r4l14_w4" custom="readingOrder {index:3;}">
                    <Coords points="3121,1714 3121,1774 3310,1774 3310,1714"/>
                    <TextEquiv>
                        <Unicode>Bonard</Unicode>
                    </TextEquiv>
                </Word>
                <Word id="r4l14_w5" custom="readingOrder {index:4;}">
                    <Coords points="3347,1714 3347,1774 3430,1774 3430,1714"/>
                    <TextEquiv>
                        <Unicode>de¬</Unicode>
                    </TextEquiv>
                </Word>
                <TextEquiv>
                    <Unicode>welches gestalten francoire Bonard de¬</Unicode>
                </TextEquiv>
            </TextLine>
            <TextLine id="r4l15" custom="readingOrder {index:14;}">
                <Coords points="2412,1917 2602,1886 2676,1921 2770,1859 2975,1851 3351,1914 3475,1855 3473,1790 3153,1821 3067,1770 2549,1834 2487,1782 2409,1826"/>
                <Baseline points="2418,1881 2470,1877 2523,1873 2575,1871 2628,1868 2680,1864 2733,1862 2785,1860 2838,1857 2890,1856 2943,1854 2995,1853 3048,1853 3100,1851 3153,1851 3205,1850 3258,1850 3310,1850 3363,1850 3415,1850 3468,1850"/>
                <Word id="r4l15_w1" custom="readingOrder {index:0;}">
                    <Coords points="2422,1835 2422,1895 2552,1895 2552,1835"/>
                    <TextEquiv>
                        <Unicode>Prent</Unicode>
                    </TextEquiv>
                </Word>
                <Word id="r4l15_w2" custom="readingOrder {index:1;}">
                    <Coords points="2587,1823 2587,1883 2775,1883 2775,1823"/>
                    <TextEquiv>
                        <Unicode>Paroisse</Unicode>
                    </TextEquiv>
                </Word>
                <Word id="r4l15_w3" custom="readingOrder {index:2;}">
                    <Coords points="2812,1817 2812,1877 2858,1877 2858,1817"/>
                    <TextEquiv>
                        <Unicode>zu</Unicode>
                    </TextEquiv>
                </Word>
                <Word id="r4l15_w4" custom="readingOrder {index:3;}">
                    <Coords points="2893,1813 2893,1873 3106,1873 3106,1813"/>
                    <TextEquiv>
                        <Unicode>Montran</Unicode>
                    </TextEquiv>
                </Word>
                <Word id="r4l15_w5" custom="readingOrder {index:4;}">
                    <Coords points="3153,1810 3153,1870 3248,1870 3248,1810"/>
                    <TextEquiv>
                        <Unicode>Erst</Unicode>
                    </TextEquiv>
                </Word>
                <Word id="r4l15_w6" custom="readingOrder {index:5;}">
                    <Coords points="3271,1810 3271,1870 3341,1870 3341,1810"/>
                    <TextEquiv>
                        <Unicode>nach</Unicode>
                    </TextEquiv>
                </Word>
                <Word id="r4l15_w7" custom="readingOrder {index:6;}">
                    <Coords points="3366,1810 3366,1870 3448,1870 3448,1810"/>
                    <TextEquiv>
                        <Unicode>Ihre</Unicode>
                    </TextEquiv>
                </Word>
                <TextEquiv>
                    <Unicode>Prent Paroisse zu Montran Erst nach Ihre</Unicode>
                </TextEquiv>
            </TextLine>
            <TextLine id="r4l16" custom="readingOrder {index:15;}">
                <Coords points="2406,2037 2554,1958 2746,1999 2971,1925 3081,1963 3382,1945 3454,1983 3465,1896 3405,1870 3351,1914 3176,1909 3046,1858 2685,1925 2600,1886 2403,1921"/>
                <Baseline points="2411,1965 2463,1962 2515,1959 2568,1956 2620,1955 2673,1951 2725,1949 2777,1946 2830,1944 2882,1943 2935,1941 2987,1939 3039,1938 3092,1937 3144,1937 3197,1937 3249,1937 3301,1937 3354,1938 3406,1940 3459,1941"/>
                <Word id="r4l16_w1" custom="readingOrder {index:0;}">
                    <Coords points="2404,1921 2404,1981 2553,1981 2553,1921"/>
                    <TextEquiv>
                        <Unicode>Grnißt</Unicode>
                    </TextEquiv>
                </Word>
                <Word id="r4l16_w2" custom="readingOrder {index:1;}">
                    <Coords points="2588,1914 2588,1974 2657,1974 2657,1914"/>
                    <TextEquiv>
                        <Unicode>zum</Unicode>
                    </TextEquiv>
                </Word>
                <Word id="r4l16_w3" custom="readingOrder {index:2;}">
                    <Coords points="2703,1905 2703,1965 2853,1965 2853,1905"/>
                    <TextEquiv>
                        <Unicode>Vatter</Unicode>
                    </TextEquiv>
                </Word>
                <Word id="r4l16_w4" custom="readingOrder {index:3;}">
                    <Coords points="2877,1901 2877,1961 2968,1961 2968,1901"/>
                    <TextEquiv>
                        <Unicode>Ihres</Unicode>
                    </TextEquiv>
                </Word>
                <Word id="r4l16_w5" custom="readingOrder {index:4;}">
                    <Coords points="2991,1898 2991,1958 3038,1958 3038,1898"/>
                    <TextEquiv>
                        <Unicode>zu</Unicode>
                    </TextEquiv>
                </Word>
                <Word id="r4l16_w6" custom="readingOrder {index:5;}">
                    <Coords points="3083,1897 3083,1957 3337,1957 3337,1897"/>
                    <TextEquiv>
                        <Unicode>Preverange</Unicode>
                    </TextEquiv>
                </Word>
                <Word id="r4l16_w7" custom="readingOrder {index:6;}">
                    <Coords points="3373,1900 3373,1960 3441,1960 3441,1900"/>
                    <TextEquiv>
                        <Unicode>sund</Unicode>
                    </TextEquiv>
                </Word>
                <TextEquiv>
                    <Unicode>Grnißt zum Vatter Ihres zu Preverange sund</Unicode>
                </TextEquiv>
            </TextLine>
            <TextLine id="r4l17" custom="readingOrder {index:16;}">
                <Coords points="2403,2090 2554,2103 2939,2026 3142,2089 3259,2035 3509,2028 3508,1976 3433,1991 3341,1942 3281,1976 2970,1927 2845,2011 2401,1984"/>
                <Baseline points="2409,2061 2463,2057 2518,2051 2572,2046 2627,2042 2682,2039 2736,2036 2791,2033 2845,2031 2900,2028 2955,2027 3009,2027 3064,2025 3118,2025 3173,2025 3228,2027 3282,2027 3337,2028 3391,2030 3446,2033 3501,2034"/>
                <Word id="r4l17_w1" custom="readingOrder {index:0;}">
                    <Coords points="2404,2017 2404,2077 2499,2077 2499,2017"/>
                    <TextEquiv>
                        <Unicode>felt</Unicode>
                    </TextEquiv>
                </Word>
                <Word id="r4l17_w2" custom="readingOrder {index:1;}">
                    <Coords points="2526,2002 2526,2062 2716,2062 2716,2002"/>
                    <TextEquiv>
                        <Unicode>gebohrnen</Unicode>
                    </TextEquiv>
                </Word>
                <Word id="r4l17_w3" custom="readingOrder {index:2;}">
                    <Coords points="2756,1991 2756,2051 2919,2051 2919,1991"/>
                    <TextEquiv>
                        <Unicode>Kindts</Unicode>
                    </TextEquiv>
                </Word>
                <Word id="r4l17_w4" custom="readingOrder {index:3;}">
                    <Coords points="2933,1985 2933,2045 3178,2045 3178,1985"/>
                    <TextEquiv>
                        <Unicode>ernambset</Unicode>
                    </TextEquiv>
                </Word>
                <Word id="r4l17_w5" custom="readingOrder {index:4;}">
                    <Coords points="3205,1987 3205,2047 3313,2047 3313,1987"/>
                    <TextEquiv>
                        <Unicode>haben</Unicode>
                    </TextEquiv>
                </Word>
                <Word id="r4l17_w6" custom="readingOrder {index:5;}">
                    <Coords points="3342,1990 3342,2050 3450,2050 3450,1990"/>
                    <TextEquiv>
                        <Unicode>Vier</Unicode>
                    </TextEquiv>
                </Word>
                <TextEquiv>
                    <Unicode>felt gebohrnen Kindts ernambset haben Vier</Unicode>
                </TextEquiv>
            </TextLine>
            <TextLine id="r4l18" custom="readingOrder {index:17;}">
                <Coords points="2392,2152 2710,2163 2901,2117 2968,2175 3061,2136 3401,2156 3484,2138 3482,2046 3356,2078 3210,2046 3138,2092 3032,2049 2935,2095 2390,2083"/>
                <Baseline points="2399,2147 2452,2142 2506,2139 2560,2136 2614,2132 2668,2130 2722,2127 2776,2124 2830,2122 2884,2120 2938,2118 2991,2117 3045,2116 3099,2115 3153,2115 3207,2115 3261,2115 3315,2115 3369,2117 3423,2118 3477,2120"/>
                <Word id="r4l18_w1" custom="readingOrder {index:0;}">
                    <Coords points="2400,2100 2400,2160 2552,2160 2552,2100"/>
                    <TextEquiv>
                        <Unicode>Cuenet</Unicode>
                    </TextEquiv>
                </Word>
                <Word id="r4l18_w2" custom="readingOrder {index:1;}">
                    <Coords points="2594,2091 2594,2151 2676,2151 2676,2091"/>
                    <TextEquiv>
                        <Unicode>von</Unicode>
                    </TextEquiv>
                </Word>
                <Word id="r4l18_w3" custom="readingOrder {index:2;}">
                    <Coords points="2726,2083 2726,2143 2870,2143 2870,2083"/>
                    <TextEquiv>
                        <Unicode>gleichen</Unicode>
                    </TextEquiv>
                </Word>
                <Word id="r4l18_w4" custom="readingOrder {index:3;}">
                    <Coords points="2942,2076 2942,2136 3064,2136 3064,2076"/>
                    <TextEquiv>
                        <Unicode>Loth,</Unicode>
                    </TextEquiv>
                </Word>
                <Word id="r4l18_w5" custom="readingOrder {index:4;}">
                    <Coords points="3084,2075 3084,2135 3228,2135 3228,2075"/>
                    <TextEquiv>
                        <Unicode>welcher</Unicode>
                    </TextEquiv>
                </Word>
                <Word id="r4l18_w6" custom="readingOrder {index:5;}">
                    <Coords points="3248,2075 3248,2135 3320,2135 3320,2075"/>
                    <TextEquiv>
                        <Unicode>aber</Unicode>
                    </TextEquiv>
                </Word>
                <Word id="r4l18_w7" custom="readingOrder {index:6;}">
                    <Coords points="3350,2077 3350,2137 3442,2137 3442,2077"/>
                    <TextEquiv>
                        <Unicode>auff</Unicode>
                    </TextEquiv>
                </Word>
                <TextEquiv>
                    <Unicode>Cuenet von gleichen Loth, welcher aber auff</Unicode>
                </TextEquiv>
            </TextLine>
            <TextLine id="r4l19" custom="readingOrder {index:18;}">
                <Coords points="2396,2274 2502,2232 2584,2274 2644,2233 2743,2269 2785,2227 3058,2202 3108,2235 3204,2204 3275,2253 3327,2209 3382,2220 3380,2134 3095,2188 3029,2139 2984,2182 2880,2127 2766,2187 2393,2150"/>
                <Baseline points="2402,2231 2450,2226 2499,2224 2547,2221 2596,2219 2645,2216 2693,2214 2742,2213 2790,2213 2839,2211 2888,2211 2936,2210 2985,2210 3033,2210 3082,2208 3131,2208 3179,2207 3228,2205 3276,2205 3325,2204 3374,2201"/>
                <Word id="r4l19_w1" custom="readingOrder {index:0;}">
                    <Coords points="2405,2181 2405,2241 2660,2241 2660,2181"/>
                    <TextEquiv>
                        <Unicode>dremalige</Unicode>
                    </TextEquiv>
                </Word>
                <Word id="r4l19_w2" custom="readingOrder {index:1;}">
                    <Coords points="2706,2172 2706,2232 2904,2232 2904,2172"/>
                    <TextEquiv>
                        <Unicode>Citation</Unicode>
                    </TextEquiv>
                </Word>
                <Word id="r4l19_w3" custom="readingOrder {index:2;}">
                    <Coords points="2985,2169 2985,2229 3124,2229 3124,2169"/>
                    <TextEquiv>
                        <Unicode>dieser</Unicode>
                    </TextEquiv>
                </Word>
                <Word id="r4l19_w4" custom="readingOrder {index:3;}">
                    <Coords points="3171,2165 3171,2225 3367,2225 3367,2165"/>
                    <TextEquiv>
                        <Unicode>anbelegde</Unicode>
                    </TextEquiv>
                </Word>
                <TextEquiv>
                    <Unicode>dremalige Citation dieser anbelegde</Unicode>
                </TextEquiv>
            </TextLine>
            <TextLine id="r4l20" custom="readingOrder {index:19;}">
                <Coords points="2389,2369 2572,2299 2647,2335 2776,2294 3136,2328 3418,2301 3468,2288 3467,2244 3375,2216 3178,2252 3061,2201 2765,2279 2654,2235 2584,2275 2502,2232 2386,2270"/>
                <Baseline points="2394,2316 2447,2313 2500,2310 2554,2308 2607,2306 2660,2304 2714,2303 2767,2302 2820,2301 2874,2300 2927,2300 2980,2298 3034,2298 3087,2297 3140,2296 3194,2294 3247,2292 3300,2290 3354,2288 3407,2284 3461,2280"/>
                <Word id="r4l20_w1" custom="readingOrder {index:0;}">
                    <Coords points="2396,2270 2396,2330 2579,2330 2579,2270"/>
                    <TextEquiv>
                        <Unicode>gäntlich</Unicode>
                    </TextEquiv>
                </Word>
                <Word id="r4l20_w2" custom="readingOrder {index:1;}">
                    <Coords points="2609,2262 2609,2322 2865,2322 2865,2262"/>
                    <TextEquiv>
                        <Unicode>verneinet,</Unicode>
                    </TextEquiv>
                </Word>
                <Word id="r4l20_w3" custom="readingOrder {index:2;}">
                    <Coords points="2885,2260 2885,2320 2967,2320 2967,2260"/>
                    <TextEquiv>
                        <Unicode>undt</Unicode>
                    </TextEquiv>
                </Word>
                <Word id="r4l20_w4" custom="readingOrder {index:3;}">
                    <Coords points="2987,2258 2987,2318 3038,2318 3038,2258"/>
                    <TextEquiv>
                        <Unicode>sich</Unicode>
                    </TextEquiv>
                </Word>
                <Word id="r4l20_w5" custom="readingOrder {index:4;}">
                    <Coords points="3069,2256 3069,2316 3150,2316 3150,2256"/>
                    <TextEquiv>
                        <Unicode>zur</Unicode>
                    </TextEquiv>
                </Word>
                <Word id="r4l20_w6" custom="readingOrder {index:5;}">
                    <Coords points="3181,2250 3181,2310 3406,2310 3406,2250"/>
                    <TextEquiv>
                        <Unicode>liberation</Unicode>
                    </TextEquiv>
                </Word>
                <TextEquiv>
                    <Unicode>gäntlich verneinet, undt sich zur liberation</Unicode>
                </TextEquiv>
            </TextLine>
            <TextLine id="r4l21" custom="readingOrder {index:20;}">
                <Coords points="2377,2426 2605,2408 2729,2479 2858,2402 3176,2435 3276,2395 3532,2403 3447,2330 3260,2311 3134,2366 2968,2301 2834,2359 2548,2309 2376,2359"/>
                <Baseline points="2384,2420 2441,2415 2498,2411 2555,2408 2612,2405 2669,2403 2726,2400 2783,2399 2840,2399 2897,2399 2954,2397 3011,2397 3068,2397 3125,2399 3182,2399 3239,2399 3296,2399 3353,2399 3410,2397 3467,2397 3524,2396"/>
                <Word id="r4l21_w1" custom="readingOrder {index:0;}">
                    <Coords points="2392,2375 2392,2435 2488,2435 2488,2375"/>
                    <TextEquiv>
                        <Unicode>auff</Unicode>
                    </TextEquiv>
                </Word>
                <Word id="r4l21_w2" custom="readingOrder {index:1;}">
                    <Coords points="2529,2367 2529,2427 2584,2427 2584,2367"/>
                    <TextEquiv>
                        <Unicode>die</Unicode>
                    </TextEquiv>
                </Word>
                <Word id="r4l21_w3" custom="readingOrder {index:2;}">
                    <Coords points="2611,2361 2611,2421 2803,2421 2803,2361"/>
                    <TextEquiv>
                        <Unicode>Oordnung</Unicode>
                    </TextEquiv>
                </Word>
                <Word id="r4l21_w4" custom="readingOrder {index:3;}">
                    <Coords points="2843,2359 2843,2419 2926,2419 2926,2359"/>
                    <TextEquiv>
                        <Unicode>von</Unicode>
                    </TextEquiv>
                </Word>
                <Word id="r4l21_w5" custom="readingOrder {index:4;}">
                    <Coords points="2966,2357 2966,2417 3022,2417 3022,2357"/>
                    <TextEquiv>
                        <Unicode>No</Unicode>
                    </TextEquiv>
                </Word>
                <Word id="r4l21_w6" custom="readingOrder {index:5;}">
                    <Coords points="3035,2357 3035,2417 3102,2417 3102,2357"/>
                    <TextEquiv>
                        <Unicode>172</Unicode>
                    </TextEquiv>
                </Word>
                <Word id="r4l21_w7" custom="readingOrder {index:6;}">
                    <Coords points="3144,2359 3144,2419 3267,2419 3267,2359"/>
                    <TextEquiv>
                        <Unicode>stützet</Unicode>
                    </TextEquiv>
                </Word>
                <Word id="r4l21_w8" custom="readingOrder {index:7;}">
                    <Coords points="3294,2358 3294,2418 3459,2418 3459,2358"/>
                    <TextEquiv>
                        <Unicode>wollendt</Unicode>
                    </TextEquiv>
                </Word>
                <TextEquiv>
                    <Unicode>auff die Oordnung von No 172 stützet wollendt</Unicode>
                </TextEquiv>
            </TextLine>
            <TextLine id="r4l22" custom="readingOrder {index:21;}">
                <Coords points="2360,2536 2933,2575 3029,2525 3481,2519 3480,2460 3337,2464 3258,2400 3080,2472 3017,2429 2681,2474 2543,2424 2358,2438"/>
                <Baseline points="2367,2529 2422,2521 2477,2513 2532,2507 2588,2502 2643,2499 2698,2496 2754,2495 2809,2493 2864,2493 2920,2495 2975,2495 3030,2496 3085,2496 3141,2498 3196,2499 3251,2499 3307,2499 3362,2498 3417,2496 3473,2495"/>
                <Word id="r4l22_w1" custom="readingOrder {index:0;}">
                    <Coords points="2375,2476 2375,2536 2531,2536 2531,2476"/>
                    <TextEquiv>
                        <Unicode>MHH.</Unicode>
                    </TextEquiv>
                </Word>
                <Word id="r4l22_w2" custom="readingOrder {index:1;}">
                    <Coords points="2559,2460 2559,2520 2670,2520 2670,2460"/>
                    <TextEquiv>
                        <Unicode>Ihren</Unicode>
                    </TextEquiv>
                </Word>
                <Word id="r4l22_w3" custom="readingOrder {index:2;}">
                    <Coords points="2686,2453 2686,2513 2953,2513 2953,2453"/>
                    <TextEquiv>
                        <Unicode>auffgetragen,</Unicode>
                    </TextEquiv>
                </Word>
                <Word id="r4l22_w4" custom="readingOrder {index:3;}">
                    <Coords points="2967,2455 2967,2515 3052,2515 3052,2455"/>
                    <TextEquiv>
                        <Unicode>Ihne</Unicode>
                    </TextEquiv>
                </Word>
                <Word id="r4l22_w5" custom="readingOrder {index:4;}">
                    <Coords points="3080,2458 3080,2518 3222,2518 3222,2458"/>
                    <TextEquiv>
                        <Unicode>Cueret</Unicode>
                    </TextEquiv>
                </Word>
                <Word id="r4l22_w6" custom="readingOrder {index:5;}">
                    <Coords points="3236,2459 3236,2519 3319,2519 3319,2459"/>
                    <TextEquiv>
                        <Unicode>vor</Unicode>
                    </TextEquiv>
                </Word>
                <Word id="r4l22_w7" custom="readingOrder {index:6;}">
                    <Coords points="3349,2457 3349,2517 3419,2517 3419,2457"/>
                    <TextEquiv>
                        <Unicode>Sie</Unicode>
                    </TextEquiv>
                </Word>
                <TextEquiv>
                    <Unicode>MHH. Ihren auffgetragen, Ihne Cueret vor Sie</Unicode>
                </TextEquiv>
            </TextLine>
            <TextEquiv>
                <Unicode></Unicode>
            </TextEquiv>
        </TextRegion>
    </Page>
</PcGts>
