4032 3024
722 302 813 362 526
844 302 906 362 l.

723 1763 862 1823 Studer
894 1763 947 1823 H.
968 1760 1033 1820 Joh.

783 1838 920 1898 Jacob.

693 1923 835 1983 Masre
860 1925 887 1985 J.
899 1925 938 1985 s.
964 1925 1056 1985 Mag.

755 1999 1018 2059 1dateia.

695 2102 911 2162 GroffH.
922 2107 1031 2167 bem.

783 2171 966 2231 vhandt.

694 2263 884 2323 Wernier
903 2267 1024 2327 Jgstr.

793 2344 1029 2404 Cossanna.

1035 373 1121 433 Wor
1149 367 1207 427 Sie
1249 355 1562 415 zubescheiden,
1591 353 1691 413 Ihne
1719 359 1805 419 über
1833 372 1946 432 dieser
1976 395 2062 455 an¬

1029 469 1174 529 kleydt
1199 459 1318 519 gantz
1344 451 1685 511 eornstmenendt
1712 454 1817 514 vndt
1843 468 2066 528 sonderhalig

1005 566 1112 626 über
1127 560 1189 620 die
1219 553 1358 613 darin
1419 544 1695 604 Enthaltene
1725 550 1987 610 umbstandt
2017 568 2064 628 zu¬

1019 655 1112 715 Ret
1139 645 1382 705 hustoßen,
1396 640 1531 700 undt
1544 640 1746 700 trachsten
1814 644 1894 704 zur
1922 649 2056 709 werhet

1018 750 1248 810 Zubrngen
1318 738 1492 798 gestehet
1534 737 1578 797 Er
1606 737 1678 797 die
1706 739 1792 799 that
1822 741 1922 801 wohl
1951 744 2037 804 mnt

1010 856 1096 916 gut
1133 849 1318 909 wonit?
1342 845 1380 905 so
1404 842 1502 902 solle
1551 841 1613 901 die
1637 839 1810 899 Borcord
1822 839 1909 899 sur
1921 841 2031 901 obbirs

1022 943 1252 1003 gehalten,
1294 938 1404 998 undt
1431 938 1634 998 nachlerts
1661 938 1756 998 nach
1797 938 1866 998 der
1892 935 2055 995 Ordnung

1031 1042 1119 1102 mit
1143 1035 1194 1095 Ihr
1244 1030 1470 1090 verfahren
1533 1030 1720 1090 werden,
1758 1030 1795 1090 Er
1833 1027 1933 1087 dann
1957 1020 2045 1080 diese

1028 1129 1215 1189 handelß
1241 1122 1428 1182 liberirt
1455 1120 1562 1180 sein:
1589 1120 1643 1180 Es
1670 1120 1749 1180 seie
1790 1120 1909 1180 dann
1924 1118 1990 1178 sach

1018 1228 1107 1288 daß
1145 1225 1246 1285 solche
1285 1223 1424 1283 sachen
1449 1221 1513 1281 sich
1550 1218 1614 1278 het
1639 1209 1830 1269 vorthun
1856 1192 1995 1252 würden

1026 1327 1146 1387 selhe
1176 1332 1266 1392 Ihne
1296 1334 1403 1394 vton
1462 1332 1553 1392 den
1599 1320 1885 1380 Beneficio
1900 1292 2067 1352 deß¬

1020 1424 1173 1484 Gesatzes
1207 1423 1500 1483 außschließen
1534 1416 1745 1476 könten,
1756 1405 1897 1465 welchen
1920 1392 2025 1452 fehls

1026 1534 1080 1594 Sie
1095 1530 1259 1590 Mehl.
1287 1525 1479 1585 berichten
1506 1519 1642 1579 laßen
1711 1504 1932 1564 verdinde.

1063 1769 1127 1829 Ist
1161 1765 1241 1825 H.
1258 1763 1340 1823 Jo.
1356 1763 1455 1823 Jacob
1505 1763 1651 1823 Studer
1668 1757 1881 1817 PPfachl.
1897 1743 1945 1803 1.
1979 1728 2062 1788 A.

1056 1864 1200 1924 tiger
1216 1868 1310 1928 mit
1344 1872 1454 1932 Jgfr
1488 1874 1726 1934 Magdalna
1775 1865 1919 1925 Masu

1073 1970 1200 2030 Denne
1238 1973 1315 2033 H.
1342 1975 1559 2035 beonhandt
1584 1972 1725 2032 Graff
1750 1960 1853 2020 Won
1879 1944 2019 2004 allhier

1044 2056 1112 2116 mit
1141 2065 1252 2125 Jgste
1293 2072 1515 2132 Cataoina
1572 2065 1766 2125 Wernier
1794 2051 1891 2111 auch
1918 2037 2002 2097 Ston

1028 2168 1172 2228 allhie
1203 2180 1491 2240 bewilliget,
1507 2185 1667 2245 Elichen
1682 2177 1793 2237 Recht
1826 2156 1986 2216 halten

1025 2276 1065 2336 zu
1092 2276 1334 2336 können.

2151 491 2289 551 phenges
2315 474 2443 534 Alßbel¬

2147 559 2428 619 Weißhhauß.

2147 2128 2304 2188 Brotton
2319 2128 2377 2188 H.

2217 2190 2352 2250 Daud.

2122 2261 2286 2321 Hacheron
2312 2260 2325 2320 E

3347 399 3514 459 527f.

2470 426 2565 486 durch
2589 424 2673 484 einen
2719 430 2851 490 Bottorg
2887 439 2947 499 Von
2970 447 3042 507 siche
3065 453 3090 513 Hr
3161 470 3387 530 Meisterschafft

2448 511 2594 571 Scheiner
2618 510 2811 570 Handswerfs
2834 519 2959 579 wurden
2971 528 3073 588 Mess
3106 538 3186 598 über
3199 543 3232 603 de
3254 546 3289 606 an
3323 550 3369 610 Sie
3380 553 3529 613 abgelosßen

2443 598 2540 658 fedul
2570 598 2706 658 iht,
2727 601 2912 661 betreffendt
2941 606 3088 666 Johannß
3127 611 3206 671 Wiß
3244 613 3362 673 einn

2433 683 2581 743 Schweiner
2592 680 2719 740 gesellen
2750 682 2825 742 auß
2857 684 3089 744 Stahlsundt,
3100 688 3227 748 welcher
3238 689 3376 749 Elßbech
3407 689 3513 749 Wege

2397 775 2505 835 Won
2534 765 2752 825 Röthenbach
2781 763 2880 823 wegen
2899 763 2968 823 mit
3009 764 3097 824 Ihme
3117 766 3215 826 haben
3225 764 3275 824 der
3314 762 3532 822 Matrino¬

2422 847 2547 907 einlz
2577 850 2639 910 und
2680 848 2899 908 Consistorial
2930 842 3127 902 handel
3157 837 3262 897 durch
3282 835 3355 895 das

2425 931 2624 991 Landtwok
2674 928 2744 988 hat
2764 926 2963 986 auffreiben
2994 924 3113 984 laßen
3143 922 3282 982 wollen,
3303 920 3521 980 verständiget

2422 1021 2487 1081 daß
2526 1019 2580 1079 die
2606 1018 2776 1078 Gesellen
2789 1016 2881 1076 umb
2894 1016 2920 1076 S.
2933 1016 2985 1076 h.
2998 1015 3103 1075 hury
3129 1013 3248 1073 händel
3274 1010 3366 1070 legen
3392 1005 3496 1065 durch

2431 1114 2498 1174 Das
2522 1106 2714 1166 handlorb
2736 1103 2794 1163 nit
2816 1103 2929 1163 können
2975 1103 3201 1163 auffgetreiben
3223 1102 3337 1162 werden,
3360 1097 3507 1157 sondern

2416 1209 2578 1269 Eediglich
2602 1198 2677 1258 lege
2702 1191 2876 1251 begangen
2913 1187 2988 1247 dieb
3000 1186 3138 1246 stähler
3150 1185 3238 1245 undt
3250 1183 3526 1243 ohntreibunge,

2423 1310 2484 1370 alß
2523 1299 2659 1359 worbey
2684 1289 2822 1349 Me.
2846 1284 2883 1344 Es
2908 1281 2995 1341 auch
3020 1279 3195 1339 betenden
3219 1279 3357 1339 laßen,
3382 1282 3418 1342 zu
3431 1285 3543 1345 mehen

2409 1403 2556 1463 solches
2583 1393 2704 1453 keinen
2743 1385 2878 1445 Offect
2891 1379 3026 1439 krichen
3039 1375 3160 1435 wurde
3187 1372 3321 1432 indemm
3347 1372 3415 1432 der

2417 1491 2674 1551 Gechlediglich
2697 1481 2720 1541 an
2754 1478 2800 1538 die
2813 1474 2976 1534 schwetze
3011 1468 3185 1528 Staffelen
3208 1463 3313 1523 Runde
3336 1459 3487 1519 gescheiken

2404 1578 2618 1638 demohdes
2643 1568 2781 1628 desell,
2805 1561 2982 1621 dardurch
2994 1558 3056 1618 mit
3083 1557 3296 1617 ohnstetlich
3321 1556 3459 1616 gewehrt

2402 1670 2579 1730 würde,
2591 1661 2702 1721 anbey
2724 1656 2858 1716 hrbet,
2880 1652 2968 1712 daß
3013 1650 3058 1710 der
3080 1648 3258 1708 Klegerin
3280 1646 3436 1706 Weger

2420 1755 2637 1815 überlaßen
2664 1747 2719 1807 seie
2745 1744 2840 1804 solle
2895 1742 2950 1802 den
2977 1739 3072 1799 Wiß
3127 1736 3249 1796 Senet
3262 1730 3465 1790 Zahtfeist

2398 1845 2649 1905 zubezagne,
2673 1837 2854 1897 widrigen
2878 1833 2985 1893 fahls
3010 1830 3057 1890 Sie
3081 1828 3166 1888 Ihme
3201 1824 3296 1884 mit
3322 1817 3381 1877 dem

2397 1939 2574 1999 Stahterd
2589 1930 2678 1990 nach
2707 1926 2752 1986 der
2781 1919 2959 1979 Edkung
2988 1910 3063 1970 soll
3077 1901 3301 1961 nahgelisen
3315 1886 3479 1946 werden.

2408 2090 2654 2150 Vermittleß
2696 2089 2813 2149 Eineß
2870 2086 3043 2146 Eatrectz
3059 2083 3247 2143 schaibens
3261 2083 3306 2143 an
3334 2083 3522 2143 Wibischeig

2412 2182 2456 2242 ud
2467 2183 2525 2243 Meie
2536 2183 2626 2243 gnädige
2639 2183 2730 2243 Herren
2741 2182 2911 2242 berichtet,
2933 2182 3013 2242 daß
3070 2180 3127 2240 Ihr
3150 2180 3207 2240 g.
3229 2179 3275 2239 den
3309 2178 3456 2238 dahigen

2422 2278 2468 2338 H.
2491 2274 2598 2334 Ambt
2633 2270 2868 2330 Stattholter
2891 2267 3067 2327 befohlen,
3102 2264 3161 2324 die
3196 2263 3291 2323 s.
3303 2258 3454 2318 Tacherm

2399 2360 2499 2420 Eine
2524 2356 2675 2416 gebehen
2712 2352 2876 2412 gehende,
2889 2351 2926 2411 so
2940 2350 3001 2410 sich
3014 2348 3089 2408 mit
3102 2346 3177 2406 H.
3202 2342 3290 2402 Darid
3303 2334 3466 2394 Bretten

2405 2449 2641 2509 verehelichet
2681 2446 2760 2506 habe
2786 2444 2865 2504 sall
2918 2440 3036 2500 vill,
3062 2435 3102 2495 zu
3128 2426 3365 2486 behändigen,
3378 2407 3483 2467 unndt

2399 2536 2679 2596 zuorsämblich
2704 2529 2744 2589 an
2769 2526 2832 2586 Ihr
2884 2519 3037 2579 behörer
3050 2510 3190 2570 nacher
3228 2498 3445 2558 therbergen
