4032 3024
697 270 775 330 588

1011 335 1105 395 vnd
1126 330 1220 390 umb
1242 328 1472 388 lubeinged.
1491 333 1625 393 Col.
1643 348 1815 408 Ersolle
1836 378 2027 438 derchsen

1015 424 1255 484 verblibens
1284 421 1427 481 habe.

1041 625 1151 685 Auff
1167 619 1231 679 das
1246 617 1469 677 gebuhrnde
1486 621 1581 681 nach
1596 628 1724 688 lerben
1740 637 1804 697 der
1819 646 1914 706 Jsr
1931 659 2057 719 zuchse

692 662 812 722 hetzig
835 655 894 715 H.
907 646 1028 706 Doctor.

1037 723 1107 783 daß
1151 714 1237 774 Ihra
1279 707 1437 767 Einiches
1467 709 1653 769 Kuffschub
1695 716 1781 776 zur
1795 726 1953 786 behörgn
1983 740 2069 800 uehr¬

685 748 848 808 Rrch
881 730 980 790 Hofr.

1046 805 1223 865 mation
1272 796 1307 856 in
1330 794 1425 854 Ihren
1462 793 1532 853 mit
1569 793 1639 853 den
1676 796 1806 856 Jungen
1818 801 1889 861 H.
1913 808 2031 868 Doctor

834 818 993 878 Salome

1030 902 1151 962 hotzig
1191 884 1351 944 habenden
1402 875 1803 935 Matrimonial-
1823 885 1904 945 undt
1924 895 2096 955 Consostrion

1011 986 1155 1046 handel
1177 969 1322 1029 vergart
1345 962 1468 1022 werden
1490 962 1645 1022 möchte
1724 968 1879 1028 habende
1902 971 1913 1031 M

1027 1068 1133 1128 diesen
1156 1060 1545 1120 auffschubertheilt
1580 1057 1663 1117 biß
1698 1055 1792 1115 auff
1816 1051 2005 1111 kürfftige

1017 1155 1270 1215 Mostag.

1055 1341 1141 1401 Jean
1185 1333 1346 1393 Jaeques
1367 1330 1486 1390 Louis
1519 1330 1628 1390 Ville
1649 1331 1800 1391 neufra
1832 1334 1886 1394 Ein
1897 1337 2048 1397 Refugirte

694 1357 800 1417 Ville
819 1352 972 1412 Nenfol

1042 1428 1097 1488 auß
1130 1422 1186 1482 dem
1229 1418 1461 1478 Lanquedor,
1483 1417 1516 1477 so
1539 1417 1594 1477 die
1615 1417 1815 1477 Jeanetow
1847 1414 2001 1474 Bcantin

737 1427 816 1487 Jean
846 1426 973 1486 Jacquas
984 1424 1034 1484 loi¬

1056 1509 1120 1569 Von
1148 1504 1316 1564 Grandon
1408 1498 1640 1558 heubrather
1668 1493 1788 1553 Till,
1799 1489 1854 1549 ist
1863 1482 2021 1542 widermahl

683 1511 848 1571 Beansis
871 1506 1025 1566 Veaneton

1025 1598 1119 1658 dohin
1132 1594 1266 1654 gelisen
1307 1591 1535 1651 Entwoders
1561 1589 1616 1649 meo
1642 1585 1736 1645 näen
1749 1581 1844 1641 Heren
1858 1576 1911 1636 deß
1924 1568 2047 1628 Corni¬

998 1700 1071 1760 Poh
1107 1699 1119 1759 e
1143 1699 1205 1759 Meine
1217 1697 1302 1757 ndgn
1314 1697 1425 1757 Herrn
1437 1696 1473 1756 der
1497 1693 1694 1753 Canlantzn
1706 1687 1827 1747 Cammer
1863 1677 1986 1737 Einer

996 1799 1128 1859 Aitum
1182 1798 1248 1858 vor
1275 1796 1449 1856 zulesen,
1475 1790 1662 1850 dardurch
1688 1776 1902 1836 bescheinlich
1928 1761 2048 1821 genocht

1020 1892 1142 1952 gindt,
1156 1895 1211 1955 daß
1238 1895 1280 1955 Er
1307 1895 1362 1955 sich
1389 1892 1635 1952 vermittest
1650 1880 1773 1940 seines
1801 1861 2019 1921 Handtebt

1009 1993 1105 2053 seine
1132 1996 1380 2056 Decendenz
1407 1996 1503 2056 ohne
1532 1989 1723 2049 Megsh.
1752 1968 1917 2028 Entgebt
1930 1943 2027 2003 durch

1001 2084 1115 2144 brige
1142 2087 1231 2147 mied
1244 2092 1410 2152 erhalten
1437 2092 1630 2152 könne.

741 2194 937 2254 Grofennt

1023 2236 1126 2296 wand
1151 2244 1241 2304 auff
1266 2248 1331 2308 das
1344 2252 1549 2312 gebührnde
1587 2247 1690 2307 nach
1702 2241 1818 2301 seben
1843 2229 1908 2289 H.
1920 2217 2010 2277 Prat

720 2278 854 2338 Frantz
869 2275 1005 2335 ludlig.

1028 2332 1148 2392 udlig
1181 2335 1250 2395 ven
1267 2341 1556 2401 Greffemninde
1590 2342 1693 2402 Sen
1709 2335 1812 2395 drog
1829 2323 1898 2383 sin
1931 2299 2068 2359 abesch

998 2426 1198 2486 Verscheben
1239 2428 1294 2488 biß
1333 2429 1427 2489 noch
1455 2431 1509 2491 den
1548 2428 1738 2488 herbst.

2151 488 2284 548 Wtisth
2299 473 2403 533 Casfor

2164 571 2339 631 Burkehate

2162 914 2354 974 hoffere

2206 980 2372 1040 Phrstia

2136 1947 2369 2007 Gstabarn

2136 2042 2245 2102 Kobl
2278 2032 2399 2092 Hauß.

3368 385 3441 445 529

2435 451 2553 511 Weilen
2566 451 2607 511 der
2633 453 2739 513 Caspar
2765 457 2872 517 Wirth
2885 463 2952 523 von
2965 469 3097 529 Erstbeil
3123 478 3230 538 annoch
3243 487 3429 547 schweigert

2411 542 2577 602 Ihnracht
2591 541 2688 601 allß
2717 546 2869 606 gethanen
2896 557 3049 617 farstlich
3063 569 3271 629 zuspaches,
3299 574 3355 634 die

2421 638 2495 698 abey
2510 634 2615 694 beikeo
2630 634 2690 694 von
2720 639 2945 699 Medistriel
2975 648 3004 708 zu
3036 654 3185 714 Ehrlihe,
3200 659 3259 719 alß
3290 661 3335 721 ist
3349 659 3499 719 selbiges

2415 723 2518 783 wider
2542 719 2838 779 hinundergesetzet
2850 725 2965 785 worden

2428 871 2542 931 Wardt
2555 867 2592 927 die
2605 866 2744 926 Chistina
2781 867 2984 927 Hoisfrges
3009 868 3071 928 von
3110 869 3237 929 Vorboh
3262 861 3488 921 vorgestellt

2424 960 2529 1020 welche
2552 955 2623 1015 auß
2658 953 2705 1013 der
2741 952 2905 1012 Bächtelen
2929 950 2987 1010 ist
2998 949 3174 1009 hingeseht
3199 945 3292 1005 erden
3315 940 3433 1000 undt

2408 1046 2485 1106 Euch
2518 1040 2574 1100 Sie
2596 1036 2673 1096 von
2695 1034 2795 1094 seines
2816 1033 2960 1093 Freuten
3004 1031 3082 1091 mit
3104 1029 3193 1089 fein
3237 1025 3326 1085 Koch
3348 1021 3391 1081 im

2416 1122 2671 1182 bettnäbnst
2702 1115 2947 1175 angetroffen
2978 1111 3090 1171 worden
3131 1108 3162 1168 zu
3193 1104 3275 1164 Rndt
3295 1096 3469 1156 gestellt

2407 1212 2529 1272 selhe
2540 1208 2616 1268 aber
2627 1207 2705 1267 alle
2727 1203 2959 1263 thätlichbeit
2991 1199 3158 1259 laugnet
3180 1195 3279 1255 sagt
3301 1192 3356 1252 sie
3368 1188 3455 1248 haben

2403 1297 2593 1357 Vergesten
2626 1292 2694 1352 Ihr
2716 1289 2828 1349 stucke
2862 1288 3132 1348 zubeschließen,
3154 1285 3199 1345 der
3221 1281 3311 1341 Koel
3333 1274 3423 1334 seyen

2392 1385 2557 1445 strunken
2578 1379 2623 1439 zu
2655 1377 2711 1437 Iho
2722 1375 2754 1435 in
2788 1373 2831 1433 die
2842 1370 2974 1430 stuben
2985 1366 3128 1426 kommen,
3139 1360 3227 1420 undt
3260 1353 3337 1413 vor
3359 1346 3414 1406 den

2402 1466 2698 1526 bettgestanden
2723 1456 2830 1516 vorhr
2842 1451 2948 1511 seyn,
2960 1446 3031 1506 daß
3056 1441 3103 1501 sie
3126 1434 3269 1494 nabend
3306 1419 3459 1479 gelesen

2378 1558 2477 1618 will
2507 1553 2592 1613 aber
2621 1549 2679 1609 deß
2722 1544 2823 1604 Krch
2837 1535 3037 1595 nahmremit
3053 1525 3197 1585 küsten.
3211 1519 3310 1579 Cons.
3326 1514 3411 1574 soll

2381 1639 2493 1699 wider
2506 1632 2690 1692 hieuinder
2718 1622 2872 1682 gesetzet
2899 1608 3056 1668 werden.

2412 1827 2597 1887 Demnach
2632 1814 2713 1874 Wid
2735 1807 2817 1867 von
2862 1801 2909 1861 der
2943 1793 3140 1853 Ehrbarbet
3163 1788 3185 1848 zu
3221 1784 3452 1844 Utzenstorff

2415 1914 2454 1974 in
2480 1909 2573 1969 Apl
2613 1899 2771 1959 besthin
2799 1886 2997 1946 berichtet
3023 1875 3170 1935 worden,
3183 1870 3303 1930 welcher
3316 1868 3501 1928 gestallten

2415 2011 2517 2071 haten
2554 2002 2631 2062 Iast
2657 1993 2746 2053 von
2784 1982 2887 2042 allda
2924 1971 3040 2031 under
3065 1961 3268 2021 gugsammer
3294 1960 3512 2020 Chamina¬

2385 2107 2488 2167 tion
2533 2093 2659 2153 sowohl
2693 2083 2773 2143 vor
2831 2071 2968 2131 Inne
2990 2061 3058 2121 alß
3104 2054 3185 2114 nach
3207 2049 3264 2109 der
3286 2045 3458 2105 Sreißt

2364 2205 2445 2265 Iho
2472 2194 2555 2254 zur
2582 2184 2679 2244 welt
2706 2173 2911 2233 gebohrnes
2940 2162 3077 2222 Kundt
3104 2149 3336 2209 zugefegnet
3364 2133 3459 2193 haben

2406 2294 2502 2354 Hanß
2546 2278 2663 2338 Kobel
2695 2271 2771 2331 von
2856 2263 3157 2323 Lauferßwile,
3180 2255 3297 2315 welher
3318 2247 3394 2307 aber

2396 2388 2500 2448 dieser
2523 2371 2710 2431 anbleget
2733 2360 2896 2420 gäntzlich
2931 2353 3105 2413 veormeine
3175 2346 3232 2406 Sie
3256 2343 3338 2403 aber
3372 2337 3430 2397 die

2379 2475 2504 2535 Eikse
2531 2468 2808 2528 gemenschafft
2838 2461 2920 2521 duch
2935 2454 3198 2514 Kundtschafft
3212 2451 3267 2511 hat
3282 2447 3434 2507 bewieisen
