4032 3024
689 271 761 331 530
785 268 845 328 f.

1001 334 1118 394 sollen
1147 335 1295 395 welches
1324 331 1429 391 auch
1443 327 1532 387 Ihra
1561 326 1649 386 Von
1680 330 1768 390 Unß
1797 340 1871 400 ist
1886 366 2063 426 betillen

993 413 1126 473 worden
1200 416 1397 476 indeßen
1433 411 1518 471 aber
1568 410 1641 470 die
1665 414 1849 474 anstalt
1873 439 2046 499 zugeich¬

986 508 1214 568 Verfurget,
1240 503 1322 563 daß
1349 499 1550 559 allefahls
1590 497 1725 557 beyde
1753 499 1793 559 im
1833 512 2034 572 Kurgatorwe

1001 601 1101 661 Eydt
1114 597 1215 657 undt
1253 593 1329 653 des
1354 589 1593 649 lichtigkeit
1632 590 1871 650 deßelben
1896 601 2010 661 wolld

1001 687 1243 747 grnnklich
1283 676 1552 736 underichtet
1577 676 1692 736 und
1719 683 2026 743 nahlerkante

1004 775 1182 835 notigen
1221 771 1362 831 bericht
1387 767 1427 827 so
1439 763 1528 823 wohl
1567 762 1657 822 Ihrer
1695 765 2015 825 Emmpfangenen

1012 871 1462 931 Endts-Instruction
1515 864 1595 924 alß
1660 862 1872 922 habenden
1898 864 2070 924 Lümbdes

999 969 1112 1029 auff
1126 965 1266 1025 Einen
1294 962 1420 1022 Ihnen
1448 961 1714 1021 ansetzenden
1728 962 1813 1022 tag
1841 965 2080 1025 nebrallher¬

987 1075 1172 1135 schibung
1214 1066 1271 1126 der
1313 1063 1682 1123 Kundtschafftes
1698 1066 1911 1126 außaagen
1939 1064 2052 1124 allher

1001 1169 1194 1229 gehalten
1212 1159 1335 1219 werden
1353 1161 1566 1221 sollind.
1583 1168 1635 1228 den
1655 1171 1707 1231 2.
1742 1174 1848 1234 May
1883 1172 2024 1232 ersthen

1014 1261 1261 1321 grschinnen
1287 1261 1325 1321 so
1353 1264 1455 1324 wohl
1508 1268 1573 1328 die
1613 1275 1886 1335 Pfartheynd
1911 1270 2069 1330 alß¬

1009 1366 1171 1426 langten
1197 1366 1285 1426 auch
1322 1367 1385 1427 die
1422 1372 1723 1432 anbefohlene
1760 1370 2000 1430 Verschloßen

1010 1466 1631 1526 Lunkesschaffts-außaage
1694 1461 1781 1521 von
1806 1451 2017 1511 Utzenstoff

1010 1562 1109 1622 Ew.
1136 1567 1362 1627 Nachdemme
1404 1571 1502 1631 nun
1545 1571 1671 1631 Wis
1728 1560 2037 1620 Pfärtheren

993 1661 1087 1721 Ihren
1121 1661 1203 1721 mit
1227 1662 1286 1722 Ein
1308 1664 1472 1724 anderen
1506 1664 1694 1724 habenden
1740 1654 2032 1714 Ehrr-handelun

1005 1744 1148 1804 heian
1200 1750 1460 1810 mmundtlich
1486 1753 1693 1813 angehörk
1772 1736 1941 1796 bedeite

991 1850 1287 1910 Kundtschafft
1319 1860 1548 1920 außaagen
1580 1853 1811 1913 erdeuwoert
1844 1828 1927 1888 sind
1959 1803 2024 1863 wir

1004 1938 1055 1998 in
1074 1944 1246 2004 Unsern
1279 1954 1574 2014 mienunger
1607 1947 1796 2007 hersaltes
1832 1927 1899 1987 and
1935 1904 2021 1964 bart

1000 2026 1070 2086 mit
1107 2031 1160 2091 des
1177 2039 1357 2099 mehrer
1393 2050 1535 2110 Erbenk
1590 2048 1715 2108 nn.
1733 2032 1911 2092 Weile
1928 2002 2018 2062 dus

998 2127 1057 2187 die
1080 2141 1389 2201 brließthimmer
1425 2147 1651 2207 gnugsamb
1686 2138 1841 2198 erhalet
1853 2129 1888 2189 in
1913 2113 2068 2173 was¬

986 2234 1069 2294 für
1096 2238 1192 2298 fürd
1221 2245 1467 2305 genanner
1495 2248 1591 2308 undt
1618 2242 1880 2302 vVerdächtiges
1908 2220 2058 2280 Relation

989 2329 1060 2389 rit
1088 2329 1173 2389 nud
1202 2333 1328 2393 beyde
1358 2337 1456 2397 mit
1484 2336 1711 2396 Einander
1738 2316 1965 2376 gestande,
1979 2289 2008 2349 so

964 2425 981 2485 I
1048 2432 1133 2492 gad
1183 2439 1252 2499 die
1269 2443 1371 2503 that
1404 2444 1523 2504 auff
1557 2439 1659 2499 Ihre
1692 2419 1894 2479 Erlesen,
1911 2385 2030 2445 bebet

976 2527 1066 2587 Aber
1081 2534 1144 2594 des
1174 2546 1435 2606 Antwortes
1480 2546 1756 2606 bekantlich
1804 2518 1879 2578 vor
1894 2496 1972 2556 vnß

3392 382 3460 442 24

2438 436 2520 496 sein
2534 439 2699 499 mürsten
2726 450 2850 510 Etwas
2877 460 2946 520 mit
2959 466 3015 526 der
3028 476 3165 536 klegen
3207 492 3398 552 begangen
3427 498 3510 558 zu¬

2433 530 2567 590 habe,
2581 533 2729 593 darmit
2758 542 2832 602 lecht
2846 551 2951 611 seye,
2980 560 3039 620 alß
3068 569 3157 629 solle
3187 575 3245 635 der
3259 580 3467 640 Antvorter

2427 618 2503 678 auß
2548 623 2656 683 diesen
2679 631 2832 691 grunden
2897 642 3017 702 obschon
3039 649 3094 709 Er
3116 653 3192 713 alle
3215 657 3368 717 thäitlich
3389 658 3443 718 beit

2427 716 2653 776 vermeinet
2705 718 2788 778 von
2829 720 2901 780 den
2954 732 3232 792 Rurgations-
3252 741 3355 801 Eydt
3376 746 3501 806 ver¬

2408 812 2587 872 ghalten
2617 806 2722 866 undt
2737 806 2842 866 Ihme
2871 808 2932 868 das
2962 811 3067 871 kindt
3082 816 3157 876 alß
3172 824 3368 884 ohuehrlich
3382 836 3488 896 zu¬

2405 908 2640 968 gesprochen
2676 897 2768 957 ein

2399 1031 2505 1091 Mit
2542 1018 2802 1078 demundern
2837 1020 3027 1080 meinung
3052 1027 3219 1087 hingegen
3230 1033 3313 1093 wert
3348 1037 3514 1097 befunden

2409 1116 2629 1176 Zeitmahl
2668 1108 2772 1168 durch
2785 1108 2836 1168 die
2875 1108 2966 1168 Vort
3004 1109 3070 1169 der
3095 1111 3264 1171 Klegenn
3289 1112 3471 1172 gestllt

2421 1195 2748 1255 Erißtinter
2777 1190 2894 1250 nicht
2925 1194 3089 1254 noliche
3103 1198 3177 1258 noch
3192 1203 3399 1263 thätliches

2422 1301 2517 1361 auff
2554 1287 2601 1347 den
2614 1280 2817 1340 Antworte
2854 1281 2889 1341 an
2938 1284 3033 1344 Tag
3070 1287 3189 1347 kommer
3226 1285 3309 1345 auch
3333 1276 3428 1336 und

2421 1390 2477 1450 bey
2520 1380 2606 1440 Ieden
2634 1373 2864 1433 geklagter
2892 1378 3108 1438 beyschloff
3136 1379 3208 1439 Ein
3250 1373 3422 1433 fintzelen

2413 1480 2708 1540 Kundtschafft
2723 1478 2944 1538 verhanden
2973 1478 3077 1538 welche
3108 1478 3197 1538 noch
3211 1475 3300 1535 allen
3329 1468 3462 1528 Rechten

2406 1576 2482 1636 mit
2516 1576 2614 1636 wäre
2657 1577 2810 1637 gultig
2833 1577 2996 1637 gelesen,
3018 1576 3073 1636 Es
3106 1576 3194 1636 dann
3204 1574 3281 1634 alle
3292 1572 3380 1632 beitt
3391 1570 3477 1630 ge¬

2411 1666 2661 1726 meinschafft
2694 1667 2921 1727 verneinet,
2933 1667 3042 1727 undt
3052 1667 3248 1727 sonderheit
3259 1667 3313 1727 lich
3323 1667 3411 1727 auch
3433 1667 3475 1727 die

2412 1760 2571 1820 Zeugen
2607 1754 2680 1814 der
2704 1753 2790 1813 von
2826 1751 2887 1811 die
2911 1751 3096 1811 Klegerin
3120 1753 3180 1813 sich
3205 1751 3412 1811 schweliger

2403 1847 2616 1907 befunden
2661 1839 2707 1899 so
2729 1838 2819 1898 dann
2830 1837 2932 1897 guten
2954 1835 3168 1895 Leumbkeit
3202 1826 3371 1886 beschaben
3394 1810 3496 1870 worden

2408 1949 2440 2009 so
2451 1946 2528 2006 soll
2562 1942 2605 2002 Er
2627 1939 2704 1999 auß
2748 1935 2857 1995 diesen
2879 1933 3000 1993 grude
3033 1929 3153 1989 aufal
3187 1924 3240 1984 zum
3274 1914 3527 1974 Bargatiow¬

2412 2033 2516 2093 Eynt
2546 2032 2784 2092 admittet
2798 2030 2902 2090 shin:
2932 2026 3021 2086 Alß
3065 2023 3155 2083 Wid
3184 2015 3259 2075 min
3274 2006 3393 2066 obige

2398 2122 2573 2182 Unhere
2597 2123 2746 2183 Urtheil
2784 2123 2833 2183 dem
2896 2121 3132 2181 Pfartheyen
3156 2112 3331 2172 eröffnet
3355 2102 3418 2162 hat

2386 2218 2540 2278 blegern
2573 2218 2628 2278 sich
2649 2218 2749 2278 dern
2760 2216 2990 2276 ersettiget,
3024 2210 3244 2270 Antwerter
3266 2200 3342 2260 aber
3365 2188 3485 2248 selbige

2377 2323 2469 2383 Vor
2495 2317 2652 2377 Kgn
2665 2312 2717 2372 die
2744 2309 2862 2369 Räth
2887 2303 3071 2363 zuzrühen
3109 2296 3333 2356 verlangt,
3346 2291 3385 2351 so
3398 2288 3489 2348 thun

2400 2413 2468 2473 auch
2496 2403 2691 2463 bewilliget
2718 2395 2886 2455 worden,
2899 2393 2995 2453 undt
3009 2393 3163 2453 beschehen
3176 2394 3231 2454 den
3245 2395 3287 2455 28.
3315 2396 3399 2456 May
3426 2398 3524 2458 177.

2387 2498 2457 2558 Isto
2480 2492 2551 2552 Unß
2586 2488 2668 2548 aber
2680 2485 2939 2545 guttgeheißen
2974 2486 3092 2546 werden
3115 2488 3162 2548 den
3185 2489 3197 2549 4
3245 2493 3433 2553 Janiigliehen
3445 2497 3526 2557 Jahr.

2385 2582 2434 2642 zu
2459 2578 2660 2638 Uebunden,
2685 2576 2785 2636 deßen
2810 2576 2884 2636 Wir
2909 2576 3010 2636 Vnser
3034 2577 3147 2637 secret
3172 2578 3285 2638 Iesigl
3322 2578 3447 2638 hieruf

2397 2645 2583 2705 getrukt
