4032 3024
705 285 855 345 332f.

1034 370 1198 430 Wegen
1218 366 1281 426 deß
1344 361 1528 421 bendeht
1551 364 1715 424 beuhl.
1758 397 2069 457 Weshebendelet

674 471 825 531 Büchl.
837 453 987 513 Fredicht

1045 451 1128 511 rit
1147 451 1299 511 Stima
1351 454 1571 514 Schindes
1604 465 1740 525 werd,
1756 487 1960 547 folgender
1979 519 2081 579 Wer¬

1049 544 1124 604 trag
1155 536 1319 596 Erbent:

681 554 855 614 Schiedler
885 538 987 598 Strna

1016 709 1148 769 sit.

999 836 1259 896 Verdicht
1276 823 1432 883 bächl.
1449 819 1518 879 Ein
1552 820 1744 880 Kündel
1761 827 1881 887 vindt
1898 834 1934 894 so
1951 841 2021 901 von

1026 928 1123 988 Frl.
1147 927 1173 987 in
1197 925 1442 985 Kircherhauß
1504 922 1566 982 ist
1590 922 1651 982 auf
1687 922 1872 982 Erzogen
1909 927 1994 987 undt
2008 930 2056 990 zum

996 1019 1457 1079 Schneder-Handsverk
1500 1026 1724 1086 verdinget
1752 1030 1892 1090 worden
1933 1029 2004 1089 hat

1027 1117 1086 1177 sich
1111 1115 1218 1175 kurtz
1253 1115 1504 1175 verwochend
1540 1113 1672 1173 tagen
1719 1110 1779 1170 bey
1814 1105 1935 1165 muhh
1994 1098 2042 1158 deß

1016 1209 1156 1269 Oberen
1188 1205 1501 1265 Ehrr-Grichtt
1523 1205 1641 1265 umb
1685 1204 1965 1264 bewilligung
1999 1201 2086 1261 noch¬

1003 1303 1226 1363 vetorbe,
1241 1303 1309 1363 sich
1339 1303 1422 1363 mit
1450 1303 1604 1363 Sterna
1660 1301 1869 1361 Schindler
1896 1296 1996 1356 von

1003 1405 1194 1465 Rütheen
1271 1405 1474 1465 Kirchhör
1550 1404 1678 1464 Groß
1742 1394 1970 1454 höchstetten
1997 1375 2074 1435 Ver¬

1023 1502 1216 1562 Ehrlicher
1243 1504 1466 1564 zukönnen
1507 1505 1575 1565 bei
1605 1503 1673 1563 min
1687 1498 1798 1558 gnädigen
1812 1487 1923 1547 Heren
1937 1472 2005 1532 ber

1029 1607 1181 1667 habendt
1219 1604 1309 1664 Ihne
1334 1603 1474 1663 under
1512 1599 1575 1659 den
1614 1592 1830 1652 vorbehalt
1868 1574 1983 1634 diesem

1013 1711 1076 1771 Ehe
1116 1711 1154 1771 zu
1218 1709 1424 1769 standen
1488 1704 1541 1764 Er
1578 1694 1771 1754 suntant
1796 1680 1901 1740 solle
1913 1664 2054 1724 frechsten

1036 1808 1223 1868 ichumb
1271 1810 1347 1870 ein
1380 1804 1755 1864 heimach-Reht
1785 1789 1833 1849 Er
1864 1779 1943 1839 syr
1958 1768 2004 1828 zu

1028 1910 1251 1970 hochsetten
1294 1908 1384 1968 aber
1413 1902 1694 1962 andewertig
1740 1884 1992 1944 zubetieben

1024 2005 1127 2065 undt
1156 2006 1289 2066 deßen
1320 2007 1468 2067 einen
1528 2002 1706 2062 glauob
1735 1990 1913 2050 würdigen
1928 1970 2075 2030 heieder

994 2096 1111 2156 Jenn
1149 2108 1269 2168 herrn
1288 2111 1466 2171 Pfacht,
1485 2104 1662 2164 soumb
1700 2089 1779 2149 die
1801 2065 2017 2125 ritrung

1003 2201 1129 2261 diese
1165 2204 1236 2264 Ehr
1256 2206 1435 2266 ersicht
1453 2201 1597 2261 werden
1615 2190 1794 2250 möchten
1850 2161 2065 2221 Vorhelere

980 2314 1218 2374 bemellte
1263 2317 1561 2377 Gemeindt
1608 2303 1846 2363 fochstette
1905 2271 2054 2331 abecht

992 2401 1203 2461 Ihrmit
1226 2416 1436 2476 angenen
1457 2417 1650 2477 wolle.
1670 2407 1776 2467 Wie
1796 2388 1904 2448 wur
1925 2364 1989 2424 de

984 2499 1145 2559 Bihter
1162 2509 1450 2569 Lidernchten
1486 2515 1541 2575 vo
1576 2513 1684 2573 äden
1701 2501 1827 2561 hHre
1882 2467 2025 2527 reien

3388 399 3462 459 155

2450 440 2549 500 undt
2561 443 2884 503 umbnohmalige
2909 473 3194 533 Vergünstigung
3218 494 3479 554 außgebetten

2436 536 2484 596 sich
2504 533 2570 593 mit
2590 533 2696 593 seines
2724 542 2945 602 schwengern
2983 555 3032 615 Ehe
3050 563 3223 623 verkobte
3272 572 3426 632 Copalirn

2433 633 2557 693 loßen
2584 631 2611 691 zu
2638 631 2791 691 können,
2804 634 2872 694 alß
2899 640 3038 700 habende
3066 649 3176 709 bedeit
3189 652 3244 712 igen
3257 655 3354 715 Hren
3367 656 3464 716 diese

2450 728 2548 788 asum
2637 728 2745 788 Ergl.
2764 729 2941 789 hertragen
2951 731 3049 791 sollen
3088 736 3196 796 wieber
3225 739 3275 799 der
3304 743 3432 803 büchl.
3452 748 3510 808 Ver

2449 811 2632 871 deeselbn
2645 812 2707 872 alß
2743 815 2805 875 Ein
2830 820 3076 880 hündelbidt
3088 826 3174 886 auff
3186 827 3334 887 Erzogen
3358 823 3481 883 worden

2418 906 2664 966 Vermittlest
2697 907 2822 967 deßen
2855 909 2899 969 Er
2933 911 3001 971 das
3023 914 3202 974 General
3270 911 3359 971 aber
3381 906 3449 966 kein

2416 998 2577 1058 threial
2621 995 2812 1055 heimah-
2828 997 3092 1057 Vechterlebe,
3123 1003 3166 1063 Er
3196 1004 3256 1064 Ein
3270 1006 3343 1066 gut
3372 1004 3536 1064 handt¬

2426 1087 2700 1147 Virberkhant
2725 1087 2784 1147 sein
2819 1090 3059 1150 Versprochen
3094 1097 3225 1157 hinder
3249 1100 3464 1160 höchstetten

2424 1184 2491 1244 Ein
2526 1178 2752 1238 Ordenliches
2774 1182 3000 1242 heimblesen
3034 1187 3191 1247 besitzet,
3203 1186 3304 1246 undt
3327 1182 3406 1242 dan

2428 1285 2520 1345 alle
2543 1280 2682 1340 Richten
2741 1276 2893 1336 obliget
2927 1274 3102 1334 anstatt
3148 1272 3392 1332 Bartarden

2415 1380 2544 1440 Ehrliche
2581 1375 2722 1435 Kinder
2759 1372 2794 1432 zu
2830 1369 3066 1429 pflantzen,
3078 1363 3185 1423 welche
3197 1357 3398 1417 sonderlich
3421 1349 3481 1409 dem

2421 1479 2545 1539 Landt
2572 1474 2696 1534 wegen
2724 1471 2821 1531 Ihrem
2875 1469 3192 1529 angehoffteten
3219 1467 3302 1527 Odid
3329 1465 3522 1525 beschlebeh

2415 1574 2555 1634 fallen,
2569 1576 2610 1636 ob
2653 1574 2722 1634 bey
2736 1572 2848 1632 solches
2876 1567 3031 1627 gestalt
3045 1563 3157 1623 samme
3185 1560 3283 1620 Ihnen
3311 1559 3366 1619 den
3380 1559 3508 1619 Ehr¬

2400 1675 2606 1735 Verlobten
2653 1669 2774 1729 dieser
2810 1663 3076 1723 heuloratheit
3112 1654 3341 1714 zubehillig
3377 1651 3511 1711 wäre.

2418 1787 2499 1847 p.
2513 1775 2747 1835 Gutfinden,
2774 1765 2857 1825 soll
2884 1758 2966 1818 aber
2993 1753 3103 1813 alleß
3144 1745 3377 1805 überlaßen

2401 1877 2562 1937 Reile.
