<?xml version="1.0" encoding="UTF-8" standalone="yes"?>
<PcGts xmlns="http://schema.primaresearch.org/PAGE/gts/pagecontent/2013-07-15" xmlns:xsi="http://www.w3.org/2001/XMLSchema-instance" xsi:schemaLocation="http://schema.primaresearch.org/PAGE/gts/pagecontent/2013-07-15 http://schema.primaresearch.org/PAGE/gts/pagecontent/2013-07-15/pagecontent.xsd">
    <Metadata>
        <Creator>prov=READ-COOP:name=PyLaia@TranskribusPlatform:version=0.6.0:model_id=38215:lm=none:date=22_11_2021_11:10
prov=READ-COOP:name=PyLaia@Transkribus:version=0.6.0:model_id=38215:date=22_11_2021_11:05
prov=University of Rostock/Institute of Mathematics/CITlab|PLANET AI GmbH/Tobias Gruening/tobias.gruening@planet-ai.de:name=de.uros.citlab.module.baseline2polygon.B2PSeamMultiOriented:v=2.6.7</Creator>
        <Created>2021-08-09T15:16:26.167+02:00</Created>
        <LastChange>2021-11-22T11:10:22.236+01:00</LastChange>
        <TranskribusMetadata docId="746917" pageId="28279720" pageNr="267" tsid="68401366" status="IN_PROGRESS" userId="537" imgUrl="https://files.transkribus.eu/Get?id=AUCMCVGWAXJJKCVCXXCDNHPU&amp;fileType=view" xmlUrl="https://files.transkribus.eu/Get?id=VWHNJMAZYPYRADYJDXGMGQFZ" imageId="22025201"/>
    </Metadata>
    <Page imageFilename="267.jpg" imageWidth="4032" imageHeight="3024">
        <ReadingOrder>
            <OrderedGroup id="ro_1687514977469" caption="Regions reading order">
                <RegionRefIndexed index="0" regionRef="r1"/>
                <RegionRefIndexed index="1" regionRef="r2"/>
                <RegionRefIndexed index="2" regionRef="r3"/>
                <RegionRefIndexed index="3" regionRef="r4"/>
                <RegionRefIndexed index="4" regionRef="r5"/>
            </OrderedGroup>
        </ReadingOrder>
        <TextRegion orientation="0.0" id="r1" custom="readingOrder {index:0;}">
            <Coords points="665,196 665,355 779,355 779,196"/>
            <TextLine id="r1l1" custom="readingOrder {index:0;}">
                <Coords points="660,344 682,338 706,352 723,340 742,343 751,334 761,339 780,322 788,322 783,238 756,236 747,244 711,251 693,235 683,235 654,249"/>
                <Baseline points="665,305 693,301 722,299 750,299 779,296"/>
                <Word id="r1l1_w1" custom="readingOrder {index:0;}">
                    <Coords points="663,259 663,319 798,319 798,259"/>
                    <TextEquiv>
                        <Unicode>534.</Unicode>
                    </TextEquiv>
                </Word>
                <TextEquiv>
                    <Unicode>534.</Unicode>
                </TextEquiv>
            </TextLine>
            <TextEquiv>
                <Unicode></Unicode>
            </TextEquiv>
        </TextRegion>
        <TextRegion orientation="0.0" id="r2" custom="readingOrder {index:1;}">
            <Coords points="654,1058 654,2418 989,2418 989,1058"/>
            <TextLine id="r2l1" custom="readingOrder {index:0;}">
                <Coords points="691,1137 727,1113 752,1119 770,1107 819,1127 855,1102 896,1099 997,1120 993,1036 945,1019 881,1032 828,1002 807,1015 783,1008 756,1036 711,1026 687,1038"/>
                <Baseline points="698,1116 724,1111 750,1107 777,1103 803,1101 830,1099 856,1098 883,1098 909,1098 936,1100 962,1101 989,1103"/>
                <Word id="r2l1_w1" custom="readingOrder {index:0;}">
                    <Coords points="713,1060 713,1120 920,1120 920,1060"/>
                    <TextEquiv>
                        <Unicode>Prätzelen</Unicode>
                    </TextEquiv>
                </Word>
                <Word id="r2l1_w2" custom="readingOrder {index:1;}">
                    <Coords points="945,1062 945,1122 1007,1122 1007,1062"/>
                    <TextEquiv>
                        <Unicode>Vr¬</Unicode>
                    </TextEquiv>
                </Word>
                <TextEquiv>
                    <Unicode>Prätzelen Vr¬</Unicode>
                </TextEquiv>
            </TextLine>
            <TextLine id="r2l2" custom="readingOrder {index:1;}">
                <Coords points="701,1211 732,1217 748,1205 792,1215 827,1197 931,1219 930,1142 919,1145 902,1128 865,1116 792,1122 771,1107 755,1118 727,1112 699,1133"/>
                <Baseline points="707,1196 734,1195 761,1194 788,1193 815,1192 842,1191 869,1191 896,1192 924,1194"/>
                <Word id="r2l2_w1" custom="readingOrder {index:0;}">
                    <Coords points="711,1151 711,1211 941,1211 941,1151"/>
                    <TextEquiv>
                        <Unicode>kauffen.</Unicode>
                    </TextEquiv>
                </Word>
                <TextEquiv>
                    <Unicode>kauffen.</Unicode>
                </TextEquiv>
            </TextLine>
            <TextLine id="r2l3" custom="readingOrder {index:2;}">
                <Coords points="696,2325 723,2311 770,2329 831,2309 873,2330 896,2317 969,2310 970,2226 783,2255 727,2226 698,2227"/>
                <Baseline points="704,2304 729,2303 755,2303 781,2303 807,2304 833,2304 858,2305 884,2306 910,2306 936,2307 962,2307"/>
                <Word id="r2l3_w1" custom="readingOrder {index:0;}">
                    <Coords points="705,2263 705,2323 898,2323 898,2263"/>
                    <TextEquiv>
                        <Unicode>Schnitter,</Unicode>
                    </TextEquiv>
                </Word>
                <Word id="r2l3_w2" custom="readingOrder {index:1;}">
                    <Coords points="918,2267 918,2327 980,2327 980,2267"/>
                    <TextEquiv>
                        <Unicode>und</Unicode>
                    </TextEquiv>
                </Word>
                <TextEquiv>
                    <Unicode>Schnitter, und</Unicode>
                </TextEquiv>
            </TextLine>
            <TextLine id="r2l4" custom="readingOrder {index:3;}">
                <Coords points="647,2404 714,2406 796,2447 844,2415 904,2451 935,2426 990,2414 991,2347 964,2359 913,2326 895,2338 848,2334 810,2360 726,2311 681,2333 648,2328"/>
                <Baseline points="654,2396 679,2394 704,2393 730,2393 755,2393 780,2393 806,2394 831,2396 857,2396 882,2397 907,2397 933,2397 958,2397 984,2396"/>
                <Word id="r2l4_w1" custom="readingOrder {index:0;}">
                    <Coords points="659,2353 659,2413 800,2413 800,2353"/>
                    <TextEquiv>
                        <Unicode>Mäder,</Unicode>
                    </TextEquiv>
                </Word>
                <Word id="r2l4_w2" custom="readingOrder {index:1;}">
                    <Coords points="811,2357 811,2417 1001,2417 1001,2357"/>
                    <TextEquiv>
                        <Unicode>Ssontagen.</Unicode>
                    </TextEquiv>
                </Word>
                <TextEquiv>
                    <Unicode>Mäder, Ssontagen.</Unicode>
                </TextEquiv>
            </TextLine>
            <TextEquiv>
                <Unicode></Unicode>
            </TextEquiv>
        </TextRegion>
        <TextRegion orientation="0.0" id="r3" custom="readingOrder {index:2;}">
            <Coords points="1001,320 1001,2569 2079,2569 2079,320"/>
            <TextLine id="r3l1" custom="readingOrder {index:0;}">
                <Coords points="1237,402 1362,377 1434,425 1518,383 1565,422 1898,374 2017,415 2019,375 1861,345 1785,294 1742,316 1637,281 1430,278 1390,307 1349,278 1243,309"/>
                <Baseline points="1245,378 1283,375 1321,371 1359,368 1397,367 1436,365 1474,365 1512,365 1550,366 1588,368 1627,369 1665,372 1703,376 1741,381 1779,384 1818,390 1856,395 1894,401 1932,408 1970,415 2009,423"/>
                <Word id="r3l1_w1" custom="readingOrder {index:0;}">
                    <Coords points="1262,327 1262,387 1516,387 1516,327"/>
                    <TextEquiv>
                        <Unicode>Montags</Unicode>
                    </TextEquiv>
                </Word>
                <Word id="r3l1_w2" custom="readingOrder {index:1;}">
                    <Coords points="1554,328 1554,388 1628,388 1628,328"/>
                    <TextEquiv>
                        <Unicode>den</Unicode>
                    </TextEquiv>
                </Word>
                <Word id="r3l1_w3" custom="readingOrder {index:2;}">
                    <Coords points="1645,334 1645,394 1737,394 1737,334"/>
                    <TextEquiv>
                        <Unicode>8ten</Unicode>
                    </TextEquiv>
                </Word>
                <Word id="r3l1_w4" custom="readingOrder {index:3;}">
                    <Coords points="1754,348 1754,408 1864,408 1864,348"/>
                    <TextEquiv>
                        <Unicode>Juny</Unicode>
                    </TextEquiv>
                </Word>
                <Word id="r3l1_w5" custom="readingOrder {index:4;}">
                    <Coords points="1899,370 1899,430 1991,430 1991,370"/>
                    <TextEquiv>
                        <Unicode>17</Unicode>
                    </TextEquiv>
                </Word>
                <TextEquiv>
                    <Unicode>Montags den 8ten Juny 17</Unicode>
                </TextEquiv>
            </TextLine>
            <TextLine id="r3l2" custom="readingOrder {index:1;}">
                <Coords points="1468,519 1487,514 1516,525 1540,514 1561,522 1595,504 1621,517 1661,512 1661,455 1627,456 1579,417 1565,421 1557,413 1543,418 1468,407"/>
                <Baseline points="1476,507 1501,507 1526,507 1551,507 1577,507 1602,507 1627,507 1653,507"/>
                <Word id="r3l2_w1" custom="readingOrder {index:0;}">
                    <Coords points="1482,467 1482,527 1658,527 1658,467"/>
                    <TextEquiv>
                        <Unicode>Proses</Unicode>
                    </TextEquiv>
                </Word>
                <TextEquiv>
                    <Unicode>Proses</Unicode>
                </TextEquiv>
            </TextLine>
            <TextLine id="r3l3" custom="readingOrder {index:2;}">
                <Coords points="1133,642 1380,697 1582,634 1670,659 1761,637 1853,681 1858,528 1766,525 1631,599 1280,494 1136,505"/>
                <Baseline points="1140,626 1175,624 1210,622 1246,621 1281,620 1317,620 1352,620 1387,621 1423,621 1458,623 1494,624 1529,625 1564,627 1600,629 1635,630 1671,632 1706,634 1741,635 1777,637 1812,639 1848,639"/>
                <Word id="r3l3_w1" custom="readingOrder {index:0;}">
                    <Coords points="1138,580 1138,640 1381,640 1381,580"/>
                    <TextEquiv>
                        <Unicode>Mendge</Unicode>
                    </TextEquiv>
                </Word>
                <Word id="r3l3_w2" custom="readingOrder {index:1;}">
                    <Coords points="1413,584 1413,644 1591,644 1591,584"/>
                    <TextEquiv>
                        <Unicode>regher</Unicode>
                    </TextEquiv>
                </Word>
                <Word id="r3l3_w3" custom="readingOrder {index:2;}">
                    <Coords points="1656,594 1656,654 1818,654 1818,594"/>
                    <TextEquiv>
                        <Unicode>Stürter</Unicode>
                    </TextEquiv>
                </Word>
                <TextEquiv>
                    <Unicode>Mendge regher Stürter</Unicode>
                </TextEquiv>
            </TextLine>
            <TextLine id="r3l4" custom="readingOrder {index:3;}">
                <Coords points="1457,779 1488,771 1522,785 1614,731 1648,748 1680,726 1693,735 1718,720 1732,726 1733,701 1709,688 1644,692 1585,638 1480,685 1459,683"/>
                <Baseline points="1466,723 1491,722 1517,722 1543,723 1569,723 1595,724 1621,725 1647,725 1673,726 1699,726 1725,725"/>
                <Word id="r3l4_w1" custom="readingOrder {index:0;}">
                    <Coords points="1471,683 1471,743 1716,743 1716,683"/>
                    <TextEquiv>
                        <Unicode>Assessares</Unicode>
                    </TextEquiv>
                </Word>
                <TextEquiv>
                    <Unicode>Assessares</Unicode>
                </TextEquiv>
            </TextLine>
            <TextLine id="r3l5" custom="readingOrder {index:4;}">
                <Coords points="1008,873 1163,901 1379,829 1971,845 1972,781 1886,800 1672,717 1576,786 1222,794 1009,692"/>
                <Baseline points="1016,842 1063,839 1110,838 1158,836 1205,834 1253,833 1300,832 1348,831 1395,830 1443,830 1490,830 1537,830 1585,830 1632,831 1680,833 1727,834 1775,836 1822,838 1870,841 1917,844 1965,848"/>
                <Word id="r3l5_w1" custom="readingOrder {index:0;}">
                    <Coords points="1012,797 1012,857 1253,857 1253,797"/>
                    <TextEquiv>
                        <Unicode>MMege</Unicode>
                    </TextEquiv>
                </Word>
                <Word id="r3l5_w2" custom="readingOrder {index:1;}">
                    <Coords points="1268,791 1268,851 1375,851 1375,791"/>
                    <TextEquiv>
                        <Unicode>erer</Unicode>
                    </TextEquiv>
                </Word>
                <Word id="r3l5_w3" custom="readingOrder {index:2;}">
                    <Coords points="1390,790 1390,850 1556,850 1556,790"/>
                    <TextEquiv>
                        <Unicode>enceptos</Unicode>
                    </TextEquiv>
                </Word>
                <Word id="r3l5_w4" custom="readingOrder {index:3;}">
                    <Coords points="1588,791 1588,851 1677,851 1677,791"/>
                    <TextEquiv>
                        <Unicode>Dno</Unicode>
                    </TextEquiv>
                </Word>
                <Word id="r3l5_w5" custom="readingOrder {index:4;}">
                    <Coords points="1739,798 1739,858 1920,858 1920,798"/>
                    <TextEquiv>
                        <Unicode>Seiger</Unicode>
                    </TextEquiv>
                </Word>
                <TextEquiv>
                    <Unicode>MMege erer enceptos Dno Seiger</Unicode>
                </TextEquiv>
            </TextLine>
            <TextLine id="r3l6" custom="readingOrder {index:5;}">
                <Coords points="1021,1013 1173,1036 1384,987 1463,1038 1621,993 1748,1058 1885,1035 1947,1073 2085,1066 2088,975 1974,982 1847,917 1617,958 1292,883 1204,943 1024,906"/>
                <Baseline points="1028,996 1080,995 1133,992 1185,990 1238,989 1290,989 1343,987 1395,989 1448,989 1500,990 1553,991 1606,993 1658,996 1711,999 1763,1002 1816,1004 1868,1009 1921,1014 1973,1017 2026,1022 2079,1028"/>
                <Word id="r3l6_w1" custom="readingOrder {index:0;}">
                    <Coords points="1024,953 1024,1013 1179,1013 1179,953"/>
                    <TextEquiv>
                        <Unicode>langete</Unicode>
                    </TextEquiv>
                </Word>
                <Word id="r3l6_w2" custom="readingOrder {index:1;}">
                    <Coords points="1207,947 1207,1007 1434,1007 1434,947"/>
                    <TextEquiv>
                        <Unicode>folgender</Unicode>
                    </TextEquiv>
                </Word>
                <Word id="r3l6_w3" custom="readingOrder {index:2;}">
                    <Coords points="1476,950 1476,1010 1589,1010 1589,950"/>
                    <TextEquiv>
                        <Unicode>Zedel</Unicode>
                    </TextEquiv>
                </Word>
                <Word id="r3l6_w4" custom="readingOrder {index:3;}">
                    <Coords points="1631,957 1631,1017 1730,1017 1730,957"/>
                    <TextEquiv>
                        <Unicode>ein:</Unicode>
                    </TextEquiv>
                </Word>
                <Word id="r3l6_w5" custom="readingOrder {index:4;}">
                    <Coords points="1758,962 1758,1022 1814,1022 1814,962"/>
                    <TextEquiv>
                        <Unicode>Ihr</Unicode>
                    </TextEquiv>
                </Word>
                <Word id="r3l6_w6" custom="readingOrder {index:5;}">
                    <Coords points="1843,969 1843,1029 1913,1029 1913,969"/>
                    <TextEquiv>
                        <Unicode>Gel</Unicode>
                    </TextEquiv>
                </Word>
                <Word id="r3l6_w7" custom="readingOrder {index:6;}">
                    <Coords points="1955,976 1955,1036 1984,1036 1984,976"/>
                    <TextEquiv>
                        <Unicode>st</Unicode>
                    </TextEquiv>
                </Word>
                <Word id="r3l6_w8" custom="readingOrder {index:7;}">
                    <Coords points="2012,985 2012,1045 2098,1045 2098,985"/>
                    <TextEquiv>
                        <Unicode>hinde¬</Unicode>
                    </TextEquiv>
                </Word>
                <TextEquiv>
                    <Unicode>langete folgender Zedel ein: Ihr Gel st hinde¬</Unicode>
                </TextEquiv>
            </TextLine>
            <TextLine id="r3l7" custom="readingOrder {index:6;}">
                <Coords points="1035,1112 1372,1082 1425,1111 1509,1074 1746,1087 1845,1143 1921,1092 2020,1153 2077,1115 2066,1065 1841,1072 1800,1033 1725,1064 1614,998 1036,1061"/>
                <Baseline points="1043,1095 1094,1092 1145,1088 1197,1086 1248,1083 1299,1082 1351,1080 1402,1080 1453,1080 1505,1080 1556,1080 1607,1082 1659,1083 1710,1085 1761,1086 1813,1089 1864,1092 1915,1095 1967,1098 2018,1101 2070,1106"/>
                <Word id="r3l7_w1" custom="readingOrder {index:0;}">
                    <Coords points="1036,1052 1036,1112 1135,1112 1135,1052"/>
                    <TextEquiv>
                        <Unicode>racht</Unicode>
                    </TextEquiv>
                </Word>
                <Word id="r3l7_w2" custom="readingOrder {index:1;}">
                    <Coords points="1181,1042 1181,1102 1360,1102 1360,1042"/>
                    <TextEquiv>
                        <Unicode>worden,</Unicode>
                    </TextEquiv>
                </Word>
                <Word id="r3l7_w3" custom="readingOrder {index:2;}">
                    <Coords points="1382,1040 1382,1100 1459,1100 1459,1040"/>
                    <TextEquiv>
                        <Unicode>daß</Unicode>
                    </TextEquiv>
                </Word>
                <Word id="r3l7_w4" custom="readingOrder {index:3;}">
                    <Coords points="1527,1040 1527,1100 1583,1100 1583,1040"/>
                    <TextEquiv>
                        <Unicode>an</Unicode>
                    </TextEquiv>
                </Word>
                <Word id="r3l7_w5" custom="readingOrder {index:4;}">
                    <Coords points="1639,1043 1639,1103 1706,1103 1706,1043"/>
                    <TextEquiv>
                        <Unicode>den</Unicode>
                    </TextEquiv>
                </Word>
                <Word id="r3l7_w6" custom="readingOrder {index:5;}">
                    <Coords points="1761,1051 1761,1111 1952,1111 1952,1051"/>
                    <TextEquiv>
                        <Unicode>Sontagen</Unicode>
                    </TextEquiv>
                </Word>
                <Word id="r3l7_w7" custom="readingOrder {index:6;}">
                    <Coords points="1997,1062 1997,1122 2074,1122 2074,1062"/>
                    <TextEquiv>
                        <Unicode>auch</Unicode>
                    </TextEquiv>
                </Word>
                <TextEquiv>
                    <Unicode>racht worden, daß an den Sontagen auch</Unicode>
                </TextEquiv>
            </TextLine>
            <TextLine id="r3l8" custom="readingOrder {index:7;}">
                <Coords points="1021,1192 1282,1178 1334,1220 1430,1175 1902,1221 1987,1180 2067,1209 2088,1118 2021,1153 1946,1118 1893,1164 1749,1099 1336,1143 1163,1093 1022,1158"/>
                <Baseline points="1028,1188 1080,1185 1133,1181 1185,1178 1238,1176 1290,1174 1343,1173 1395,1172 1448,1172 1500,1173 1553,1173 1606,1175 1658,1176 1711,1179 1763,1181 1816,1183 1868,1186 1921,1188 1973,1191 2026,1194 2079,1196"/>
                <Word id="r3l8_w1" custom="readingOrder {index:0;}">
                    <Coords points="1022,1143 1022,1203 1169,1203 1169,1143"/>
                    <TextEquiv>
                        <Unicode>Jahrend</Unicode>
                    </TextEquiv>
                </Word>
                <Word id="r3l8_w2" custom="readingOrder {index:1;}">
                    <Coords points="1217,1135 1217,1195 1290,1195 1290,1135"/>
                    <TextEquiv>
                        <Unicode>dem</Unicode>
                    </TextEquiv>
                </Word>
                <Word id="r3l8_w3" custom="readingOrder {index:2;}">
                    <Coords points="1352,1132 1352,1192 1487,1192 1487,1132"/>
                    <TextEquiv>
                        <Unicode>Gottes</Unicode>
                    </TextEquiv>
                </Word>
                <Word id="r3l8_w4" custom="readingOrder {index:3;}">
                    <Coords points="1511,1133 1511,1193 1645,1193 1645,1133"/>
                    <TextEquiv>
                        <Unicode>dienst</Unicode>
                    </TextEquiv>
                </Word>
                <Word id="r3l8_w5" custom="readingOrder {index:4;}">
                    <Coords points="1681,1142 1681,1202 1901,1202 1901,1142"/>
                    <TextEquiv>
                        <Unicode>Präthelen</Unicode>
                    </TextEquiv>
                </Word>
                <Word id="r3l8_w6" custom="readingOrder {index:5;}">
                    <Coords points="1937,1150 1937,1210 1999,1210 1999,1150"/>
                    <TextEquiv>
                        <Unicode>und</Unicode>
                    </TextEquiv>
                </Word>
                <Word id="r3l8_w7" custom="readingOrder {index:6;}">
                    <Coords points="2011,1155 2011,1215 2098,1215 2098,1155"/>
                    <TextEquiv>
                        <Unicode>ander</Unicode>
                    </TextEquiv>
                </Word>
                <TextEquiv>
                    <Unicode>Jahrend dem Gottes dienst Präthelen und ander</Unicode>
                </TextEquiv>
            </TextLine>
            <TextLine id="r3l9" custom="readingOrder {index:8;}">
                <Coords points="1024,1298 1188,1323 1245,1274 1305,1305 1433,1278 1549,1326 1673,1286 1859,1350 2083,1274 2083,1203 2042,1191 1809,1194 1683,1244 1547,1187 1173,1234 1024,1197"/>
                <Baseline points="1031,1286 1083,1283 1135,1279 1187,1276 1239,1274 1292,1271 1344,1270 1396,1269 1448,1268 1500,1268 1553,1268 1605,1269 1657,1269 1709,1271 1761,1272 1814,1274 1866,1276 1918,1278 1970,1281 2022,1284 2075,1287"/>
                <Word id="r3l9_w1" custom="readingOrder {index:0;}">
                    <Coords points="1027,1242 1027,1302 1146,1302 1146,1242"/>
                    <TextEquiv>
                        <Unicode>dergl.</Unicode>
                    </TextEquiv>
                </Word>
                <Word id="r3l9_w2" custom="readingOrder {index:1;}">
                    <Coords points="1159,1234 1159,1294 1279,1294 1279,1234"/>
                    <TextEquiv>
                        <Unicode>sachen</Unicode>
                    </TextEquiv>
                </Word>
                <Word id="r3l9_w3" custom="readingOrder {index:2;}">
                    <Coords points="1319,1229 1319,1289 1412,1289 1412,1229"/>
                    <TextEquiv>
                        <Unicode>seil</Unicode>
                    </TextEquiv>
                </Word>
                <Word id="r3l9_w4" custom="readingOrder {index:3;}">
                    <Coords points="1466,1228 1466,1288 1545,1288 1545,1228"/>
                    <TextEquiv>
                        <Unicode>und</Unicode>
                    </TextEquiv>
                </Word>
                <Word id="r3l9_w5" custom="readingOrder {index:4;}">
                    <Coords points="1573,1229 1573,1289 1745,1289 1745,1229"/>
                    <TextEquiv>
                        <Unicode>herumb</Unicode>
                    </TextEquiv>
                </Word>
                <Word id="r3l9_w6" custom="readingOrder {index:5;}">
                    <Coords points="1786,1236 1786,1296 1971,1296 1971,1236"/>
                    <TextEquiv>
                        <Unicode>getragen</Unicode>
                    </TextEquiv>
                </Word>
                <Word id="r3l9_w7" custom="readingOrder {index:6;}">
                    <Coords points="1999,1245 1999,1305 2093,1305 2093,1245"/>
                    <TextEquiv>
                        <Unicode>bete¬</Unicode>
                    </TextEquiv>
                </Word>
                <TextEquiv>
                    <Unicode>dergl. sachen seil und herumb getragen bete¬</Unicode>
                </TextEquiv>
            </TextLine>
            <TextLine id="r3l10" custom="readingOrder {index:9;}">
                <Coords points="1012,1365 1304,1406 1391,1363 1794,1388 1878,1357 1973,1405 2065,1360 2064,1298 1868,1343 1493,1292 1197,1348 1012,1282"/>
                <Baseline points="1019,1371 1070,1370 1122,1370 1174,1368 1226,1368 1278,1367 1330,1367 1382,1365 1434,1365 1486,1365 1538,1364 1589,1364 1641,1364 1693,1364 1745,1365 1797,1365 1849,1367 1901,1368 1953,1368 2005,1371 2057,1373"/>
                <Word id="r3l10_w1" custom="readingOrder {index:0;}">
                    <Coords points="1020,1330 1020,1390 1113,1390 1113,1330"/>
                    <TextEquiv>
                        <Unicode>Wann</Unicode>
                    </TextEquiv>
                </Word>
                <Word id="r3l10_w2" custom="readingOrder {index:1;}">
                    <Coords points="1150,1328 1150,1388 1225,1388 1225,1328"/>
                    <TextEquiv>
                        <Unicode>nun</Unicode>
                    </TextEquiv>
                </Word>
                <Word id="r3l10_w3" custom="readingOrder {index:2;}">
                    <Coords points="1271,1327 1271,1387 1383,1387 1383,1327"/>
                    <TextEquiv>
                        <Unicode>dieses</Unicode>
                    </TextEquiv>
                </Word>
                <Word id="r3l10_w4" custom="readingOrder {index:3;}">
                    <Coords points="1430,1324 1430,1384 1560,1384 1560,1324"/>
                    <TextEquiv>
                        <Unicode>wieder</Unicode>
                    </TextEquiv>
                </Word>
                <Word id="r3l10_w5" custom="readingOrder {index:4;}">
                    <Coords points="1608,1324 1608,1384 1654,1384 1654,1324"/>
                    <TextEquiv>
                        <Unicode>die</Unicode>
                    </TextEquiv>
                </Word>
                <Word id="r3l10_w6" custom="readingOrder {index:5;}">
                    <Coords points="1692,1325 1692,1385 1877,1385 1877,1325"/>
                    <TextEquiv>
                        <Unicode>Ordnung</Unicode>
                    </TextEquiv>
                </Word>
                <Word id="r3l10_w7" custom="readingOrder {index:6;}">
                    <Coords points="1906,1329 1906,1389 2055,1389 2055,1329"/>
                    <TextEquiv>
                        <Unicode>streithet</Unicode>
                    </TextEquiv>
                </Word>
                <TextEquiv>
                    <Unicode>Wann nun dieses wieder die Ordnung streithet</Unicode>
                </TextEquiv>
            </TextLine>
            <TextLine id="r3l11" custom="readingOrder {index:10;}">
                <Coords points="1016,1479 1269,1524 1337,1488 1388,1517 1649,1490 1741,1538 2073,1501 2072,1435 1878,1358 1695,1429 1628,1396 1533,1435 1450,1394 1015,1420"/>
                <Baseline points="1023,1478 1075,1476 1127,1475 1179,1473 1231,1472 1283,1472 1335,1470 1388,1469 1440,1469 1492,1467 1544,1467 1596,1467 1648,1466 1700,1466 1753,1466 1805,1465 1857,1464 1909,1464 1961,1464 2013,1466 2066,1466"/>
                <Word id="r3l11_w1" custom="readingOrder {index:0;}">
                    <Coords points="1019,1436 1019,1496 1122,1496 1122,1436"/>
                    <TextEquiv>
                        <Unicode>deren</Unicode>
                    </TextEquiv>
                </Word>
                <Word id="r3l11_w2" custom="readingOrder {index:1;}">
                    <Coords points="1152,1430 1152,1490 1505,1490 1505,1430"/>
                    <TextEquiv>
                        <Unicode>aufrechthaltung</Unicode>
                    </TextEquiv>
                </Word>
                <Word id="r3l11_w3" custom="readingOrder {index:2;}">
                    <Coords points="1520,1427 1520,1487 1609,1487 1609,1427"/>
                    <TextEquiv>
                        <Unicode>diche</Unicode>
                    </TextEquiv>
                </Word>
                <Word id="r3l11_w4" custom="readingOrder {index:3;}">
                    <Coords points="1638,1426 1638,1486 1756,1486 1756,1426"/>
                    <TextEquiv>
                        <Unicode>gnädigen</Unicode>
                    </TextEquiv>
                </Word>
                <Word id="r3l11_w5" custom="readingOrder {index:4;}">
                    <Coords points="1772,1424 1772,1484 1890,1484 1890,1424"/>
                    <TextEquiv>
                        <Unicode>Heren</Unicode>
                    </TextEquiv>
                </Word>
                <Word id="r3l11_w6" custom="readingOrder {index:5;}">
                    <Coords points="1905,1425 1905,1485 2083,1485 2083,1425"/>
                    <TextEquiv>
                        <Unicode>bgelagen,</Unicode>
                    </TextEquiv>
                </Word>
                <TextEquiv>
                    <Unicode>deren aufrechthaltung diche gnädigen Heren bgelagen,</Unicode>
                </TextEquiv>
            </TextLine>
            <TextLine id="r3l12" custom="readingOrder {index:11;}">
                <Coords points="1013,1614 1130,1565 1451,1630 1632,1590 1744,1641 1911,1619 2055,1544 1818,1510 1404,1535 1341,1501 1276,1549 1148,1509 1012,1528"/>
                <Baseline points="1020,1577 1071,1575 1122,1575 1174,1575 1225,1575 1277,1575 1328,1575 1379,1575 1431,1575 1482,1575 1534,1576 1585,1577 1636,1577 1688,1575 1739,1575 1791,1575 1842,1574 1893,1572 1945,1571 1996,1569 2048,1566"/>
                <Word id="r3l12_w1" custom="readingOrder {index:0;}">
                    <Coords points="1027,1535 1027,1595 1093,1595 1093,1535"/>
                    <TextEquiv>
                        <Unicode>Alß</Unicode>
                    </TextEquiv>
                </Word>
                <Word id="r3l12_w2" custom="readingOrder {index:1;}">
                    <Coords points="1144,1535 1144,1595 1276,1595 1276,1535"/>
                    <TextEquiv>
                        <Unicode>habend</Unicode>
                    </TextEquiv>
                </Word>
                <Word id="r3l12_w3" custom="readingOrder {index:2;}">
                    <Coords points="1302,1535 1302,1595 1395,1595 1395,1535"/>
                    <TextEquiv>
                        <Unicode>Hr.</Unicode>
                    </TextEquiv>
                </Word>
                <Word id="r3l12_w4" custom="readingOrder {index:3;}">
                    <Coords points="1408,1535 1408,1595 1525,1595 1525,1535"/>
                    <TextEquiv>
                        <Unicode>Gnl.</Unicode>
                    </TextEquiv>
                </Word>
                <Word id="r3l12_w5" custom="readingOrder {index:4;}">
                    <Coords points="1539,1537 1539,1597 1657,1597 1657,1537"/>
                    <TextEquiv>
                        <Unicode>Euch.</Unicode>
                    </TextEquiv>
                </Word>
                <Word id="r3l12_w6" custom="readingOrder {index:5;}">
                    <Coords points="1669,1535 1669,1595 1854,1595 1854,1535"/>
                    <TextEquiv>
                        <Unicode>MrhHHr</Unicode>
                    </TextEquiv>
                </Word>
                <Word id="r3l12_w7" custom="readingOrder {index:6;}">
                    <Coords points="1893,1529 1893,1589 2050,1589 2050,1529"/>
                    <TextEquiv>
                        <Unicode>ansinen</Unicode>
                    </TextEquiv>
                </Word>
                <TextEquiv>
                    <Unicode>Alß habend Hr. Gnl. Euch. MrhHHr ansinen</Unicode>
                </TextEquiv>
            </TextLine>
            <TextLine id="r3l13" custom="readingOrder {index:12;}">
                <Coords points="1021,1698 1315,1669 1433,1720 1630,1685 1883,1731 1950,1674 2074,1670 2073,1614 1776,1654 1646,1620 1412,1643 1327,1605 1164,1652 1020,1614"/>
                <Baseline points="1028,1679 1082,1677 1137,1676 1192,1676 1246,1676 1301,1674 1356,1674 1410,1674 1465,1674 1520,1673 1574,1673 1629,1673 1684,1671 1738,1671 1793,1670 1848,1670 1902,1668 1957,1665 2012,1664 2067,1662"/>
                <Word id="r3l13_w1" custom="readingOrder {index:0;}">
                    <Coords points="1021,1636 1021,1696 1151,1696 1151,1636"/>
                    <TextEquiv>
                        <Unicode>wollen</Unicode>
                    </TextEquiv>
                </Word>
                <Word id="r3l13_w2" custom="readingOrder {index:1;}">
                    <Coords points="1209,1635 1209,1695 1315,1695 1315,1635"/>
                    <TextEquiv>
                        <Unicode>auff</Unicode>
                    </TextEquiv>
                </Word>
                <Word id="r3l13_w3" custom="readingOrder {index:2;}">
                    <Coords points="1351,1634 1351,1694 1576,1694 1576,1634"/>
                    <TextEquiv>
                        <Unicode>dergleichen</Unicode>
                    </TextEquiv>
                </Word>
                <Word id="r3l13_w4" custom="readingOrder {index:3;}">
                    <Coords points="1622,1631 1622,1691 1740,1691 1740,1631"/>
                    <TextEquiv>
                        <Unicode>sachen</Unicode>
                    </TextEquiv>
                </Word>
                <Word id="r3l13_w5" custom="readingOrder {index:4;}">
                    <Coords points="1788,1630 1788,1690 1906,1690 1906,1630"/>
                    <TextEquiv>
                        <Unicode>achten</Unicode>
                    </TextEquiv>
                </Word>
                <Word id="r3l13_w6" custom="readingOrder {index:5;}">
                    <Coords points="1941,1623 1941,1683 2084,1683 2084,1623"/>
                    <TextEquiv>
                        <Unicode>zulasen</Unicode>
                    </TextEquiv>
                </Word>
                <TextEquiv>
                    <Unicode>wollen auff dergleichen sachen achten zulasen</Unicode>
                </TextEquiv>
            </TextLine>
            <TextLine id="r3l14" custom="readingOrder {index:13;}">
                <Coords points="1016,1802 1481,1791 1530,1826 1697,1768 1846,1801 2072,1778 2071,1704 2004,1741 1739,1719 1601,1755 1470,1704 1015,1700"/>
                <Baseline points="1023,1773 1075,1775 1127,1775 1179,1775 1231,1775 1283,1776 1335,1776 1387,1776 1439,1776 1491,1776 1543,1776 1595,1776 1647,1776 1699,1775 1751,1775 1803,1773 1855,1772 1907,1770 1959,1769 2011,1767 2064,1764"/>
                <Word id="r3l14_w1" custom="readingOrder {index:0;}">
                    <Coords points="1028,1734 1028,1794 1089,1794 1089,1734"/>
                    <TextEquiv>
                        <Unicode>und</Unicode>
                    </TextEquiv>
                </Word>
                <Word id="r3l14_w2" custom="readingOrder {index:1;}">
                    <Coords points="1137,1736 1137,1796 1524,1796 1524,1736"/>
                    <TextEquiv>
                        <Unicode>wiederhandlenden</Unicode>
                    </TextEquiv>
                </Word>
                <Word id="r3l14_w3" custom="readingOrder {index:2;}">
                    <Coords points="1572,1736 1572,1796 1682,1796 1682,1736"/>
                    <TextEquiv>
                        <Unicode>fahls</Unicode>
                    </TextEquiv>
                </Word>
                <Word id="r3l14_w4" custom="readingOrder {index:3;}">
                    <Coords points="1729,1734 1729,1794 1778,1794 1778,1734"/>
                    <TextEquiv>
                        <Unicode>die</Unicode>
                    </TextEquiv>
                </Word>
                <Word id="r3l14_w5" custom="readingOrder {index:4;}">
                    <Coords points="1814,1730 1814,1790 1995,1790 1995,1730"/>
                    <TextEquiv>
                        <Unicode>Pahlbaren</Unicode>
                    </TextEquiv>
                </Word>
                <Word id="r3l14_w6" custom="readingOrder {index:5;}">
                    <Coords points="2032,1724 2032,1784 2082,1784 2082,1724"/>
                    <TextEquiv>
                        <Unicode>zu¬</Unicode>
                    </TextEquiv>
                </Word>
                <TextEquiv>
                    <Unicode>und wiederhandlenden fahls die Pahlbaren zu¬</Unicode>
                </TextEquiv>
            </TextLine>
            <TextLine id="r3l15" custom="readingOrder {index:14;}">
                <Coords points="1015,1898 1191,1861 1357,1925 1438,1871 1544,1912 1748,1866 1900,1894 2067,1822 1950,1837 1708,1768 1540,1839 1480,1805 1244,1837 1143,1798 1014,1835"/>
                <Baseline points="1022,1877 1073,1875 1125,1874 1177,1872 1229,1872 1281,1872 1333,1874 1385,1874 1437,1874 1489,1875 1541,1875 1592,1875 1644,1875 1696,1875 1748,1874 1800,1872 1852,1871 1904,1867 1956,1864 2008,1859 2060,1853"/>
                <Word id="r3l15_w1" custom="readingOrder {index:0;}">
                    <Coords points="1015,1834 1015,1894 1210,1894 1210,1834"/>
                    <TextEquiv>
                        <Unicode>straffen,</Unicode>
                    </TextEquiv>
                </Word>
                <Word id="r3l15_w2" custom="readingOrder {index:1;}">
                    <Coords points="1246,1832 1246,1892 1308,1892 1308,1832"/>
                    <TextEquiv>
                        <Unicode>die</Unicode>
                    </TextEquiv>
                </Word>
                <Word id="r3l15_w3" custom="readingOrder {index:2;}">
                    <Coords points="1344,1834 1344,1894 1491,1894 1491,1834"/>
                    <TextEquiv>
                        <Unicode>zethun</Unicode>
                    </TextEquiv>
                </Word>
                <Word id="r3l15_w4" custom="readingOrder {index:3;}">
                    <Coords points="1527,1835 1527,1895 1552,1895 1552,1835"/>
                    <TextEquiv>
                        <Unicode>He</Unicode>
                    </TextEquiv>
                </Word>
                <Word id="r3l15_w5" custom="readingOrder {index:4;}">
                    <Coords points="1600,1835 1600,1895 1661,1895 1661,1835"/>
                    <TextEquiv>
                        <Unicode>ein</Unicode>
                    </TextEquiv>
                </Word>
                <Word id="r3l15_w6" custom="readingOrder {index:5;}">
                    <Coords points="1673,1834 1673,1894 1783,1894 1783,1834"/>
                    <TextEquiv>
                        <Unicode>gnädiger</Unicode>
                    </TextEquiv>
                </Word>
                <Word id="r3l15_w7" custom="readingOrder {index:6;}">
                    <Coords points="1795,1831 1795,1891 1906,1891 1906,1831"/>
                    <TextEquiv>
                        <Unicode>Hrrn</Unicode>
                    </TextEquiv>
                </Word>
                <Word id="r3l15_w8" custom="readingOrder {index:7;}">
                    <Coords points="1918,1821 1918,1881 2039,1881 2039,1821"/>
                    <TextEquiv>
                        <Unicode>beßen</Unicode>
                    </TextEquiv>
                </Word>
                <TextEquiv>
                    <Unicode>straffen, die zethun He ein gnädiger Hrrn beßen</Unicode>
                </TextEquiv>
            </TextLine>
            <TextLine id="r3l16" custom="readingOrder {index:15;}">
                <Coords points="1013,2011 1339,1972 1511,2028 1593,1969 1650,2006 1739,1944 1889,1952 1888,1887 1752,1860 1462,1932 1257,1899 1214,1932 1011,1934"/>
                <Baseline points="1020,1983 1063,1980 1106,1979 1149,1979 1192,1977 1235,1977 1278,1976 1322,1976 1365,1976 1408,1976 1451,1976 1494,1974 1537,1974 1580,1974 1624,1973 1667,1973 1710,1971 1753,1970 1796,1968 1839,1965 1883,1962"/>
                <Word id="r3l16_w1" custom="readingOrder {index:0;}">
                    <Coords points="1026,1939 1026,1999 1169,1999 1169,1939"/>
                    <TextEquiv>
                        <Unicode>berdet.</Unicode>
                    </TextEquiv>
                </Word>
                <Word id="r3l16_w2" custom="readingOrder {index:1;}">
                    <Coords points="1194,1936 1194,1996 1338,1996 1338,1936"/>
                    <TextEquiv>
                        <Unicode>Actum</Unicode>
                    </TextEquiv>
                </Word>
                <Word id="r3l16_w3" custom="readingOrder {index:2;}">
                    <Coords points="1404,1936 1404,1996 1442,1996 1442,1936"/>
                    <TextEquiv>
                        <Unicode>den</Unicode>
                    </TextEquiv>
                </Word>
                <Word id="r3l16_w4" custom="readingOrder {index:3;}">
                    <Coords points="1468,1934 1468,1994 1559,1994 1559,1934"/>
                    <TextEquiv>
                        <Unicode>8tn</Unicode>
                    </TextEquiv>
                </Word>
                <Word id="r3l16_w5" custom="readingOrder {index:4;}">
                    <Coords points="1572,1933 1572,1993 1689,1993 1689,1933"/>
                    <TextEquiv>
                        <Unicode>Juny</Unicode>
                    </TextEquiv>
                </Word>
                <Word id="r3l16_w6" custom="readingOrder {index:5;}">
                    <Coords points="1742,1927 1742,1987 1871,1987 1871,1927"/>
                    <TextEquiv>
                        <Unicode>1732</Unicode>
                    </TextEquiv>
                </Word>
                <TextEquiv>
                    <Unicode>berdet. Actum den 8tn Juny 1732</Unicode>
                </TextEquiv>
            </TextLine>
            <TextLine id="r3l17" custom="readingOrder {index:16;}">
                <Coords points="997,2139 1138,2152 1222,2097 1410,2094 1470,2137 1535,2094 1589,2128 1749,2075 1937,2106 2064,2044 2061,1934 1831,1949 1632,2066 1451,2014 1286,2068 993,2016"/>
                <Baseline points="1002,2088 1054,2092 1107,2094 1160,2096 1213,2097 1266,2099 1318,2099 1371,2099 1424,2099 1477,2097 1530,2096 1582,2094 1635,2091 1688,2089 1741,2085 1794,2082 1846,2078 1899,2073 1952,2068 2005,2063 2058,2057"/>
                <Word id="r3l17_w1" custom="readingOrder {index:0;}">
                    <Coords points="1001,2050 1001,2110 1055,2110 1055,2050"/>
                    <TextEquiv>
                        <Unicode>V.</Unicode>
                    </TextEquiv>
                </Word>
                <Word id="r3l17_w2" custom="readingOrder {index:1;}">
                    <Coords points="1074,2054 1074,2114 1149,2114 1149,2054"/>
                    <TextEquiv>
                        <Unicode>H.</Unicode>
                    </TextEquiv>
                </Word>
                <Word id="r3l17_w3" custom="readingOrder {index:2;}">
                    <Coords points="1167,2058 1167,2118 1351,2118 1351,2058"/>
                    <TextEquiv>
                        <Unicode>Gorbebel</Unicode>
                    </TextEquiv>
                </Word>
                <Word id="r3l17_w4" custom="readingOrder {index:3;}">
                    <Coords points="1388,2055 1388,2115 1684,2115 1684,2055"/>
                    <TextEquiv>
                        <Unicode>aufgetragen</Unicode>
                    </TextEquiv>
                </Word>
                <Word id="r3l17_w5" custom="readingOrder {index:4;}">
                    <Coords points="1720,2043 1720,2103 1832,2103 1832,2043"/>
                    <TextEquiv>
                        <Unicode>auff</Unicode>
                    </TextEquiv>
                </Word>
                <Word id="r3l17_w6" custom="readingOrder {index:5;}">
                    <Coords points="1850,2028 1850,2088 2053,2088 2053,2028"/>
                    <TextEquiv>
                        <Unicode>diesehber</Unicode>
                    </TextEquiv>
                </Word>
                <TextEquiv>
                    <Unicode>V. H. Gorbebel aufgetragen auff diesehber</Unicode>
                </TextEquiv>
            </TextLine>
            <TextLine id="r3l18" custom="readingOrder {index:17;}">
                <Coords points="1015,2237 1406,2194 1717,2224 1827,2173 1910,2211 1982,2150 2067,2144 2066,2104 1903,2118 1837,2067 1562,2164 1422,2169 1352,2128 1275,2168 1089,2120 1011,2147"/>
                <Baseline points="1019,2186 1071,2187 1123,2189 1175,2190 1227,2191 1279,2192 1331,2192 1383,2193 1435,2193 1487,2192 1539,2191 1591,2189 1643,2187 1695,2184 1747,2181 1799,2175 1851,2171 1903,2164 1955,2156 2007,2147 2060,2138"/>
                <Word id="r3l18_w1" custom="readingOrder {index:0;}">
                    <Coords points="1016,2147 1016,2207 1173,2207 1173,2147"/>
                    <TextEquiv>
                        <Unicode>achtung</Unicode>
                    </TextEquiv>
                </Word>
                <Word id="r3l18_w2" custom="readingOrder {index:1;}">
                    <Coords points="1221,2152 1221,2212 1395,2212 1395,2152"/>
                    <TextEquiv>
                        <Unicode>zugeben</Unicode>
                    </TextEquiv>
                </Word>
                <Word id="r3l18_w3" custom="readingOrder {index:2;}">
                    <Coords points="1475,2151 1475,2211 1554,2211 1554,2151"/>
                    <TextEquiv>
                        <Unicode>und</Unicode>
                    </TextEquiv>
                </Word>
                <Word id="r3l18_w4" custom="readingOrder {index:3;}">
                    <Coords points="1585,2146 1585,2206 1711,2206 1711,2146"/>
                    <TextEquiv>
                        <Unicode>selbe</Unicode>
                    </TextEquiv>
                </Word>
                <Word id="r3l18_w5" custom="readingOrder {index:4;}">
                    <Coords points="1744,2127 1744,2187 2013,2187 2013,2127"/>
                    <TextEquiv>
                        <Unicode>Guterbaher</Unicode>
                    </TextEquiv>
                </Word>
                <TextEquiv>
                    <Unicode>achtung zugeben und selbe Guterbaher</Unicode>
                </TextEquiv>
            </TextLine>
            <TextLine id="r3l19" custom="readingOrder {index:18;}">
                <Coords points="1018,2320 1756,2338 2077,2247 2065,2199 1885,2223 1847,2188 1775,2247 1613,2275 1258,2253 1178,2290 1015,2242"/>
                <Baseline points="1025,2306 1077,2308 1129,2312 1181,2315 1234,2318 1286,2319 1338,2322 1390,2322 1443,2324 1495,2324 1547,2323 1599,2321 1652,2319 1704,2316 1756,2311 1808,2304 1861,2297 1913,2289 1965,2278 2017,2267 2070,2253"/>
                <Word id="r3l19_w1" custom="readingOrder {index:0;}">
                    <Coords points="1020,2266 1020,2326 1052,2326 1052,2266"/>
                    <TextEquiv>
                        <Unicode>e</Unicode>
                    </TextEquiv>
                </Word>
                <Word id="r3l19_w2" custom="readingOrder {index:1;}">
                    <Coords points="1148,2273 1148,2333 1166,2333 1166,2273"/>
                    <TextEquiv>
                        <Unicode>e</Unicode>
                    </TextEquiv>
                </Word>
                <Word id="r3l19_w3" custom="readingOrder {index:2;}">
                    <Coords points="1214,2278 1214,2338 1277,2338 1277,2278"/>
                    <TextEquiv>
                        <Unicode>n</Unicode>
                    </TextEquiv>
                </Word>
                <Word id="r3l19_w4" custom="readingOrder {index:3;}">
                    <Coords points="1293,2282 1293,2342 1407,2342 1407,2282"/>
                    <TextEquiv>
                        <Unicode>err</Unicode>
                    </TextEquiv>
                </Word>
                <Word id="r3l19_w5" custom="readingOrder {index:4;}">
                    <Coords points="1439,2281 1439,2341 1714,2341 1714,2281"/>
                    <TextEquiv>
                        <Unicode>Großbeibels</Unicode>
                    </TextEquiv>
                </Word>
                <Word id="r3l19_w6" custom="readingOrder {index:5;}">
                    <Coords points="1730,2261 1730,2321 1923,2321 1923,2261"/>
                    <TextEquiv>
                        <Unicode>Kupfrd</Unicode>
                    </TextEquiv>
                </Word>
                <Word id="r3l19_w7" custom="readingOrder {index:6;}">
                    <Coords points="1973,2229 1973,2289 2037,2289 2037,2229"/>
                    <TextEquiv>
                        <Unicode>dar</Unicode>
                    </TextEquiv>
                </Word>
                <TextEquiv>
                    <Unicode>e e n err Großbeibels Kupfrd dar</Unicode>
                </TextEquiv>
            </TextLine>
            <TextLine id="r3l20" custom="readingOrder {index:19;}">
                <Coords points="1022,2414 1192,2450 1321,2406 1465,2461 1862,2383 1969,2415 2083,2344 2079,2247 1925,2342 1801,2319 1674,2388 1577,2333 1348,2387 1214,2328 1019,2340"/>
                <Baseline points="1028,2397 1080,2399 1132,2400 1185,2402 1237,2405 1289,2406 1342,2408 1394,2409 1446,2411 1499,2412 1551,2412 1603,2411 1656,2409 1708,2406 1760,2402 1813,2395 1865,2388 1917,2379 1970,2367 2022,2354 2075,2339"/>
                <Word id="r3l20_w1" custom="readingOrder {index:0;}">
                    <Coords points="1026,2359 1026,2419 1166,2419 1166,2359"/>
                    <TextEquiv>
                        <Unicode>obhle.</Unicode>
                    </TextEquiv>
                </Word>
                <Word id="r3l20_w2" custom="readingOrder {index:1;}">
                    <Coords points="1183,2363 1183,2423 1253,2423 1253,2363"/>
                    <TextEquiv>
                        <Unicode>bey</Unicode>
                    </TextEquiv>
                </Word>
                <Word id="r3l20_w3" custom="readingOrder {index:2;}">
                    <Coords points="1270,2366 1270,2426 1340,2426 1340,2366"/>
                    <TextEquiv>
                        <Unicode>den</Unicode>
                    </TextEquiv>
                </Word>
                <Word id="r3l20_w4" custom="readingOrder {index:3;}">
                    <Coords points="1374,2372 1374,2432 1672,2432 1672,2372"/>
                    <TextEquiv>
                        <Unicode>vorstehenden</Unicode>
                    </TextEquiv>
                </Word>
                <Word id="r3l20_w5" custom="readingOrder {index:4;}">
                    <Coords points="1725,2357 1725,2417 1865,2417 1865,2357"/>
                    <TextEquiv>
                        <Unicode>Mader</Unicode>
                    </TextEquiv>
                </Word>
                <Word id="r3l20_w6" custom="readingOrder {index:5;}">
                    <Coords points="1882,2340 1882,2400 1933,2400 1933,2340"/>
                    <TextEquiv>
                        <Unicode>alß</Unicode>
                    </TextEquiv>
                </Word>
                <Word id="r3l20_w7" custom="readingOrder {index:6;}">
                    <Coords points="1969,2311 1969,2371 2093,2371 2093,2311"/>
                    <TextEquiv>
                        <Unicode>Shee¬</Unicode>
                    </TextEquiv>
                </Word>
                <TextEquiv>
                    <Unicode>obhle. bey den vorstehenden Mader alß Shee¬</Unicode>
                </TextEquiv>
            </TextLine>
            <TextLine id="r3l21" custom="readingOrder {index:20;}">
                <Coords points="995,2527 1097,2538 1229,2482 1352,2563 1481,2518 1740,2543 1807,2484 1890,2462 1948,2499 2048,2447 2079,2358 1969,2415 1771,2401 1700,2458 991,2444"/>
                <Baseline points="1001,2492 1054,2492 1108,2493 1162,2495 1215,2497 1269,2499 1323,2502 1376,2504 1430,2505 1484,2507 1538,2507 1591,2505 1645,2503 1699,2499 1752,2495 1806,2488 1860,2479 1913,2467 1967,2453 2021,2437 2075,2417"/>
                <Word id="r3l21_w1" custom="readingOrder {index:0;}">
                    <Coords points="1000,2453 1000,2513 1217,2513 1217,2453"/>
                    <TextEquiv>
                        <Unicode>Contagen</Unicode>
                    </TextEquiv>
                </Word>
                <Word id="r3l21_w2" custom="readingOrder {index:1;}">
                    <Coords points="1258,2459 1258,2519 1315,2519 1315,2459"/>
                    <TextEquiv>
                        <Unicode>de</Unicode>
                    </TextEquiv>
                </Word>
                <Word id="r3l21_w3" custom="readingOrder {index:2;}">
                    <Coords points="1356,2464 1356,2524 1436,2524 1436,2464"/>
                    <TextEquiv>
                        <Unicode>heil</Unicode>
                    </TextEquiv>
                </Word>
                <Word id="r3l21_w4" custom="readingOrder {index:3;}">
                    <Coords points="1475,2466 1475,2526 1634,2526 1634,2466"/>
                    <TextEquiv>
                        <Unicode>Salbaff</Unicode>
                    </TextEquiv>
                </Word>
                <Word id="r3l21_w5" custom="readingOrder {index:4;}">
                    <Coords points="1653,2459 1653,2519 1732,2519 1732,2459"/>
                    <TextEquiv>
                        <Unicode>daß</Unicode>
                    </TextEquiv>
                </Word>
                <Word id="r3l21_w6" custom="readingOrder {index:5;}">
                    <Coords points="1754,2445 1754,2505 1891,2505 1891,2445"/>
                    <TextEquiv>
                        <Unicode>hern</Unicode>
                    </TextEquiv>
                </Word>
                <Word id="r3l21_w7" custom="readingOrder {index:6;}">
                    <Coords points="1911,2414 1911,2474 2012,2474 2012,2414"/>
                    <TextEquiv>
                        <Unicode>nicht</Unicode>
                    </TextEquiv>
                </Word>
                <Word id="r3l21_w8" custom="readingOrder {index:7;}">
                    <Coords points="2031,2382 2031,2442 2092,2442 2092,2382"/>
                    <TextEquiv>
                        <Unicode>en</Unicode>
                    </TextEquiv>
                </Word>
                <TextEquiv>
                    <Unicode>Contagen de heil Salbaff daß hern nicht en</Unicode>
                </TextEquiv>
            </TextLine>
            <TextLine id="r3l22" custom="readingOrder {index:21;}">
                <Coords points="1924,2578 1949,2561 1988,2579 2069,2513 2055,2447 2018,2469 1969,2471 1948,2500 1940,2494 1907,2500"/>
                <Baseline points="1925,2549 1952,2540 1980,2534 2007,2530 2035,2524 2063,2516"/>
                <Word id="r3l22_w1" custom="readingOrder {index:0;}">
                    <Coords points="1913,2494 1913,2554 2044,2554 2044,2494"/>
                    <TextEquiv>
                        <Unicode>selbis</Unicode>
                    </TextEquiv>
                </Word>
                <TextEquiv>
                    <Unicode>selbis</Unicode>
                </TextEquiv>
            </TextLine>
            <TextEquiv>
                <Unicode></Unicode>
            </TextEquiv>
        </TextRegion>
        <TextRegion orientation="0.0" id="r4" custom="readingOrder {index:3;}">
            <Coords points="2162,1644 2162,1820 2381,1820 2381,1644"/>
            <TextLine id="r4l1" custom="readingOrder {index:0;}">
                <Coords points="2159,1687 2211,1682 2250,1700 2288,1675 2320,1686 2385,1669 2383,1572 2317,1603 2248,1566 2214,1581 2187,1566 2157,1575"/>
                <Baseline points="2165,1676 2191,1674 2218,1674 2244,1673 2271,1671 2298,1671 2324,1671 2351,1671 2378,1673"/>
                <Word id="r4l1_w1" custom="readingOrder {index:0;}">
                    <Coords points="2158,1634 2158,1694 2271,1694 2271,1634"/>
                    <TextEquiv>
                        <Unicode>Weng</Unicode>
                    </TextEquiv>
                </Word>
                <Word id="r4l1_w2" custom="readingOrder {index:1;}">
                    <Coords points="2307,1631 2307,1691 2395,1691 2395,1631"/>
                    <TextEquiv>
                        <Unicode>Anne</Unicode>
                    </TextEquiv>
                </Word>
                <TextEquiv>
                    <Unicode>Weng Anne</Unicode>
                </TextEquiv>
            </TextLine>
            <TextLine id="r4l2" custom="readingOrder {index:1;}">
                <Coords points="2156,1753 2217,1732 2230,1744 2246,1731 2272,1740 2291,1730 2304,1740 2314,1738 2312,1692 2298,1695 2288,1688 2272,1699 2246,1700 2211,1682 2166,1692 2153,1688"/>
                <Baseline points="2162,1733 2191,1731 2220,1730 2249,1728 2278,1727 2307,1728"/>
                <Word id="r4l2_w1" custom="readingOrder {index:0;}">
                    <Coords points="2166,1688 2166,1748 2324,1748 2324,1688"/>
                    <TextEquiv>
                        <Unicode>Louyse.</Unicode>
                    </TextEquiv>
                </Word>
                <TextEquiv>
                    <Unicode>Louyse.</Unicode>
                </TextEquiv>
            </TextLine>
            <TextLine id="r4l3" custom="readingOrder {index:2;}">
                <Coords points="2168,1868 2197,1868 2241,1822 2268,1845 2334,1801 2388,1804 2385,1743 2342,1758 2319,1751 2301,1757 2249,1730 2230,1744 2200,1734 2162,1750"/>
                <Baseline points="2172,1806 2198,1803 2224,1800 2250,1799 2276,1799 2302,1798 2328,1797 2354,1795 2381,1793"/>
                <Word id="r4l3_w1" custom="readingOrder {index:0;}">
                    <Coords points="2164,1760 2164,1820 2281,1820 2281,1760"/>
                    <TextEquiv>
                        <Unicode>Schmid</Unicode>
                    </TextEquiv>
                </Word>
                <Word id="r4l3_w2" custom="readingOrder {index:1;}">
                    <Coords points="2293,1756 2293,1816 2384,1816 2384,1756"/>
                    <TextEquiv>
                        <Unicode>Jacob</Unicode>
                    </TextEquiv>
                </Word>
                <TextEquiv>
                    <Unicode>Schmid Jacob</Unicode>
                </TextEquiv>
            </TextLine>
            <TextEquiv>
                <Unicode></Unicode>
            </TextEquiv>
        </TextRegion>
        <TextRegion orientation="0.0" id="r5" custom="readingOrder {index:4;}">
            <Coords points="2403,380 2403,2538 3533,2538 3533,380"/>
            <TextLine id="r5l1" custom="readingOrder {index:0;}">
                <Coords points="3434,447 3449,452 3459,446 3471,458 3479,458 3487,467 3505,474 3523,461 3539,458 3544,382 3516,381 3505,386 3490,377 3471,375 3448,389 3438,389"/>
                <Baseline points="3443,423 3473,422 3503,424 3533,429"/>
                <Word id="r5l1_w1" custom="readingOrder {index:0;}">
                    <Coords points="3443,383 3443,443 3554,443 3554,383"/>
                    <TextEquiv>
                        <Unicode>535.</Unicode>
                    </TextEquiv>
                </Word>
                <TextEquiv>
                    <Unicode>535.</Unicode>
                </TextEquiv>
            </TextLine>
            <TextLine id="r5l2" custom="readingOrder {index:1;}">
                <Coords points="2420,552 2596,496 2893,509 3022,566 3226,532 3312,573 3537,557 3540,494 3339,464 2427,416"/>
                <Baseline points="2430,497 2485,495 2540,495 2595,495 2650,497 2705,497 2760,500 2815,501 2870,505 2925,508 2980,512 3035,515 3090,518 3145,521 3200,525 3255,528 3310,531 3365,534 3420,537 3475,539 3531,540"/>
                <Word id="r5l2_w1" custom="readingOrder {index:0;}">
                    <Coords points="2436,455 2436,515 2595,515 2595,455"/>
                    <TextEquiv>
                        <Unicode>heiliget</Unicode>
                    </TextEquiv>
                </Word>
                <Word id="r5l2_w2" custom="readingOrder {index:1;}">
                    <Coords points="2621,457 2621,517 2727,517 2727,457"/>
                    <TextEquiv>
                        <Unicode>werde</Unicode>
                    </TextEquiv>
                </Word>
                <Word id="r5l2_w3" custom="readingOrder {index:2;}">
                    <Coords points="2740,461 2740,521 2899,521 2899,461"/>
                    <TextEquiv>
                        <Unicode>denenen</Unicode>
                    </TextEquiv>
                </Word>
                <Word id="r5l2_w4" custom="readingOrder {index:3;}">
                    <Coords points="2912,470 2912,530 3019,530 3019,470"/>
                    <TextEquiv>
                        <Unicode>gnädigen</Unicode>
                    </TextEquiv>
                </Word>
                <Word id="r5l2_w5" custom="readingOrder {index:4;}">
                    <Coords points="3032,478 3032,538 3151,538 3151,478"/>
                    <TextEquiv>
                        <Unicode>Heren</Unicode>
                    </TextEquiv>
                </Word>
                <Word id="r5l2_w6" custom="readingOrder {index:5;}">
                    <Coords points="3165,484 3165,544 3217,544 3217,484"/>
                    <TextEquiv>
                        <Unicode>deß</Unicode>
                    </TextEquiv>
                </Word>
                <Word id="r5l2_w7" custom="readingOrder {index:6;}">
                    <Coords points="3271,495 3271,555 3522,555 3522,495"/>
                    <TextEquiv>
                        <Unicode>Obischorgeches</Unicode>
                    </TextEquiv>
                </Word>
                <TextEquiv>
                    <Unicode>heiliget werde denenen gnädigen Heren deß Obischorgeches</Unicode>
                </TextEquiv>
            </TextLine>
            <TextLine id="r5l3" custom="readingOrder {index:2;}">
                <Coords points="2428,612 2518,646 2758,597 2864,640 3475,640 3505,562 3022,568 2810,510 2742,544 2430,538"/>
                <Baseline points="2436,588 2489,590 2542,591 2595,593 2648,593 2701,594 2754,596 2807,597 2860,599 2913,600 2966,601 3019,603 3072,605 3125,606 3178,608 3231,609 3284,611 3337,612 3390,614 3443,617 3497,618"/>
                <Word id="r5l3_w1" custom="readingOrder {index:0;}">
                    <Coords points="2429,550 2429,610 2552,610 2552,550"/>
                    <TextEquiv>
                        <Unicode>MH</Unicode>
                    </TextEquiv>
                </Word>
                <Word id="r5l3_w2" custom="readingOrder {index:1;}">
                    <Coords points="2652,553 2652,613 2730,613 2730,553"/>
                    <TextEquiv>
                        <Unicode>frl.</Unicode>
                    </TextEquiv>
                </Word>
                <Word id="r5l3_w3" custom="readingOrder {index:2;}">
                    <Coords points="2753,557 2753,617 2887,617 2887,557"/>
                    <TextEquiv>
                        <Unicode>ersucht</Unicode>
                    </TextEquiv>
                </Word>
                <Word id="r5l3_w4" custom="readingOrder {index:3;}">
                    <Coords points="2909,560 2909,620 3010,620 3010,560"/>
                    <TextEquiv>
                        <Unicode>haben</Unicode>
                    </TextEquiv>
                </Word>
                <Word id="r5l3_w5" custom="readingOrder {index:4;}">
                    <Coords points="3065,565 3065,625 3133,625 3133,565"/>
                    <TextEquiv>
                        <Unicode>den</Unicode>
                    </TextEquiv>
                </Word>
                <Word id="r5l3_w6" custom="readingOrder {index:5;}">
                    <Coords points="3177,569 3177,629 3313,629 3313,569"/>
                    <TextEquiv>
                        <Unicode>Weiblen</Unicode>
                    </TextEquiv>
                </Word>
                <Word id="r5l3_w7" custom="readingOrder {index:6;}">
                    <Coords points="3346,575 3346,635 3502,635 3502,575"/>
                    <TextEquiv>
                        <Unicode>(:gleich</Unicode>
                    </TextEquiv>
                </Word>
                <TextEquiv>
                    <Unicode>MH frl. ersucht haben den Weiblen (:gleich</Unicode>
                </TextEquiv>
            </TextLine>
            <TextLine id="r5l4" custom="readingOrder {index:3;}">
                <Coords points="2431,727 2529,685 2682,734 3526,705 3527,639 3413,612 3219,660 2775,604 2433,642"/>
                <Baseline points="2439,678 2493,679 2547,680 2601,681 2655,683 2709,684 2763,686 2817,687 2871,689 2925,690 2979,691 3033,692 3087,693 3141,695 3195,696 3249,698 3303,699 3357,700 3411,701 3465,702 3519,704"/>
                <Word id="r5l4_w1" custom="readingOrder {index:0;}">
                    <Coords points="2443,638 2443,698 2542,698 2542,638"/>
                    <TextEquiv>
                        <Unicode>gegen</Unicode>
                    </TextEquiv>
                </Word>
                <Word id="r5l4_w2" custom="readingOrder {index:1;}">
                    <Coords points="2599,641 2599,701 2654,701 2654,641"/>
                    <TextEquiv>
                        <Unicode>dem</Unicode>
                    </TextEquiv>
                </Word>
                <Word id="r5l4_w3" custom="readingOrder {index:2;}">
                    <Coords points="2698,646 2698,706 2877,706 2877,646"/>
                    <TextEquiv>
                        <Unicode>Prososen</Unicode>
                    </TextEquiv>
                </Word>
                <Word id="r5l4_w4" custom="readingOrder {index:3;}">
                    <Coords points="2934,650 2934,710 3000,710 3000,650"/>
                    <TextEquiv>
                        <Unicode>auch</Unicode>
                    </TextEquiv>
                </Word>
                <Word id="r5l4_w5" custom="readingOrder {index:4;}">
                    <Coords points="3022,654 3022,714 3246,714 3246,654"/>
                    <TextEquiv>
                        <Unicode>geschehen:)</Unicode>
                    </TextEquiv>
                </Word>
                <Word id="r5l4_w6" custom="readingOrder {index:5;}">
                    <Coords points="3268,660 3268,720 3513,720 3513,660"/>
                    <TextEquiv>
                        <Unicode>anzubefehlen</Unicode>
                    </TextEquiv>
                </Word>
                <TextEquiv>
                    <Unicode>gegen dem Prososen auch geschehen:) anzubefehlen</Unicode>
                </TextEquiv>
            </TextLine>
            <TextLine id="r5l5" custom="readingOrder {index:4;}">
                <Coords points="2440,804 2722,780 2800,839 2870,784 3007,822 3098,788 3531,812 3533,740 3455,725 3093,760 3023,716 2902,749 2787,709 2682,734 2620,690 2532,728 2443,706"/>
                <Baseline points="2448,764 2501,764 2555,765 2609,765 2663,767 2717,768 2771,770 2824,771 2878,773 2932,774 2986,775 3040,777 3094,779 3148,780 3201,782 3255,783 3309,786 3363,788 3417,790 3471,791 3525,794"/>
                <Word id="r5l5_w1" custom="readingOrder {index:0;}">
                    <Coords points="2450,724 2450,784 2503,784 2503,724"/>
                    <TextEquiv>
                        <Unicode>sich</Unicode>
                    </TextEquiv>
                </Word>
                <Word id="r5l5_w2" custom="readingOrder {index:1;}">
                    <Coords points="2535,725 2535,785 2577,785 2577,725"/>
                    <TextEquiv>
                        <Unicode>an</Unicode>
                    </TextEquiv>
                </Word>
                <Word id="r5l5_w3" custom="readingOrder {index:2;}">
                    <Coords points="2630,726 2630,786 2683,786 2683,726"/>
                    <TextEquiv>
                        <Unicode>den</Unicode>
                    </TextEquiv>
                </Word>
                <Word id="r5l5_w4" custom="readingOrder {index:3;}">
                    <Coords points="2736,731 2736,791 2916,791 2916,731"/>
                    <TextEquiv>
                        <Unicode>Sontagen</Unicode>
                    </TextEquiv>
                </Word>
                <Word id="r5l5_w5" custom="readingOrder {index:4;}">
                    <Coords points="2970,737 2970,797 3118,797 3118,737"/>
                    <TextEquiv>
                        <Unicode>bährend</Unicode>
                    </TextEquiv>
                </Word>
                <Word id="r5l5_w6" custom="readingOrder {index:5;}">
                    <Coords points="3160,741 3160,801 3224,801 3224,741"/>
                    <TextEquiv>
                        <Unicode>dem</Unicode>
                    </TextEquiv>
                </Word>
                <Word id="r5l5_w7" custom="readingOrder {index:6;}">
                    <Coords points="3288,749 3288,809 3543,809 3543,749"/>
                    <TextEquiv>
                        <Unicode>Gottesdienst</Unicode>
                    </TextEquiv>
                </Word>
                <TextEquiv>
                    <Unicode>sich an den Sontagen bährend dem Gottesdienst</Unicode>
                </TextEquiv>
            </TextLine>
            <TextLine id="r5l6" custom="readingOrder {index:5;}">
                <Coords points="2437,883 2713,927 2946,862 3068,936 3177,876 3374,913 3481,858 3263,798 3003,827 2859,793 2807,839 2738,785 2631,814 2511,780 2438,824"/>
                <Baseline points="2444,866 2495,864 2547,863 2598,863 2650,863 2701,863 2753,863 2804,864 2856,864 2907,866 2959,866 3010,867 3062,869 3113,870 3165,872 3216,873 3268,875 3319,876 3371,878 3422,879 3474,881"/>
                <Word id="r5l6_w1" custom="readingOrder {index:0;}">
                    <Coords points="2439,824 2439,884 2542,884 2542,824"/>
                    <TextEquiv>
                        <Unicode>auff</Unicode>
                    </TextEquiv>
                </Word>
                <Word id="r5l6_w2" custom="readingOrder {index:1;}">
                    <Coords points="2567,823 2567,883 2617,883 2617,823"/>
                    <TextEquiv>
                        <Unicode>die</Unicode>
                    </TextEquiv>
                </Word>
                <Word id="r5l6_w3" custom="readingOrder {index:2;}">
                    <Coords points="2657,823 2657,883 2772,883 2772,823"/>
                    <TextEquiv>
                        <Unicode>Plätz</Unicode>
                    </TextEquiv>
                </Word>
                <Word id="r5l6_w4" custom="readingOrder {index:3;}">
                    <Coords points="2797,824 2797,884 2862,884 2862,824"/>
                    <TextEquiv>
                        <Unicode>und</Unicode>
                    </TextEquiv>
                </Word>
                <Word id="r5l6_w5" custom="readingOrder {index:4;}">
                    <Coords points="2887,826 2887,886 2951,886 2951,826"/>
                    <TextEquiv>
                        <Unicode>den</Unicode>
                    </TextEquiv>
                </Word>
                <Word id="r5l6_w6" custom="readingOrder {index:5;}">
                    <Coords points="2989,829 2989,889 3182,889 3182,829"/>
                    <TextEquiv>
                        <Unicode>Bilchhoff</Unicode>
                    </TextEquiv>
                </Word>
                <Word id="r5l6_w7" custom="readingOrder {index:6;}">
                    <Coords points="3208,833 3208,893 3246,893 3246,833"/>
                    <TextEquiv>
                        <Unicode>zu</Unicode>
                    </TextEquiv>
                </Word>
                <Word id="r5l6_w8" custom="readingOrder {index:7;}">
                    <Coords points="3271,837 3271,897 3451,897 3451,837"/>
                    <TextEquiv>
                        <Unicode>verfügen</Unicode>
                    </TextEquiv>
                </Word>
                <TextEquiv>
                    <Unicode>auff die Plätz und den Bilchhoff zu verfügen</Unicode>
                </TextEquiv>
            </TextLine>
            <TextLine id="r5l7" custom="readingOrder {index:6;}">
                <Coords points="2435,960 2593,990 2710,949 2861,979 3103,951 3302,1010 3365,962 3532,988 3533,922 3180,881 3030,930 2848,872 2707,925 2573,886 2516,927 2435,892"/>
                <Baseline points="2441,951 2495,951 2549,951 2603,950 2657,950 2712,950 2766,949 2820,948 2874,948 2928,948 2983,948 3037,950 3091,950 3145,951 3199,952 3254,954 3308,956 3362,958 3416,961 3470,963 3525,968"/>
                <Word id="r5l7_w1" custom="readingOrder {index:0;}">
                    <Coords points="2445,911 2445,971 2486,971 2486,911"/>
                    <TextEquiv>
                        <Unicode>die</Unicode>
                    </TextEquiv>
                </Word>
                <Word id="r5l7_w2" custom="readingOrder {index:1;}">
                    <Coords points="2517,910 2517,970 2601,970 2601,910"/>
                    <TextEquiv>
                        <Unicode>allta</Unicode>
                    </TextEquiv>
                </Word>
                <Word id="r5l7_w3" custom="readingOrder {index:2;}">
                    <Coords points="2633,910 2633,970 2779,970 2779,910"/>
                    <TextEquiv>
                        <Unicode>herumb</Unicode>
                    </TextEquiv>
                </Word>
                <Word id="r5l7_w4" custom="readingOrder {index:3;}">
                    <Coords points="2800,908 2800,968 2957,968 2957,908"/>
                    <TextEquiv>
                        <Unicode>stotzende</Unicode>
                    </TextEquiv>
                </Word>
                <Word id="r5l7_w5" custom="readingOrder {index:4;}">
                    <Coords points="2988,910 2988,970 3103,970 3103,910"/>
                    <TextEquiv>
                        <Unicode>mader</Unicode>
                    </TextEquiv>
                </Word>
                <Word id="r5l7_w6" custom="readingOrder {index:5;}">
                    <Coords points="3156,911 3156,971 3218,971 3218,911"/>
                    <TextEquiv>
                        <Unicode>und</Unicode>
                    </TextEquiv>
                </Word>
                <Word id="r5l7_w7" custom="readingOrder {index:6;}">
                    <Coords points="3250,917 3250,977 3437,977 3437,917"/>
                    <TextEquiv>
                        <Unicode>Schnitter</Unicode>
                    </TextEquiv>
                </Word>
                <Word id="r5l7_w8" custom="readingOrder {index:7;}">
                    <Coords points="3469,926 3469,986 3543,986 3543,926"/>
                    <TextEquiv>
                        <Unicode>mit¬</Unicode>
                    </TextEquiv>
                </Word>
                <TextEquiv>
                    <Unicode>die allta herumb stotzende mader und Schnitter mit¬</Unicode>
                </TextEquiv>
            </TextLine>
            <TextLine id="r5l8" custom="readingOrder {index:7;}">
                <Coords points="2444,1094 2523,1067 2798,1117 2949,1042 3522,1063 3522,1002 3299,1011 3177,968 3038,975 2978,1023 2822,962 2733,1006 2444,987"/>
                <Baseline points="2451,1049 2504,1049 2557,1049 2610,1049 2663,1049 2717,1047 2770,1047 2823,1047 2876,1046 2929,1046 2983,1044 3036,1044 3089,1044 3142,1044 3195,1046 3249,1046 3302,1047 3355,1049 3408,1050 3461,1053 3515,1056"/>
                <Word id="r5l8_w1" custom="readingOrder {index:0;}">
                    <Coords points="2446,1009 2446,1069 2556,1069 2556,1009"/>
                    <TextEquiv>
                        <Unicode>beders</Unicode>
                    </TextEquiv>
                </Word>
                <Word id="r5l8_w2" custom="readingOrder {index:1;}">
                    <Coords points="2593,1009 2593,1069 2631,1069 2631,1009"/>
                    <TextEquiv>
                        <Unicode>in</Unicode>
                    </TextEquiv>
                </Word>
                <Word id="r5l8_w3" custom="readingOrder {index:2;}">
                    <Coords points="2655,1008 2655,1068 2717,1068 2717,1008"/>
                    <TextEquiv>
                        <Unicode>die</Unicode>
                    </TextEquiv>
                </Word>
                <Word id="r5l8_w4" custom="readingOrder {index:3;}">
                    <Coords points="2741,1006 2741,1066 2914,1066 2914,1006"/>
                    <TextEquiv>
                        <Unicode>Predigen</Unicode>
                    </TextEquiv>
                </Word>
                <Word id="r5l8_w5" custom="readingOrder {index:4;}">
                    <Coords points="2963,1004 2963,1064 3037,1064 3037,1004"/>
                    <TextEquiv>
                        <Unicode>und</Unicode>
                    </TextEquiv>
                </Word>
                <Word id="r5l8_w6" custom="readingOrder {index:5;}">
                    <Coords points="3075,1006 3075,1066 3333,1066 3333,1006"/>
                    <TextEquiv>
                        <Unicode>Kinderlehren</Unicode>
                    </TextEquiv>
                </Word>
                <Word id="r5l8_w7" custom="readingOrder {index:6;}">
                    <Coords points="3371,1010 3371,1070 3445,1070 3445,1010"/>
                    <TextEquiv>
                        <Unicode>oder</Unicode>
                    </TextEquiv>
                </Word>
                <Word id="r5l8_w8" custom="readingOrder {index:7;}">
                    <Coords points="3457,1014 3457,1074 3532,1074 3532,1014"/>
                    <TextEquiv>
                        <Unicode>aber</Unicode>
                    </TextEquiv>
                </Word>
                <TextEquiv>
                    <Unicode>beders in die Predigen und Kinderlehren oder aber</Unicode>
                </TextEquiv>
            </TextLine>
            <TextLine id="r5l9" custom="readingOrder {index:8;}">
                <Coords points="2437,1151 2587,1191 2754,1143 2883,1180 2963,1138 3081,1180 3195,1144 3519,1164 3519,1087 3164,1056 3052,1116 2909,1065 2754,1121 2680,1086 2437,1095"/>
                <Baseline points="2444,1139 2497,1140 2550,1142 2604,1142 2657,1142 2711,1142 2764,1142 2817,1142 2871,1140 2924,1140 2978,1140 3031,1139 3084,1139 3138,1139 3191,1139 3245,1139 3298,1140 3351,1142 3405,1143 3458,1145 3512,1148"/>
                <Word id="r5l9_w1" custom="readingOrder {index:0;}">
                    <Coords points="2437,1099 2437,1159 2468,1159 2468,1099"/>
                    <TextEquiv>
                        <Unicode>ab</Unicode>
                    </TextEquiv>
                </Word>
                <Word id="r5l9_w2" custom="readingOrder {index:1;}">
                    <Coords points="2510,1101 2510,1161 2562,1161 2562,1101"/>
                    <TextEquiv>
                        <Unicode>der</Unicode>
                    </TextEquiv>
                </Word>
                <Word id="r5l9_w3" custom="readingOrder {index:2;}">
                    <Coords points="2605,1102 2605,1162 2730,1162 2730,1102"/>
                    <TextEquiv>
                        <Unicode>gaßen</Unicode>
                    </TextEquiv>
                </Word>
                <Word id="r5l9_w4" custom="readingOrder {index:3;}">
                    <Coords points="2783,1101 2783,1161 2856,1161 2856,1101"/>
                    <TextEquiv>
                        <Unicode>und</Unicode>
                    </TextEquiv>
                </Word>
                <Word id="r5l9_w5" custom="readingOrder {index:4;}">
                    <Coords points="2899,1100 2899,1160 2950,1160 2950,1100"/>
                    <TextEquiv>
                        <Unicode>zu</Unicode>
                    </TextEquiv>
                </Word>
                <Word id="r5l9_w6" custom="readingOrder {index:5;}">
                    <Coords points="3003,1099 3003,1159 3108,1159 3108,1099"/>
                    <TextEquiv>
                        <Unicode>einem</Unicode>
                    </TextEquiv>
                </Word>
                <Word id="r5l9_w7" custom="readingOrder {index:6;}">
                    <Coords points="3171,1099 3171,1159 3298,1159 3298,1099"/>
                    <TextEquiv>
                        <Unicode>stillen</Unicode>
                    </TextEquiv>
                </Word>
                <Word id="r5l9_w8" custom="readingOrder {index:7;}">
                    <Coords points="3339,1103 3339,1163 3507,1163 3507,1103"/>
                    <TextEquiv>
                        <Unicode>lebbäsen</Unicode>
                    </TextEquiv>
                </Word>
                <TextEquiv>
                    <Unicode>ab der gaßen und zu einem stillen lebbäsen</Unicode>
                </TextEquiv>
            </TextLine>
            <TextLine id="r5l10" custom="readingOrder {index:9;}">
                <Coords points="2418,1267 2486,1302 2750,1236 2900,1273 3119,1236 3326,1286 3471,1251 3381,1184 3335,1212 3200,1150 3092,1184 2981,1144 2894,1190 2779,1145 2664,1211 2505,1179 2418,1213"/>
                <Baseline points="2426,1236 2477,1236 2529,1236 2581,1236 2633,1235 2685,1235 2737,1235 2789,1233 2841,1233 2893,1233 2945,1233 2996,1232 3048,1232 3100,1232 3152,1233 3204,1233 3256,1235 3308,1236 3360,1238 3412,1239 3464,1242"/>
                <Word id="r5l10_w1" custom="readingOrder {index:0;}">
                    <Coords points="2431,1196 2431,1256 2702,1256 2702,1196"/>
                    <TextEquiv>
                        <Unicode>anzuweisen,</Unicode>
                    </TextEquiv>
                </Word>
                <Word id="r5l10_w2" custom="readingOrder {index:1;}">
                    <Coords points="2725,1194 2725,1254 2795,1254 2795,1194"/>
                    <TextEquiv>
                        <Unicode>und</Unicode>
                    </TextEquiv>
                </Word>
                <Word id="r5l10_w3" custom="readingOrder {index:2;}">
                    <Coords points="2832,1193 2832,1253 2878,1253 2878,1193"/>
                    <TextEquiv>
                        <Unicode>die</Unicode>
                    </TextEquiv>
                </Word>
                <Word id="r5l10_w4" custom="readingOrder {index:3;}">
                    <Coords points="2902,1192 2902,1252 3103,1252 3103,1192"/>
                    <TextEquiv>
                        <Unicode>fählbaren</Unicode>
                    </TextEquiv>
                </Word>
                <Word id="r5l10_w5" custom="readingOrder {index:4;}">
                    <Coords points="3150,1193 3150,1253 3208,1253 3208,1193"/>
                    <TextEquiv>
                        <Unicode>und</Unicode>
                    </TextEquiv>
                </Word>
                <Word id="r5l10_w6" custom="readingOrder {index:5;}">
                    <Coords points="3244,1197 3244,1257 3444,1257 3444,1197"/>
                    <TextEquiv>
                        <Unicode>störrigen</Unicode>
                    </TextEquiv>
                </Word>
                <TextEquiv>
                    <Unicode>anzuweisen, und die fählbaren und störrigen</Unicode>
                </TextEquiv>
            </TextLine>
            <TextLine id="r5l11" custom="readingOrder {index:10;}">
                <Coords points="2424,1340 2687,1398 2876,1341 3281,1336 3474,1380 3474,1281 3423,1260 3301,1299 3119,1249 2584,1266 2487,1315 2424,1284"/>
                <Baseline points="2430,1332 2481,1335 2533,1336 2585,1337 2637,1338 2689,1338 2741,1338 2792,1338 2844,1338 2896,1337 2948,1337 3000,1336 3052,1335 3104,1335 3155,1335 3207,1335 3259,1335 3311,1337 3363,1338 3415,1340 3467,1343"/>
                <Word id="r5l11_w1" custom="readingOrder {index:0;}">
                    <Coords points="2426,1293 2426,1353 2486,1353 2486,1293"/>
                    <TextEquiv>
                        <Unicode>bein</Unicode>
                    </TextEquiv>
                </Word>
                <Word id="r5l11_w2" custom="readingOrder {index:1;}">
                    <Coords points="2510,1296 2510,1356 2559,1356 2559,1296"/>
                    <TextEquiv>
                        <Unicode>ein</Unicode>
                    </TextEquiv>
                </Word>
                <Word id="r5l11_w3" custom="readingOrder {index:2;}">
                    <Coords points="2571,1297 2571,1357 2669,1357 2669,1297"/>
                    <TextEquiv>
                        <Unicode>gnädigen</Unicode>
                    </TextEquiv>
                </Word>
                <Word id="r5l11_w4" custom="readingOrder {index:3;}">
                    <Coords points="2681,1298 2681,1358 2790,1358 2790,1298"/>
                    <TextEquiv>
                        <Unicode>Herrn</Unicode>
                    </TextEquiv>
                </Word>
                <Word id="r5l11_w5" custom="readingOrder {index:4;}">
                    <Coords points="2802,1297 2802,1357 3093,1357 3093,1297"/>
                    <TextEquiv>
                        <Unicode>zuverleiden,</Unicode>
                    </TextEquiv>
                </Word>
                <Word id="r5l11_w6" custom="readingOrder {index:5;}">
                    <Coords points="3117,1295 3117,1355 3191,1355 3191,1295"/>
                    <TextEquiv>
                        <Unicode>und</Unicode>
                    </TextEquiv>
                </Word>
                <Word id="r5l11_w7" custom="readingOrder {index:6;}">
                    <Coords points="3215,1295 3215,1355 3288,1355 3288,1295"/>
                    <TextEquiv>
                        <Unicode>den</Unicode>
                    </TextEquiv>
                </Word>
                <Word id="r5l11_w8" custom="readingOrder {index:7;}">
                    <Coords points="3324,1299 3324,1359 3458,1359 3458,1299"/>
                    <TextEquiv>
                        <Unicode>befelch</Unicode>
                    </TextEquiv>
                </Word>
                <TextEquiv>
                    <Unicode>bein ein gnädigen Herrn zuverleiden, und den befelch</Unicode>
                </TextEquiv>
            </TextLine>
            <TextLine id="r5l12" custom="readingOrder {index:11;}">
                <Coords points="2424,1493 2581,1436 2981,1429 3103,1477 3173,1437 3367,1484 3528,1440 3528,1394 3462,1377 3360,1405 2901,1353 2679,1405 2546,1340 2424,1346"/>
                <Baseline points="2430,1439 2484,1438 2539,1437 2593,1436 2648,1434 2702,1434 2757,1433 2811,1433 2866,1433 2920,1433 2975,1433 3030,1433 3084,1433 3139,1433 3193,1434 3248,1434 3302,1436 3357,1436 3411,1437 3466,1438 3521,1439"/>
                <Word id="r5l12_w1" custom="readingOrder {index:0;}">
                    <Coords points="2426,1397 2426,1457 2611,1457 2611,1397"/>
                    <TextEquiv>
                        <Unicode>MeHrer</Unicode>
                    </TextEquiv>
                </Word>
                <Word id="r5l12_w2" custom="readingOrder {index:1;}">
                    <Coords points="2637,1394 2637,1454 2704,1454 2704,1394"/>
                    <TextEquiv>
                        <Unicode>er</Unicode>
                    </TextEquiv>
                </Word>
                <Word id="r5l12_w3" custom="readingOrder {index:2;}">
                    <Coords points="2730,1393 2730,1453 2863,1453 2863,1393"/>
                    <TextEquiv>
                        <Unicode>Rräthen</Unicode>
                    </TextEquiv>
                </Word>
                <Word id="r5l12_w4" custom="readingOrder {index:3;}">
                    <Coords points="2902,1393 2902,1453 2955,1453 2955,1393"/>
                    <TextEquiv>
                        <Unicode>vom</Unicode>
                    </TextEquiv>
                </Word>
                <Word id="r5l12_w5" custom="readingOrder {index:4;}">
                    <Coords points="3007,1393 3007,1453 3074,1453 3074,1393"/>
                    <TextEquiv>
                        <Unicode>11.</Unicode>
                    </TextEquiv>
                </Word>
                <Word id="r5l12_w6" custom="readingOrder {index:5;}">
                    <Coords points="3087,1393 3087,1453 3179,1453 3179,1393"/>
                    <TextEquiv>
                        <Unicode>Aug.</Unicode>
                    </TextEquiv>
                </Word>
                <Word id="r5l12_w7" custom="readingOrder {index:6;}">
                    <Coords points="3207,1394 3207,1454 3312,1454 3312,1394"/>
                    <TextEquiv>
                        <Unicode>1727.</Unicode>
                    </TextEquiv>
                </Word>
                <Word id="r5l12_w8" custom="readingOrder {index:7;}">
                    <Coords points="3325,1396 3325,1456 3366,1456 3366,1396"/>
                    <TextEquiv>
                        <Unicode>in</Unicode>
                    </TextEquiv>
                </Word>
                <Word id="r5l12_w9" custom="readingOrder {index:8;}">
                    <Coords points="3392,1397 3392,1457 3510,1457 3510,1397"/>
                    <TextEquiv>
                        <Unicode>solchen</Unicode>
                    </TextEquiv>
                </Word>
                <TextEquiv>
                    <Unicode>MeHrer er Rräthen vom 11. Aug. 1727. in solchen</Unicode>
                </TextEquiv>
            </TextLine>
            <TextLine id="r5l13" custom="readingOrder {index:12;}">
                <Coords points="2419,1553 2578,1589 2932,1525 3259,1595 3406,1561 3407,1486 3120,1481 3059,1443 2987,1500 2835,1504 2703,1492 2653,1447 2578,1501 2531,1477 2420,1512"/>
                <Baseline points="2427,1536 2475,1533 2524,1532 2572,1530 2621,1529 2670,1527 2718,1527 2767,1527 2815,1527 2864,1527 2913,1527 2961,1527 3010,1529 3058,1530 3107,1532 3156,1532 3204,1534 3253,1535 3301,1538 3350,1539 3399,1541"/>
                <Word id="r5l13_w1" custom="readingOrder {index:0;}">
                    <Coords points="2423,1492 2423,1552 2564,1552 2564,1492"/>
                    <TextEquiv>
                        <Unicode>fohlen</Unicode>
                    </TextEquiv>
                </Word>
                <Word id="r5l13_w2" custom="readingOrder {index:1;}">
                    <Coords points="2620,1488 2620,1548 2648,1548 2648,1488"/>
                    <TextEquiv>
                        <Unicode>zu</Unicode>
                    </TextEquiv>
                </Word>
                <Word id="r5l13_w3" custom="readingOrder {index:2;}">
                    <Coords points="2706,1487 2706,1547 2962,1547 2962,1487"/>
                    <TextEquiv>
                        <Unicode>erequisin.</Unicode>
                    </TextEquiv>
                </Word>
                <Word id="r5l13_w4" custom="readingOrder {index:3;}">
                    <Coords points="2976,1489 2976,1549 3103,1549 3103,1489"/>
                    <TextEquiv>
                        <Unicode>Acte.</Unicode>
                    </TextEquiv>
                </Word>
                <Word id="r5l13_w5" custom="readingOrder {index:4;}">
                    <Coords points="3131,1492 3131,1552 3175,1552 3175,1492"/>
                    <TextEquiv>
                        <Unicode>8.</Unicode>
                    </TextEquiv>
                </Word>
                <Word id="r5l13_w6" custom="readingOrder {index:5;}">
                    <Coords points="3189,1494 3189,1554 3273,1554 3273,1494"/>
                    <TextEquiv>
                        <Unicode>Jun.</Unicode>
                    </TextEquiv>
                </Word>
                <Word id="r5l13_w7" custom="readingOrder {index:6;}">
                    <Coords points="3287,1499 3287,1559 3417,1559 3417,1499"/>
                    <TextEquiv>
                        <Unicode>1733.</Unicode>
                    </TextEquiv>
                </Word>
                <TextEquiv>
                    <Unicode>fohlen zu erequisin. Acte. 8. Jun. 1733.</Unicode>
                </TextEquiv>
            </TextLine>
            <TextLine id="r5l14" custom="readingOrder {index:13;}">
                <Coords points="3055,1646 3135,1644 3157,1664 3211,1647 3366,1662 3398,1646 3450,1667 3493,1644 3495,1577 3398,1576 3344,1599 3300,1581 3271,1603 3197,1567 3056,1589"/>
                <Baseline points="3062,1632 3088,1631 3115,1630 3141,1629 3168,1629 3194,1631 3221,1631 3247,1632 3274,1633 3300,1635 3327,1635 3353,1636 3380,1637 3406,1638 3433,1638 3459,1638 3486,1637"/>
                <Word id="r5l14_w1" custom="readingOrder {index:0;}">
                    <Coords points="3071,1590 3071,1650 3125,1650 3125,1590"/>
                    <TextEquiv>
                        <Unicode>von</Unicode>
                    </TextEquiv>
                </Word>
                <Word id="r5l14_w2" custom="readingOrder {index:1;}">
                    <Coords points="3144,1591 3144,1651 3252,1651 3252,1591"/>
                    <TextEquiv>
                        <Unicode>orsens</Unicode>
                    </TextEquiv>
                </Word>
                <Word id="r5l14_w3" custom="readingOrder {index:2;}">
                    <Coords points="3269,1595 3269,1655 3360,1655 3360,1595"/>
                    <TextEquiv>
                        <Unicode>Ambts</Unicode>
                    </TextEquiv>
                </Word>
                <Word id="r5l14_w4" custom="readingOrder {index:3;}">
                    <Coords points="3378,1598 3378,1658 3495,1658 3495,1598"/>
                    <TextEquiv>
                        <Unicode>Pfferten</Unicode>
                    </TextEquiv>
                </Word>
                <TextEquiv>
                    <Unicode>von orsens Ambts Pfferten</Unicode>
                </TextEquiv>
            </TextLine>
            <TextLine id="r5l15" custom="readingOrder {index:14;}">
                <Coords points="2413,1710 2551,1692 2616,1731 2677,1691 2851,1719 2913,1686 3411,1737 3496,1707 3496,1646 3156,1665 2657,1611 2497,1643 2414,1604"/>
                <Baseline points="2420,1685 2473,1685 2526,1683 2580,1683 2633,1683 2687,1683 2740,1685 2793,1685 2847,1686 2900,1686 2954,1688 3007,1688 3060,1689 3114,1691 3167,1691 3221,1692 3274,1692 3327,1692 3381,1692 3434,1692 3488,1692"/>
                <Word id="r5l15_w1" custom="readingOrder {index:0;}">
                    <Coords points="2421,1644 2421,1704 2572,1704 2572,1644"/>
                    <TextEquiv>
                        <Unicode>Murten</Unicode>
                    </TextEquiv>
                </Word>
                <Word id="r5l15_w2" custom="readingOrder {index:1;}">
                    <Coords points="2618,1643 2618,1703 2676,1703 2676,1643"/>
                    <TextEquiv>
                        <Unicode>H.</Unicode>
                    </TextEquiv>
                </Word>
                <Word id="r5l15_w3" custom="readingOrder {index:2;}">
                    <Coords points="2694,1645 2694,1705 2958,1705 2958,1645"/>
                    <TextEquiv>
                        <Unicode>Statthalter.</Unicode>
                    </TextEquiv>
                </Word>
                <Word id="r5l15_w4" custom="readingOrder {index:3;}">
                    <Coords points="2986,1648 2986,1708 3109,1708 3109,1648"/>
                    <TextEquiv>
                        <Unicode>Anner</Unicode>
                    </TextEquiv>
                </Word>
                <Word id="r5l15_w5" custom="readingOrder {index:4;}">
                    <Coords points="3127,1651 3127,1711 3241,1711 3241,1651"/>
                    <TextEquiv>
                        <Unicode>Loupse</Unicode>
                    </TextEquiv>
                </Word>
                <Word id="r5l15_w6" custom="readingOrder {index:5;}">
                    <Coords points="3279,1652 3279,1712 3392,1712 3392,1652"/>
                    <TextEquiv>
                        <Unicode>perrey</Unicode>
                    </TextEquiv>
                </Word>
                <Word id="r5l15_w7" custom="readingOrder {index:6;}">
                    <Coords points="3430,1652 3430,1712 3495,1712 3495,1652"/>
                    <TextEquiv>
                        <Unicode>hatt</Unicode>
                    </TextEquiv>
                </Word>
                <TextEquiv>
                    <Unicode>Murten H. Statthalter. Anner Loupse perrey hatt</Unicode>
                </TextEquiv>
            </TextLine>
            <TextLine id="r5l16" custom="readingOrder {index:15;}">
                <Coords points="2431,1832 2693,1770 2796,1807 2871,1765 3325,1819 3498,1789 3499,1718 3218,1747 2913,1687 2763,1737 2548,1695 2432,1735"/>
                <Baseline points="2438,1775 2490,1773 2543,1772 2595,1771 2648,1770 2701,1769 2753,1769 2806,1769 2859,1768 2911,1767 2964,1767 3017,1768 3069,1769 3122,1769 3175,1770 3227,1771 3280,1772 3333,1775 3385,1776 3438,1778 3491,1781"/>
                <Word id="r5l16_w1" custom="readingOrder {index:0;}">
                    <Coords points="2433,1734 2433,1794 2469,1794 2469,1734"/>
                    <TextEquiv>
                        <Unicode>ber</Unicode>
                    </TextEquiv>
                </Word>
                <Word id="r5l16_w2" custom="readingOrder {index:1;}">
                    <Coords points="2506,1732 2506,1792 2554,1792 2554,1732"/>
                    <TextEquiv>
                        <Unicode>Ihr</Unicode>
                    </TextEquiv>
                </Word>
                <Word id="r5l16_w3" custom="readingOrder {index:2;}">
                    <Coords points="2578,1730 2578,1790 2677,1790 2677,1730"/>
                    <TextEquiv>
                        <Unicode>Gnl.</Unicode>
                    </TextEquiv>
                </Word>
                <Word id="r5l16_w4" custom="readingOrder {index:3;}">
                    <Coords points="2701,1729 2701,1789 2763,1789 2763,1729"/>
                    <TextEquiv>
                        <Unicode>der</Unicode>
                    </TextEquiv>
                </Word>
                <Word id="r5l16_w5" custom="readingOrder {index:4;}">
                    <Coords points="2775,1729 2775,1789 2835,1789 2835,1729"/>
                    <TextEquiv>
                        <Unicode>Ehe</Unicode>
                    </TextEquiv>
                </Word>
                <Word id="r5l16_w6" custom="readingOrder {index:5;}">
                    <Coords points="2872,1727 2872,1787 2934,1787 2934,1727"/>
                    <TextEquiv>
                        <Unicode>und</Unicode>
                    </TextEquiv>
                </Word>
                <Word id="r5l16_w7" custom="readingOrder {index:6;}">
                    <Coords points="2982,1729 2982,1789 3288,1789 3288,1729"/>
                    <TextEquiv>
                        <Unicode>Schwängerung,</Unicode>
                    </TextEquiv>
                </Word>
                <Word id="r5l16_w8" custom="readingOrder {index:7;}">
                    <Coords points="3300,1736 3300,1796 3495,1796 3495,1736"/>
                    <TextEquiv>
                        <Unicode>nachbets</Unicode>
                    </TextEquiv>
                </Word>
                <TextEquiv>
                    <Unicode>ber Ihr Gnl. der Ehe und Schwängerung, nachbets</Unicode>
                </TextEquiv>
            </TextLine>
            <TextLine id="r5l17" custom="readingOrder {index:16;}">
                <Coords points="2416,1856 2609,1850 2714,1906 2815,1907 2920,1844 3101,1892 3261,1848 3508,1877 3508,1825 3086,1818 3044,1780 2416,1819"/>
                <Baseline points="2423,1856 2476,1856 2530,1854 2584,1853 2638,1851 2692,1851 2746,1850 2800,1848 2854,1848 2908,1847 2962,1847 3015,1847 3069,1847 3123,1848 3177,1848 3231,1850 3285,1852 3339,1855 3393,1857 3447,1862 3501,1865"/>
                <Word id="r5l17_w1" custom="readingOrder {index:0;}">
                    <Coords points="2417,1816 2417,1876 2484,1876 2484,1816"/>
                    <TextEquiv>
                        <Unicode>auch</Unicode>
                    </TextEquiv>
                </Word>
                <Word id="r5l17_w2" custom="readingOrder {index:1;}">
                    <Coords points="2519,1813 2519,1873 2575,1873 2575,1813"/>
                    <TextEquiv>
                        <Unicode>deß</Unicode>
                    </TextEquiv>
                </Word>
                <Word id="r5l17_w3" custom="readingOrder {index:2;}">
                    <Coords points="2632,1811 2632,1871 2677,1871 2677,1811"/>
                    <TextEquiv>
                        <Unicode>ton</Unicode>
                    </TextEquiv>
                </Word>
                <Word id="r5l17_w4" custom="readingOrder {index:3;}">
                    <Coords points="2723,1809 2723,1869 2791,1869 2791,1809"/>
                    <TextEquiv>
                        <Unicode>Ihra</Unicode>
                    </TextEquiv>
                </Word>
                <Word id="r5l17_w5" custom="readingOrder {index:4;}">
                    <Coords points="2836,1807 2836,1867 2904,1867 2904,1807"/>
                    <TextEquiv>
                        <Unicode>zur</Unicode>
                    </TextEquiv>
                </Word>
                <Word id="r5l17_w6" custom="readingOrder {index:5;}">
                    <Coords points="2949,1807 2949,1867 3029,1867 3029,1807"/>
                    <TextEquiv>
                        <Unicode>belt</Unicode>
                    </TextEquiv>
                </Word>
                <Word id="r5l17_w7" custom="readingOrder {index:6;}">
                    <Coords points="3063,1808 3063,1868 3245,1868 3245,1808"/>
                    <TextEquiv>
                        <Unicode>gebohrnen</Unicode>
                    </TextEquiv>
                </Word>
                <Word id="r5l17_w8" custom="readingOrder {index:7;}">
                    <Coords points="3290,1815 3290,1875 3438,1875 3438,1815"/>
                    <TextEquiv>
                        <Unicode>Kandts</Unicode>
                    </TextEquiv>
                </Word>
                <Word id="r5l17_w9" custom="readingOrder {index:8;}">
                    <Coords points="3460,1824 3460,1884 3518,1884 3518,1824"/>
                    <TextEquiv>
                        <Unicode>ge¬</Unicode>
                    </TextEquiv>
                </Word>
                <TextEquiv>
                    <Unicode>auch deß ton Ihra zur belt gebohrnen Kandts ge¬</Unicode>
                </TextEquiv>
            </TextLine>
            <TextLine id="r5l18" custom="readingOrder {index:17;}">
                <Coords points="2413,1951 2547,1948 2628,1998 2934,1931 3068,1967 3508,1960 3508,1887 3402,1869 2714,1906 2609,1850 2413,1854"/>
                <Baseline points="2420,1940 2474,1938 2528,1937 2582,1935 2636,1934 2690,1933 2744,1932 2798,1932 2852,1931 2906,1931 2960,1931 3014,1931 3068,1931 3122,1932 3176,1932 3230,1933 3284,1934 3338,1935 3392,1936 3446,1938 3501,1940"/>
                <Word id="r5l18_w1" custom="readingOrder {index:0;}">
                    <Coords points="2414,1897 2414,1957 2554,1957 2554,1897"/>
                    <TextEquiv>
                        <Unicode>klaget,</Unicode>
                    </TextEquiv>
                </Word>
                <Word id="r5l18_w2" custom="readingOrder {index:1;}">
                    <Coords points="2567,1894 2567,1954 2636,1954 2636,1894"/>
                    <TextEquiv>
                        <Unicode>und</Unicode>
                    </TextEquiv>
                </Word>
                <Word id="r5l18_w3" custom="readingOrder {index:2;}">
                    <Coords points="2660,1892 2660,1952 2884,1952 2884,1892"/>
                    <TextEquiv>
                        <Unicode>zugeegnet</Unicode>
                    </TextEquiv>
                </Word>
                <Word id="r5l18_w4" custom="readingOrder {index:3;}">
                    <Coords points="2918,1891 2918,1951 3012,1951 3012,1891"/>
                    <TextEquiv>
                        <Unicode>einem</Unicode>
                    </TextEquiv>
                </Word>
                <Word id="r5l18_w5" custom="readingOrder {index:4;}">
                    <Coords points="3071,1892 3071,1952 3224,1952 3224,1892"/>
                    <TextEquiv>
                        <Unicode>gebißen</Unicode>
                    </TextEquiv>
                </Word>
                <Word id="r5l18_w6" custom="readingOrder {index:5;}">
                    <Coords points="3270,1894 3270,1954 3365,1954 3365,1894"/>
                    <TextEquiv>
                        <Unicode>Jacob</Unicode>
                    </TextEquiv>
                </Word>
                <Word id="r5l18_w7" custom="readingOrder {index:6;}">
                    <Coords points="3388,1898 3388,1958 3505,1958 3505,1898"/>
                    <TextEquiv>
                        <Unicode>Schmid</Unicode>
                    </TextEquiv>
                </Word>
                <TextEquiv>
                    <Unicode>klaget, und zugeegnet einem gebißen Jacob Schmid</Unicode>
                </TextEquiv>
            </TextLine>
            <TextLine id="r5l19" custom="readingOrder {index:18;}">
                <Coords points="2398,2058 2641,2035 2714,2077 3208,2022 3534,2055 3533,1972 3443,1946 3180,1993 2815,1949 2691,2003 2542,1948 2398,2010"/>
                <Baseline points="2405,2033 2461,2033 2517,2033 2573,2033 2629,2031 2685,2030 2741,2030 2797,2028 2853,2027 2909,2025 2966,2024 3022,2022 3078,2022 3134,2021 3190,2021 3246,2021 3302,2021 3358,2022 3414,2024 3470,2025 3527,2028"/>
                <Word id="r5l19_w1" custom="readingOrder {index:0;}">
                    <Coords points="2408,1993 2408,2053 2469,2053 2469,1993"/>
                    <TextEquiv>
                        <Unicode>von</Unicode>
                    </TextEquiv>
                </Word>
                <Word id="r5l19_w2" custom="readingOrder {index:1;}">
                    <Coords points="2511,1992 2511,2052 2686,2052 2686,1992"/>
                    <TextEquiv>
                        <Unicode>Murten,</Unicode>
                    </TextEquiv>
                </Word>
                <Word id="r5l19_w3" custom="readingOrder {index:2;}">
                    <Coords points="2706,1990 2706,2050 2749,2050 2749,1990"/>
                    <TextEquiv>
                        <Unicode>so</Unicode>
                    </TextEquiv>
                </Word>
                <Word id="r5l19_w4" custom="readingOrder {index:3;}">
                    <Coords points="2769,1987 2769,2047 2840,2047 2840,1987"/>
                    <TextEquiv>
                        <Unicode>sich</Unicode>
                    </TextEquiv>
                </Word>
                <Word id="r5l19_w5" custom="readingOrder {index:4;}">
                    <Coords points="2893,1982 2893,2042 3151,2042 3151,1982"/>
                    <TextEquiv>
                        <Unicode>wiedermahl</Unicode>
                    </TextEquiv>
                </Word>
                <Word id="r5l19_w6" custom="readingOrder {index:5;}">
                    <Coords points="3203,1981 3203,2041 3337,2041 3337,1981"/>
                    <TextEquiv>
                        <Unicode>alldort</Unicode>
                    </TextEquiv>
                </Word>
                <Word id="r5l19_w7" custom="readingOrder {index:6;}">
                    <Coords points="3357,1984 3357,2044 3544,2044 3544,1984"/>
                    <TextEquiv>
                        <Unicode>auffhalten</Unicode>
                    </TextEquiv>
                </Word>
                <TextEquiv>
                    <Unicode>von Murten, so sich wiedermahl alldort auffhalten</Unicode>
                </TextEquiv>
            </TextLine>
            <TextLine id="r5l20" custom="readingOrder {index:19;}">
                <Coords points="2410,2130 2774,2169 3072,2116 3173,2153 3234,2118 3525,2131 3502,2054 3305,2079 3221,2037 3132,2094 2766,2040 2723,2076 2409,2075"/>
                <Baseline points="2417,2124 2472,2126 2527,2127 2582,2127 2637,2127 2692,2126 2747,2126 2802,2124 2857,2123 2912,2120 2967,2118 3022,2117 3077,2115 3132,2114 3187,2112 3242,2111 3297,2111 3352,2111 3407,2111 3462,2112 3518,2114"/>
                <Word id="r5l20_w1" custom="readingOrder {index:0;}">
                    <Coords points="2410,2086 2410,2146 2534,2146 2534,2086"/>
                    <TextEquiv>
                        <Unicode>soll,</Unicode>
                    </TextEquiv>
                </Word>
                <Word id="r5l20_w2" custom="readingOrder {index:1;}">
                    <Coords points="2556,2087 2556,2147 2704,2147 2704,2087"/>
                    <TextEquiv>
                        <Unicode>borüber</Unicode>
                    </TextEquiv>
                </Word>
                <Word id="r5l20_w3" custom="readingOrder {index:2;}">
                    <Coords points="2750,2084 2750,2144 2819,2144 2819,2084"/>
                    <TextEquiv>
                        <Unicode>Ihr.</Unicode>
                    </TextEquiv>
                </Word>
                <Word id="r5l20_w4" custom="readingOrder {index:3;}">
                    <Coords points="2830,2081 2830,2141 2932,2141 2932,2081"/>
                    <TextEquiv>
                        <Unicode>Gel.</Unicode>
                    </TextEquiv>
                </Word>
                <Word id="r5l20_w5" custom="readingOrder {index:4;}">
                    <Coords points="2954,2077 2954,2137 3057,2137 3057,2077"/>
                    <TextEquiv>
                        <Unicode>Ihme</Unicode>
                    </TextEquiv>
                </Word>
                <Word id="r5l20_w6" custom="readingOrder {index:5;}">
                    <Coords points="3091,2071 3091,2131 3296,2131 3296,2071"/>
                    <TextEquiv>
                        <Unicode>anbefohlen</Unicode>
                    </TextEquiv>
                </Word>
                <Word id="r5l20_w7" custom="readingOrder {index:6;}">
                    <Coords points="3329,2071 3329,2131 3420,2131 3420,2071"/>
                    <TextEquiv>
                        <Unicode>haben</Unicode>
                    </TextEquiv>
                </Word>
                <Word id="r5l20_w8" custom="readingOrder {index:7;}">
                    <Coords points="3455,2073 3455,2133 3535,2133 3535,2073"/>
                    <TextEquiv>
                        <Unicode>wol¬</Unicode>
                    </TextEquiv>
                </Word>
                <TextEquiv>
                    <Unicode>soll, borüber Ihr. Gel. Ihme anbefohlen haben wol¬</Unicode>
                </TextEquiv>
            </TextLine>
            <TextLine id="r5l21" custom="readingOrder {index:20;}">
                <Coords points="2411,2238 3027,2260 3163,2207 3503,2218 3527,2164 3433,2127 3243,2171 3044,2141 2806,2194 2408,2134"/>
                <Baseline points="2417,2222 2472,2224 2527,2225 2582,2226 2637,2226 2693,2225 2748,2223 2803,2222 2858,2220 2913,2217 2969,2216 3024,2213 3079,2210 3134,2208 3189,2205 3245,2204 3300,2202 3355,2201 3410,2201 3465,2201 3521,2202"/>
                <Word id="r5l21_w1" custom="readingOrder {index:0;}">
                    <Coords points="2409,2183 2409,2243 2512,2243 2512,2183"/>
                    <TextEquiv>
                        <Unicode>lend,</Unicode>
                    </TextEquiv>
                </Word>
                <Word id="r5l21_w2" custom="readingOrder {index:1;}">
                    <Coords points="2534,2185 2534,2245 2570,2245 2570,2185"/>
                    <TextEquiv>
                        <Unicode>in</Unicode>
                    </TextEquiv>
                </Word>
                <Word id="r5l21_w3" custom="readingOrder {index:2;}">
                    <Coords points="2627,2184 2627,2244 2766,2244 2766,2184"/>
                    <TextEquiv>
                        <Unicode>Seinem</Unicode>
                    </TextEquiv>
                </Word>
                <Word id="r5l21_w4" custom="readingOrder {index:3;}">
                    <Coords points="2834,2177 2834,2237 2984,2237 2984,2177"/>
                    <TextEquiv>
                        <Unicode>Ambts</Unicode>
                    </TextEquiv>
                </Word>
                <Word id="r5l21_w5" custom="readingOrder {index:4;}">
                    <Coords points="2995,2170 2995,2230 3134,2230 3134,2170"/>
                    <TextEquiv>
                        <Unicode>beziggt</Unicode>
                    </TextEquiv>
                </Word>
                <Word id="r5l21_w6" custom="readingOrder {index:5;}">
                    <Coords points="3179,2164 3179,2224 3226,2224 3226,2164"/>
                    <TextEquiv>
                        <Unicode>die</Unicode>
                    </TextEquiv>
                </Word>
                <Word id="r5l21_w7" custom="readingOrder {index:6;}">
                    <Coords points="3249,2161 3249,2221 3399,2221 3399,2161"/>
                    <TextEquiv>
                        <Unicode>anstalt</Unicode>
                    </TextEquiv>
                </Word>
                <Word id="r5l21_w8" custom="readingOrder {index:7;}">
                    <Coords points="3422,2161 3422,2221 3538,2221 3538,2161"/>
                    <TextEquiv>
                        <Unicode>ver¬</Unicode>
                    </TextEquiv>
                </Word>
                <TextEquiv>
                    <Unicode>lend, in Seinem Ambts beziggt die anstalt ver¬</Unicode>
                </TextEquiv>
            </TextLine>
            <TextLine id="r5l22" custom="readingOrder {index:21;}">
                <Coords points="2401,2394 2704,2330 3118,2350 3210,2305 3522,2310 3520,2244 3337,2263 3291,2226 2398,2271"/>
                <Baseline points="2406,2327 2461,2325 2516,2324 2572,2324 2627,2322 2683,2321 2738,2319 2794,2319 2849,2318 2905,2316 2960,2315 3015,2313 3071,2312 3126,2309 3182,2307 3237,2305 3293,2303 3348,2300 3404,2297 3459,2294 3515,2291"/>
                <Word id="r5l22_w1" custom="readingOrder {index:0;}">
                    <Coords points="2400,2284 2400,2344 2537,2344 2537,2284"/>
                    <TextEquiv>
                        <Unicode>fügen</Unicode>
                    </TextEquiv>
                </Word>
                <Word id="r5l22_w2" custom="readingOrder {index:1;}">
                    <Coords points="2588,2280 2588,2340 2827,2340 2827,2280"/>
                    <TextEquiv>
                        <Unicode>zulaßen,</Unicode>
                    </TextEquiv>
                </Word>
                <Word id="r5l22_w3" custom="readingOrder {index:2;}">
                    <Coords points="2865,2276 2865,2336 2927,2336 2927,2276"/>
                    <TextEquiv>
                        <Unicode>daß</Unicode>
                    </TextEquiv>
                </Word>
                <Word id="r5l22_w4" custom="readingOrder {index:3;}">
                    <Coords points="2990,2272 2990,2332 3091,2332 3091,2272"/>
                    <TextEquiv>
                        <Unicode>dieser</Unicode>
                    </TextEquiv>
                </Word>
                <Word id="r5l22_w5" custom="readingOrder {index:4;}">
                    <Coords points="3140,2265 3140,2325 3280,2325 3280,2265"/>
                    <TextEquiv>
                        <Unicode>Schmid</Unicode>
                    </TextEquiv>
                </Word>
                <Word id="r5l22_w6" custom="readingOrder {index:5;}">
                    <Coords points="3304,2257 3304,2317 3480,2317 3480,2257"/>
                    <TextEquiv>
                        <Unicode>entdeckt</Unicode>
                    </TextEquiv>
                </Word>
                <TextEquiv>
                    <Unicode>fügen zulaßen, daß dieser Schmid entdeckt</Unicode>
                </TextEquiv>
            </TextLine>
            <TextLine id="r5l23" custom="readingOrder {index:22;}">
                <Coords points="2397,2467 2531,2421 2598,2462 2671,2412 3305,2437 3480,2373 3478,2321 3415,2305 3289,2374 3074,2328 2846,2375 2704,2331 2395,2398"/>
                <Baseline points="2403,2427 2456,2424 2510,2421 2563,2418 2617,2416 2670,2414 2724,2412 2777,2411 2831,2410 2884,2409 2938,2408 2991,2406 3045,2405 3098,2403 3152,2401 3205,2400 3259,2397 3312,2393 3366,2388 3419,2385 3473,2378"/>
                <Word id="r5l23_w1" custom="readingOrder {index:0;}">
                    <Coords points="2406,2384 2406,2444 2471,2444 2471,2384"/>
                    <TextEquiv>
                        <Unicode>und</Unicode>
                    </TextEquiv>
                </Word>
                <Word id="r5l23_w2" custom="readingOrder {index:1;}">
                    <Coords points="2503,2379 2503,2439 2568,2439 2568,2379"/>
                    <TextEquiv>
                        <Unicode>von</Unicode>
                    </TextEquiv>
                </Word>
                <Word id="r5l23_w3" custom="readingOrder {index:2;}">
                    <Coords points="2611,2374 2611,2434 2719,2434 2719,2374"/>
                    <TextEquiv>
                        <Unicode>heut</Unicode>
                    </TextEquiv>
                </Word>
                <Word id="r5l23_w4" custom="readingOrder {index:3;}">
                    <Coords points="2763,2370 2763,2430 2839,2430 2839,2370"/>
                    <TextEquiv>
                        <Unicode>über</Unicode>
                    </TextEquiv>
                </Word>
                <Word id="r5l23_w5" custom="readingOrder {index:4;}">
                    <Coords points="2882,2368 2882,2428 2926,2428 2926,2368"/>
                    <TextEquiv>
                        <Unicode>8.</Unicode>
                    </TextEquiv>
                </Word>
                <Word id="r5l23_w6" custom="readingOrder {index:5;}">
                    <Coords points="2936,2366 2936,2426 3002,2426 3002,2366"/>
                    <TextEquiv>
                        <Unicode>tag</Unicode>
                    </TextEquiv>
                </Word>
                <Word id="r5l23_w7" custom="readingOrder {index:6;}">
                    <Coords points="3034,2364 3034,2424 3078,2424 3078,2364"/>
                    <TextEquiv>
                        <Unicode>vor</Unicode>
                    </TextEquiv>
                </Word>
                <Word id="r5l23_w8" custom="readingOrder {index:7;}">
                    <Coords points="3110,2361 3110,2421 3164,2421 3164,2361"/>
                    <TextEquiv>
                        <Unicode>Ihr</Unicode>
                    </TextEquiv>
                </Word>
                <Word id="r5l23_w9" custom="readingOrder {index:8;}">
                    <Coords points="3186,2358 3186,2418 3294,2418 3294,2358"/>
                    <TextEquiv>
                        <Unicode>Gel.</Unicode>
                    </TextEquiv>
                </Word>
                <Word id="r5l23_w10" custom="readingOrder {index:9;}">
                    <Coords points="3304,2347 3304,2407 3446,2407 3446,2347"/>
                    <TextEquiv>
                        <Unicode>gehalten</Unicode>
                    </TextEquiv>
                </Word>
                <TextEquiv>
                    <Unicode>und von heut über 8. tag vor Ihr Gel. gehalten</Unicode>
                </TextEquiv>
            </TextLine>
            <TextLine id="r5l24" custom="readingOrder {index:23;}">
                <Coords points="2402,2531 2591,2563 2663,2518 2817,2561 3199,2545 3488,2504 3486,2444 3109,2423 2971,2461 2834,2427 2399,2465"/>
                <Baseline points="2408,2517 2461,2516 2515,2516 2568,2514 2622,2512 2676,2510 2729,2508 2783,2506 2836,2504 2890,2501 2944,2499 2997,2496 3051,2495 3104,2492 3158,2491 3212,2489 3265,2488 3319,2487 3372,2487 3426,2487 3480,2487"/>
                <Word id="r5l24_w1" custom="readingOrder {index:0;}">
                    <Coords points="2413,2476 2413,2536 2537,2536 2537,2476"/>
                    <TextEquiv>
                        <Unicode>beden</Unicode>
                    </TextEquiv>
                </Word>
                <Word id="r5l24_w2" custom="readingOrder {index:1;}">
                    <Coords points="2588,2470 2588,2530 2748,2530 2748,2470"/>
                    <TextEquiv>
                        <Unicode>könne,</Unicode>
                    </TextEquiv>
                </Word>
                <Word id="r5l24_w3" custom="readingOrder {index:2;}">
                    <Coords points="2787,2464 2787,2524 2848,2524 2848,2464"/>
                    <TextEquiv>
                        <Unicode>wie</Unicode>
                    </TextEquiv>
                </Word>
                <Word id="r5l24_w4" custom="readingOrder {index:3;}">
                    <Coords points="2874,2458 2874,2518 3023,2518 3023,2458"/>
                    <TextEquiv>
                        <Unicode>zothnuß</Unicode>
                    </TextEquiv>
                </Word>
                <Word id="r5l24_w5" custom="readingOrder {index:4;}">
                    <Coords points="3085,2451 3085,2511 3185,2511 3185,2451"/>
                    <TextEquiv>
                        <Unicode>Date.</Unicode>
                    </TextEquiv>
                </Word>
                <Word id="r5l24_w6" custom="readingOrder {index:5;}">
                    <Coords points="3197,2448 3197,2508 3236,2508 3236,2448"/>
                    <TextEquiv>
                        <Unicode>8.</Unicode>
                    </TextEquiv>
                </Word>
                <Word id="r5l24_w7" custom="readingOrder {index:6;}">
                    <Coords points="3248,2447 3248,2507 3335,2507 3335,2447"/>
                    <TextEquiv>
                        <Unicode>Jun.</Unicode>
                    </TextEquiv>
                </Word>
                <Word id="r5l24_w8" custom="readingOrder {index:7;}">
                    <Coords points="3360,2447 3360,2507 3498,2507 3498,2447"/>
                    <TextEquiv>
                        <Unicode>1733.</Unicode>
                    </TextEquiv>
                </Word>
                <TextEquiv>
                    <Unicode>beden könne, wie zothnuß Date. 8. Jun. 1733.</Unicode>
                </TextEquiv>
            </TextLine>
            <TextEquiv>
                <Unicode></Unicode>
            </TextEquiv>
        </TextRegion>
    </Page>
</PcGts>
