4032 3024
700 289 850 349 536.

727 463 834 523 Häni
859 464 978 524 Christen

713 560 893 620 Zimmerman
922 559 998 619 An̄a

714 1336 952 1396 Langenhoff
973 1336 1037 1396 Prs¬

797 1397 890 1457 Gotl
909 1396 1021 1456 fried.

702 1481 842 1541 Christica
879 1480 1019 1540 Bieri.

768 1906 806 1966 ob
845 1908 961 1968 Idl.

723 2144 932 2204 Schumaher
946 2140 1037 2200 dange¬

698 2242 803 2302 yßl
838 2240 900 2300 An.
908 2237 1005 2297 Maria

1028 364 1198 424 Bollg.
1213 361 1260 421 Es
1291 358 1383 418 habe
1414 355 1616 415 endtlichen
1661 363 1849 423 bendicht
1879 397 2082 457 zimerman

1040 468 1091 528 Ihr
1127 458 1352 518 angesoörge
1388 456 1475 516 mn
1492 460 1630 520 Gnädigen
1649 468 1770 528 Here
1804 477 1840 537 u
1857 486 1997 546 rechen
2014 499 2084 559 en¬

1025 568 1053 628 in

1103 571 1172 631 deß
1212 567 1378 627 Christen
1432 563 1570 623 Hänis
1612 563 1680 623 von
1722 570 1887 630 Gruben
1942 592 2080 652 ischen

1025 687 1261 747 Zimmerbald
1308 678 1379 738 mit
1414 673 1543 733 seiner
1602 670 1744 730 Tochter
1791 673 1874 733 Anna
1909 686 2087 746 Zimmerman

1017 802 1084 862 Ehe
1131 792 1406 852 gewilliget,
1428 782 1567 842 deßen
1636 779 1703 839 Sie
1739 779 1911 839 berichtet
1944 789 2070 849 werdend

1026 908 1121 968 umb
1175 899 1303 959 Selbe
1345 888 1579 948 nunmehro
1611 884 1857 944 copuliren
1899 894 2092 954 zulaßen,

1021 1019 1121 1079 N.
1135 1012 1306 1072 Jehdoch
1334 1003 1476 1063 under
1505 1000 1589 1060 dem
1661 997 1903 1057 vorbehalt,
1931 1002 1987 1062 daß
2031 1007 2073 1067 Er

1035 1134 1091 1194 der
1127 1125 1277 1185 Vatter
1334 1117 1426 1177 über
1472 1111 1576 1171 seine
1623 1108 1749 1168 güter
1807 1106 1887 1166 nach
1910 1106 1968 1166 dem
2002 1108 2096 1168 Getag¬

1038 1224 1275 1284 disponiren
1335 1213 1522 1273 könne.

1079 1343 1183 1403 Ward
1208 1341 1312 1401 Mstr
1339 1335 1533 1395 Christian
1611 1327 1831 1387 Gottfried
1858 1322 2090 1382 Langenhoff

1051 1443 1099 1503 von
1148 1436 1366 1496 Spandan,
1390 1432 1656 1492 huttmacher,
1682 1426 1839 1486 getell,
1851 1416 2044 1476 bewillige,

1042 1547 1113 1607 mit
1136 1543 1316 1603 Christina
1363 1538 1493 1598 Birri
1529 1533 1601 1593 auß
1671 1528 1743 1588 dem
1802 1515 2052 1575 Schwegnaul

1034 1650 1151 1710 hinder
1185 1649 1477 1709 dreymahliger
1524 1633 1840 1693 verkündigung
1875 1609 1968 1669 allda
2003 1594 2061 1654 das

1022 1756 1216 1816 Stirchen,
1229 1756 1346 1816 Recht
1384 1753 1540 1813 halten
1605 1743 1656 1803 zu
1695 1729 1915 1789 können.

1046 1909 1381 1969 schaugnauls.
1405 1909 1504 1969 Sie
1542 1904 1716 1964 deßen
1766 1885 1964 1945 berichten
2000 1857 2075 1917 und

1013 2012 1085 2072 die
1113 2014 1229 2074 zrei
1271 2014 1359 2074 drey
1401 2012 1517 2072 mahl
1575 2007 1631 2067 zu
1661 1986 1994 2046 verkunden.

1074 2140 1164 2200 Ist
1189 2144 1280 2204 mr
1305 2147 1460 2207 Daniel
1512 2136 1796 2196 Schumacher
1835 2109 1951 2169 Nagel
1964 2090 2054 2150 schei

1031 2236 1082 2296 von
1109 2238 1236 2298 allhier
1276 2240 1494 2300 bewilliget
1521 2238 1611 2298 mit
1649 2230 1726 2290 Ana
1765 2215 1881 2275 Mar:
1893 2195 1971 2255 dyß
1983 2181 2010 2241 ei
2035 2164 2088 2224 s¬

1009 2341 1267 2401 Burgdorff,
1297 2348 1494 2408 kirchen,
1509 2343 1630 2403 recht
1645 2331 1811 2391 halten
1858 2308 1903 2368 zu
1918 2285 2054 2345 fonen

1012 2454 1105 2514 el
1124 2455 1181 2515 en
1236 2459 1293 2519 ne
1329 2462 1480 2522 ere
1516 2461 1574 2521 er
1649 2452 1779 2512 ege
1818 2431 1912 2491 ane
1948 2397 2060 2457 sunst

998 2562 1041 2622 zu
1084 2560 1303 2620 behenhung,
1325 2560 1392 2620 daß
1435 2557 1654 2617 gelohnten
1697 2534 1917 2594 nhzuget
1960 2479 2094 2539 e¬

2171 464 2297 524 Ruchti
2308 448 2411 508 bend:

2172 557 2264 617 Rätz
2287 541 2415 601 An̄a.

2170 1600 2314 1660 Brunner
2324 1605 2417 1665 Cchriste

2168 1688 2275 1748 Strehl.
2286 1685 2394 1745 Madle

3398 398 3486 458 537

2465 439 2600 499 Meßen
2645 440 2712 500 und
2736 450 3018 510 Rappersbyl
3040 463 3142 523 sep:
3176 472 3311 532 weilen
3356 474 3514 534 bendicht

2458 535 2602 595 Rucht.
2624 535 2679 595 von
2722 540 2899 600 Rappers
2922 548 3021 608 byl,
3043 555 3164 615 welchem
3220 563 3286 623 Anne
3319 566 3430 626 Rätz
3452 568 3495 628 von

2466 629 2617 689 Meßen
2680 628 2742 688 mit
2781 629 2995 689 Zueignung
3020 634 3109 694 Ihres
3134 640 3261 700 finds
3286 646 3386 706 anoch
3412 651 3462 711 der
3475 654 3525 714 Ihe

2446 724 2523 784 halb
2556 721 2714 781 ausercht
2780 722 2824 782 in
2835 724 2925 784 gnädigen
2936 726 3037 786 Herrn
3059 730 3138 790 alles
3171 734 3338 794 gäntzlich
3360 739 3538 799 verneinet

2448 820 2610 880 bollendt
2634 814 2795 874 dieselben
2854 814 2924 874 Sie
2958 819 3166 879 angesonnen
3202 826 3340 886 haben,
3352 830 3410 890 bey
3444 832 3479 892 de

2441 910 2473 970 in
2528 910 2592 970 dem
2647 910 2929 970 purgations
2962 913 3059 973 Eydt
3102 915 3178 975 und
3212 918 3265 978 der
3288 924 3515 984 lichtigkeit

2448 1009 2646 1069 deßelben
2698 1009 2804 1069 durch
2844 1010 2950 1070 ihren
2976 1010 3041 1070 herr
3081 1012 3279 1072 Pfarhrer
3292 1014 3423 1074 Bolland
3436 1018 3557 1078 grunde¬

2437 1106 2729 1166 underrichten,
2750 1103 2833 1163 und
2865 1100 3073 1160 nachberts
3114 1097 3188 1157 mit
3219 1097 3386 1157 nöthigem
3418 1101 3532 1161 bericht

2436 1207 2474 1267 so
2499 1205 2575 1265 wohl
2614 1202 2702 1262 ihrer
2754 1199 3046 1259 empfangenen
3098 1199 3225 1259 Eydts
3238 1199 3479 1259 instruction

2437 1302 2497 1362 alß
2538 1298 2730 1358 habenden
2779 1295 3012 1355 Leumbdens
3073 1295 3112 1355 zu
3173 1294 3415 1354 dermahligen
3446 1294 3517 1354 be¬

2434 1392 2632 1452 eidigung
2658 1390 2723 1450 von
2764 1390 2856 1450 heüt
2882 1389 2975 1449 über
3001 1390 3068 1450 14.
3095 1390 3160 1450 tag
3199 1392 3266 1452 har
3293 1393 3412 1453 halten
3451 1396 3530 1456 zu¬

2429 1487 2555 1547 aßen

2449 1592 2643 1652 Berhurg.
2655 1587 2872 1647 zumahlen
2909 1585 3065 1645 Chrißen
3114 1585 3272 1645 Brunner
3307 1586 3439 1646 belichem
3465 1587 3550 1647 Make

2440 1686 2571 1746 sterchl.
2596 1680 2741 1740 sowohl
2764 1674 2836 1734 vor
2897 1669 2955 1729 alß
3004 1667 3039 1727 in
3088 1666 3148 1726 der
3172 1664 3316 1724 gemißt
3339 1667 3400 1727 Ihr
3423 1671 3484 1731 zur

2433 1779 2517 1839 belt
2531 1768 2717 1828 gebohenes
2745 1759 2830 1819 find
2874 1752 3144 1812 zugefignet,
3159 1751 3257 1811 dieser
3287 1753 3415 1813 anflag
3443 1759 3558 1819 Gaugl¬

2417 1870 2461 1930 in
2505 1866 2604 1926 aberd
2626 1861 2703 1921 ist,
2726 1857 2781 1917 alß
2835 1850 2946 1910 bollen
2968 1843 3166 1903 gnädigenHeren
3177 1841 3266 1901 ihnen
3309 1846 3529 1906 auffgetragen

2422 1962 2522 2022 haben
2594 1959 2655 2019 die
2695 1953 2847 2013 Sterhin
2919 1946 2959 2006 im
3010 1938 3274 1998 purgations,
3294 1936 3375 1996 Eydt
3396 1936 3549 1996 adform¬

2419 2062 2463 2122 zu
2508 2054 2767 2114 underweien
2833 2044 2912 2104 und
2946 2040 3012 2100 den
3058 2034 3238 2094 nöthigen
3282 2030 3395 2090 bericht
3417 2028 3540 2088 sambt

2421 2146 2642 2206 farhaltung
2683 2144 2743 2204 von
2794 2141 2893 2201 heüt
2935 2138 3004 2198 über
3045 2135 3085 2195 14
3125 2132 3216 2192 tag,
3236 2126 3497 2186 überschreiben

2425 2236 2794 2296 zulaßen.

2418 2332 2563 2392 Sedell.
2577 2331 2620 2391 an
2651 2328 2869 2388 MnHHrD.
2884 2324 2941 2384 H.
2955 2320 3102 2380 Felster
3131 2312 3349 2372 Langhand,
3364 2308 3451 2368 Iher
3466 2306 3554 2366 fel¬

2417 2417 2575 2477 esuchen
2620 2416 2745 2476 obigen
2780 2411 2927 2471 Ehristen
2972 2404 3154 2464 Brinner,
3165 2399 3199 2459 so
3223 2396 3279 2456 sich
3313 2391 3473 2451 dißmahl
3495 2387 3540 2447 bey

2391 2505 2459 2565 Hr
2482 2500 2586 2560 Engel
2634 2496 2668 2556 in
2702 2491 2865 2551 diensten
2876 2486 3050 2546 befindt,
3062 2483 3142 2543 auch
3166 2482 3200 2542 im
3234 2482 3304 2542 Ret
3327 2482 3570 2542 zuunderberiene

2421 2575 2471 2635 min
2481 2575 2563 2635 gnädigen
2573 2573 2653 2633 Herrn
2663 2571 2735 2631 auff
2745 2567 2948 2627 obbestimbte
2968 2563 3029 2623 Zeit
3049 2560 3100 2620 den
3141 2557 3252 2617 bericht
3273 2549 3548 2609 abzustatten.
