4032 3024
595 278 736 338 538.

661 397 701 457 Ob
728 395 838 455 Jdl.

639 1036 767 1096 Moser
791 1025 920 1085 diebold

647 1655 708 1715 Ziß
771 1652 916 1712 Johannes

645 1739 759 1799 Stuck.
771 1739 924 1799 Alßbeth.

941 387 1092 447 Sedof
1127 383 1161 443 be
1177 380 1245 440 gen
1279 375 1330 435 in
1347 370 1481 430 gnädigen
1498 365 1635 425 Herren
1651 366 1718 426 seie
1753 378 1939 438 zubißcen
1956 404 2041 464 von¬

937 484 1075 544 nöthen
1124 480 1188 540 die
1212 476 1274 536 die
1299 471 1438 531 Madle
1476 467 1651 527 Stroch,
1663 467 1702 527 so
1726 471 1788 531 sich
1801 476 1889 536 eine
1914 486 1977 546 Zeit
1990 499 2066 559 lang¬

938 590 1064 650 hinder
1086 584 1201 644 ihnen
1259 571 1568 631 auffgehalten,
1590 568 1763 628 alldorten
1796 575 1866 635 sich
1877 589 2061 649 aufgesuht

948 694 1024 754 und
1058 685 1145 745 was
1167 679 1255 739 für
1288 673 1529 733 leümbdens
1563 673 1618 733 sie
1650 674 1771 734 seye,
1793 676 1859 736 alß
1903 678 2034 738 bedind

952 797 1007 857 ein
1019 795 1108 855 gnädigen
1119 793 1230 853 Herrn
1241 788 1364 848 selben
1418 782 1485 842 von
1541 778 1641 838 heüt
1663 775 1741 835 über
1763 773 1830 833 14.
1841 773 1897 833 tag
1919 775 2042 835 über¬

940 898 1128 958 schreiben

965 1004 1042 1064 und
1077 1002 1211 1062 weilen
1267 1000 1335 1060 ein
1368 1000 1548 1060 gewißer
1593 998 1751 1058 diebold
1773 1000 1908 1060 Moser,
1919 1000 1953 1060 sie
1975 1001 2055 1061 auge¬

948 1108 1091 1168 föriger
1132 1106 1197 1166 von
1248 1102 1315 1162 der
1354 1097 1537 1157 Stergl.
1563 1094 1630 1154 mit
1655 1093 1720 1153 dem
1787 1093 1944 1153 Brunner
1957 1098 2063 1158 haben

956 1216 1008 1276 den
1051 1210 1350 1270 Consistorial:
1361 1206 1445 1266 sach
1489 1202 1615 1262 einige
1648 1198 1904 1258 bißenschafft
1926 1195 2010 1255 haben

948 1325 1048 1385 soll,
1070 1319 1126 1379 alß
1182 1313 1338 1373 werdend
1360 1310 1406 1370 sie
1428 1305 1674 1365 denselben,
1696 1299 1807 1359 fahls
1829 1297 1864 1357 er
1886 1295 1954 1355 sich
1965 1293 2053 1353 hinder

947 1429 1070 1489 Ihnen
1111 1420 1318 1480 befinden
1358 1417 1511 1477 thäte,
1538 1414 1635 1474 auff
1662 1411 1772 1471 obige
1799 1406 1882 1466 Zeit
1924 1397 1992 1457 har

958 1532 1090 1592 halten
1145 1525 1298 1585 laßen

955 1651 1035 1711 Ist
1063 1647 1130 1707 dem
1183 1643 1278 1703 Joh.
1305 1642 1373 1702 Riß
1440 1640 1495 1700 im
1521 1637 1630 1697 alten
1656 1633 1738 1693 berg
1778 1622 1979 1682 Wohnhafft

946 1748 1057 1808 gantz
1068 1744 1392 1804 ernstmeinend
1426 1740 1672 1800 verbotten,
1694 1734 1738 1794 der
1760 1728 1905 1788 Elßbeth
1918 1715 2041 1775 Stuk¬

939 1853 999 1913 von
1036 1850 1356 1910 Münsingen,
1380 1846 1466 1906 dera
1514 1843 1564 1903 die
1600 1836 1711 1896 Statt
1735 1828 1797 1888 für
1821 1822 1845 1882 2
1883 1812 1957 1872 jahr
1969 1800 2043 1860 lag¬

933 1952 1128 2012 verbotten
1176 1949 1360 2009 worden,
1384 1943 1505 2003 keinen
1554 1933 1748 1993 ferneren
1798 1905 2040 1965 underschlauft

922 2056 1129 2116 zugeben,
1159 2054 1277 2114 sonst
1308 2053 1351 2113 in
1397 2050 1515 2110 nicht
1544 2037 1812 2097 gehorchendem
1855 2012 1944 2072 fahls
1959 1996 2034 2056 teyt

939 2164 1044 2224 sollen
1102 2156 1321 2216 eingesetzet
1370 2157 1591 2217 werden.

2122 964 2224 1024 Floret
2247 961 2356 1021 Taques

2166 1011 2342 1071 francois.

2122 1082 2293 1142 Aportelat
2315 1090 2391 1150 fan¬

2232 1148 2329 1208 coise

2127 1766 2254 1826 Rirguer
2282 1764 2338 1824 H.

2174 1814 2319 1874 predic:

2119 1887 2235 1947 Kutrche
2264 1893 2380 1953 edigen

3383 368 3510 428 539.

2677 373 2910 433 Sonstags
2949 386 3001 446 dn
3014 393 3066 453 11.
3091 403 3195 463 Juny
3234 416 3336 476 1733

2842 493 3001 553 proses

2507 566 2730 626 Mengder
2753 569 2789 629 r
2847 571 2895 631 ee
2953 577 3143 637 uer.

2816 653 3080 713 Assessores.

2402 760 2578 820 Mngdger
2588 763 2671 823 e
2692 766 2817 826 ecepto
2847 770 2920 830 Dno
2952 772 2962 832 a
3015 778 3201 838 Diesbach,
3221 783 3304 843 cujus
3326 788 3419 848 vicem

2427 842 2529 902 gessit
2580 842 2672 902 Dng
2713 849 2990 909 Ryhine.

2409 961 2590 1021 Copier.
2638 970 2839 1030 Zumahlen
2897 979 3031 1039 Jaques
3050 986 3203 1046 francis
3213 992 3328 1052 floret
3347 995 3405 1055 Ihr
3433 996 3492 1056 an¬

2409 1061 2576 1121 gehöriger
2623 1060 2799 1120 ohngeacht
2827 1065 3080 1125 dreymahliger
3107 1074 3322 1134 formblicher
3340 1079 3470 1139 citation

2393 1147 2452 1207 Mmin
2462 1147 2542 1207 gnädigen
2552 1147 2642 1207 Herren
2661 1149 2730 1209 nicht
2759 1153 2978 1213 erschienen,
2998 1156 3058 1216 alß
3097 1157 3216 1217 habend
3246 1158 3287 1218 sie
3306 1157 3395 1217 ihne

2394 1225 2461 1285 per
2494 1231 2738 1291 Contumaciam
2813 1240 3049 1300 beurtheilet,
3066 1243 3125 1303 und
3150 1245 3234 1305 ihme
3276 1248 3318 1308 der
3334 1251 3477 1311 francoise

2398 1311 2583 1371 apostelat
2613 1315 2726 1375 kind,
2746 1316 2798 1376 alß
2838 1319 3003 1379 ohnehlich
3043 1322 3116 1382 mit
3136 1327 3311 1387 zuspruch
3331 1333 3382 1393 der
3403 1340 3496 1400 Kösten

2392 1400 2478 1460 auff
2512 1399 2728 1459 mederation
2770 1401 2822 1461 hin
2874 1405 3073 1465 zubekent,
3090 1410 3201 1470 deßen
3253 1414 3305 1474 sie
3340 1416 3485 1476 berichtet

2401 1491 2539 1551 wreden,
2568 1487 2642 1547 mit
2679 1489 2864 1549 gerinnen,
2884 1494 2976 1554 auff
3004 1498 3079 1558 ihne
3116 1502 3227 1562 florit
3246 1505 3358 1565 achten
3395 1503 3478 1563 auff

2395 1583 2560 1643 betretten
2605 1580 2761 1640 einsetzen
2805 1582 2848 1642 und
2857 1582 2892 1642 ine
2901 1583 2971 1643 gnädigen
2980 1585 3057 1645 Herrn
3093 1587 3136 1647 deß
3189 1590 3364 1650 berhaffts
3398 1591 3460 1651 be¬

2380 1671 2502 1731 richten
2547 1671 2779 1731 zulaßen

2389 1774 2484 1834 Gedell
2517 1774 2538 1834 an
2559 1774 2602 1834 ien
2613 1775 2708 1835 Hen
2719 1776 2763 1836 deß
2805 1777 2976 1837 Conventr.
2997 1780 3157 1840 zwüschen
3178 1781 3232 1841 H.
3243 1783 3413 1843 predicant

2393 1864 2526 1924 tingier
2560 1864 2605 1924 zu
2649 1862 2852 1922 Mdißbyl
2885 1861 2942 1921 und
2953 1859 3019 1919 H.
3032 1859 3188 1919 Predigke
3211 1861 3312 1921 Suter
3334 1864 3378 1924 von
3402 1870 3481 1930 Rh.

2392 1949 2502 2009 waltet
2530 1946 2577 2006 ein
2605 1943 2717 2003 streith
2744 1941 2818 2001 auß
2865 1940 2976 2000 anlaß
3023 1939 3078 1999 deß
3115 1939 3264 1999 Pfrund
3282 1942 3468 2002 auschauffs

2377 2045 2423 2105 zu
2458 2041 2586 2101 Eschi,
2611 2035 2657 2095 wie
2680 2032 2797 2092 solches
2845 2029 2914 2089 Sie
2950 2027 3008 2087 auß
3079 2026 3359 2086 mitkommendem

2381 2137 2539 2197 schreiben
2583 2126 2645 2186 von
2698 2120 2795 2180 allda
2839 2116 3016 2176 zuersehen
3060 2114 3148 2174 haben
3192 2111 3306 2171 werden
3369 2108 3430 2168 und

2380 2226 2448 2286 mit
2486 2220 2701 2280 zuschikung
2750 2211 2934 2271 deßelben
2993 2206 3159 2266 fründl.
3178 2206 3305 2266 ersucht,
3314 2207 3421 2267 harn

2377 2318 2464 2378 nach
2485 2314 2659 2374 habender
2702 2302 2929 2362 competentz
2963 2296 3300 2356 zuverfahren.
