4032 3024
618 269 741 329 541.

673 451 843 511 Häßler
855 440 962 500 Anna.

682 550 820 610 zwahlen
844 541 959 601 Christn

679 1708 837 1768 Furtner
867 1715 956 1775 Peter

665 1814 778 1874 danger
816 1814 884 1874 Ana

659 2317 759 2377 Jheli
782 2319 938 2379 Maria.

642 2414 798 2474 Walthers
818 2413 943 2473 Sammel

1209 309 1308 369 prof.

985 369 1230 429 Juhitactino
1273 361 1477 421 Anderen
1497 361 1557 421 19.
1580 365 1682 425 habe
1702 378 1887 438 zugshn
1927 409 2049 469 hend

986 470 1131 530 Mer
1199 465 1212 525 r
1251 463 1318 523 fel.
1331 461 1464 521 ersucht
1503 461 1557 521 die
1597 464 1690 524 Anna
1729 475 1877 535 Fäßler
1916 492 1970 552 von
1983 506 2062 566 haute

982 561 1115 621 krunnen
1182 554 1281 614 gegen
1326 554 1380 614 dem
1426 555 1569 615 Christen
1613 562 1758 622 zwahlen
1813 572 1858 632 von
1891 583 2023 643 Matten

979 666 1110 726 belcher
1137 660 1216 720 Ihre
1255 656 1322 716 das
1362 655 1468 715 Ihme
1508 657 1758 717 zugeeignete
1773 668 1851 728 Kind
1878 688 2091 748 zuechalten

964 768 1024 828 mit
1056 765 1096 825 an
1117 761 1219 821 einen
1281 758 1393 818 will,
1414 757 1444 817 in
1486 760 1772 820 Contradictorio
1793 775 1987 835 verneinen
2018 789 2058 849 Ein

973 871 1114 931 Urtheil
1158 863 1397 923 außfellen
1474 861 1550 921 und
1595 862 1638 922 die
1670 869 1911 929 beschwarende
1932 884 2051 944 Parhey

968 971 1177 1031 reciriren
1224 967 1515 1027 zulaßen:
1549 968 1620 1028 Sie
1644 970 1726 1030 aber
1748 972 1794 1032 biß
1830 975 1853 1035 de
1887 979 1969 1039 nädigen
1982 984 2064 1044 Heren

973 1070 1045 1130 kein
1094 1067 1216 1127 bericht
1252 1066 1533 1126 eingelanget,
1557 1066 1630 1126 und
1666 1067 1726 1127 die
1752 1071 1909 1131 Häßler
1945 1077 2055 1137 wieder

975 1178 1033 1238 vor
1069 1175 1187 1235 Ihnen
1246 1168 1506 1228 erschienen,
1530 1162 1601 1222 alß
1661 1158 1814 1218 wollend
1848 1156 2026 1216 dieselben

969 1276 1076 1336 Ihme
1120 1276 1195 1336 per
1227 1273 1420 1333 recharge
1464 1269 1626 1329 ersucht
1658 1263 1798 1323 haben,
1819 1258 1970 1318 obignädige
1980 1253 2057 1313 hren

986 1371 1101 1431 urtheil
1167 1372 1206 1432 in
1263 1372 1484 1432 Execution
1522 1368 1656 1428 stellen
1751 1364 1819 1424 und
1847 1359 1896 1419 den
1934 1353 2069 1413 verlauft

990 1471 1036 1531 der
1049 1471 1131 1531 sach
1153 1472 1165 1532 u
1199 1472 1246 1532 in
1258 1472 1351 1532 gnädigen
1364 1471 1468 1531 Herren
1491 1469 1736 1529 erkantnuß
1794 1466 1934 1526 berichten
1957 1466 2075 1526 zulaßen

970 1649 1218 1709 Oberbalm.
1243 1652 1302 1712 Ehe
1349 1652 1421 1712 und
1456 1651 1540 1711 beto
1552 1648 1753 1708 gnädihenHerren
1765 1643 1813 1703 ber
1837 1640 1884 1700 das
1907 1633 2061 1693 Matrimana

1001 1737 1055 1797 und
1077 1743 1329 1803 Consistorial
1361 1747 1547 1807 geschäfft
1591 1743 1777 1803 zwüschen
1820 1731 1918 1791 Peter
1929 1720 2049 1780 Guttar

992 1833 1064 1893 und
1109 1840 1227 1900 Anna
1270 1844 1431 1904 Wanger
1491 1839 1726 1899 absprechen
1769 1824 1901 1884 botten
1916 1807 2019 1867 haben
2033 1793 2079 1853 sr

979 1938 1060 1998 gut
1087 1945 1289 2005 funden,
1302 1947 1449 2007 selbes
1491 1944 1557 2004 biß
1612 1937 1706 1997 nach
1746 1927 1801 1987 der
1840 1909 2016 1969 geneung
2029 1888 2071 1948 de¬

994 2048 1212 2108 Burties
1258 2053 1632 2113 zuverschlieben,
1663 2043 1726 2103 So
1756 2031 1866 2091 Ihme
1881 2015 1990 2075 firens
2005 1997 2036 2057 ag

976 2149 1141 2209 richtlich
1163 2150 1449 2210 verständiget
1493 2152 1638 2212 wird.

967 2301 1238 2361 Krauchthal
1279 2310 1359 2370 und
1388 2317 1605 2377 Kilchberg
1632 2317 1700 2377 bey
1740 2310 1889 2370 Burgd.
1902 2296 1970 2356 sch

985 2396 1029 2456 Es
1060 2397 1164 2457 hatt
1209 2404 1327 2464 zbas
1388 2412 1537 2472 Maria
1581 2413 1701 2473 Gseli
1730 2407 1775 2467 von
1819 2386 1968 2446 Klhbreg
1999 2356 2029 2416 de

968 2489 1031 2549 Ehe
1064 2491 1127 2551 und
1161 2495 1239 2555 deß
1304 2508 1561 2568 beyschlaffet
1577 2511 1673 2571 halb
1705 2504 1752 2564 on
1770 2495 1848 2555 ien
1866 2476 1945 2536 hre
1978 2443 2059 2503 eihe

1764 2600 1786 2660 s

2326 440 2336 500 1

3416 371 3519 431 34.

2439 434 2598 494 Sammel
2641 452 2821 512 Baltherd
2842 460 2907 520 von
2949 465 3056 525 sub,
3077 469 3193 529 welche
3226 472 3299 532 aber
3321 476 3385 536 ihre
3406 481 3524 541 Ehe¬

2424 509 2508 569 ause
2521 518 2593 578 rach
2619 528 2703 588 nicht
2728 543 2972 603 gsatzmäßig
3008 558 3203 618 bescheinigen
3241 569 3374 629 können,
3398 579 3522 639 dahero

2420 605 2590 665 WRHen
2614 614 2675 674 auch
2686 621 2820 681 selbige
2844 634 3086 694 auffgehoben,
3110 644 3183 704 und
3220 652 3329 712 beyde
3353 659 3390 719 in
3414 664 3522 724 Jorige

2420 698 2559 758 freyheit
2590 709 2740 769 gesetzet,
2760 720 2990 780 betreffendt
3029 730 3089 790 dan
3140 735 3210 795 den
3259 743 3438 803 beklagten

2412 785 2639 845 beyschlaff,
2659 798 2781 858 weilen
2829 805 2885 865 der
2924 811 3076 871 Balthers
3104 819 3180 879 schon
3218 824 3360 884 Frunden
3388 832 3483 892 selben

2412 877 2592 937 verneinet,
2611 882 2649 942 Er
2687 885 2762 945 auch
2791 891 2905 951 allhier
2943 899 3057 959 annoch
3086 905 3180 965 dieser
3209 912 3332 972 anklag
3351 917 3380 977 in
3408 920 3503 980 abred

2398 967 2460 1027 ist,
2480 967 2533 1027 alß
2575 970 2638 1030 habe
2658 974 2700 1034 ine
2710 978 2794 1038 gnädigen
2804 983 2898 1043 Herren
2919 989 2992 1049 nach
3013 994 3076 1054 der
3107 999 3263 1059 ordnung
3296 1001 3493 1061 seinethalb

2418 1055 2501 1115 alles
2547 1057 2641 1117 gott
2687 1062 2743 1122 und
2780 1067 2836 1127 der
2863 1072 2938 1132 zeit
2966 1085 3254 1145 heimbgestellt
3282 1092 3348 1152 und
3385 1093 3458 1153 ihne

2417 1147 2509 1207 dieser
2547 1151 2612 1211 sach
2649 1156 2733 1216 halb
2761 1163 2946 1223 liberirt,
2975 1174 3151 1234 Klägerin
3188 1180 3254 1240 aber
3291 1186 3346 1246 alß
3393 1190 3458 1250 auß

2409 1231 2529 1291 seinem
2589 1242 2698 1302 mund
2718 1250 2868 1310 gerichtet
2897 1256 2967 1316 zur
3016 1263 3236 1323 abbüßung
3276 1274 3484 1334 gehalten,

2416 1316 2473 1376 und
2512 1322 2571 1382 sie
2609 1329 2726 1389 anoch
2755 1336 2851 1396 umb
2891 1342 2939 1402 die
2958 1348 3094 1408 Cösten
3133 1362 3462 1422 auffmoderation

2393 1406 2457 1466 hin
2508 1414 2686 1474 verfällt
2711 1425 2762 1485 t.
2776 1437 2828 1497 t.

2398 1571 2854 1631 Großhöchstetten:
2866 1573 3009 1633 Ugfl.
3034 1574 3081 1634 die
3106 1576 3190 1636 Räth
3213 1575 3357 1635 habendt
3381 1569 3514 1629 über¬

2424 1650 2490 1710 Men
2501 1647 2602 1707 gen
2613 1646 2735 1706 ertag
2768 1646 2990 1706 betreffendt
3012 1646 3201 1706 bendlichst
3223 1645 3368 1705 Büchl,
3390 1644 3422 1704 so
3446 1642 3500 1702 alß

2147 1693 2281 1753 Büchl.
2290 1690 2407 1750 Bendih.

2419 1718 2467 1778 Ein
2501 1712 2754 1772 Kündelkindt
2796 1711 2935 1771 allhier
2943 1711 2977 1771 im
3025 1713 3238 1773 Siehenhauß
3288 1717 3501 1777 auferzoget

2151 1757 2345 1817 Schindler

2410 1791 2566 1851 worden,
2597 1783 2817 1843 vorhabende
2858 1781 2993 1841 Ehemit
3026 1780 3151 1840 Benna
3182 1780 3348 1840 Schindler
3391 1778 3453 1838 Ihr

2184 1805 2357 1865 Otrma.

2398 1859 2611 1919 angehörgen
2646 1858 2848 1918 gestattet
2882 1856 3041 1916 anebes
3063 1856 3154 1916 aber
3176 1856 3254 1916 ihme
3266 1856 3492 1916 eingeschepft

2379 1940 2495 2000 weden
2516 1938 2632 1998 soll,
2653 1936 2717 1996 daß
2759 1936 2801 1996 Er
2833 1936 2938 1996 büchti
2971 1936 3108 1996 innert
3129 1936 3245 1996 Jahrs-
3255 1937 3340 1997 fost
3361 1937 3415 1997 sich
3436 1939 3498 1999 umb

2384 2015 2432 2075 hin
2463 2011 2620 2071 heimathe
2639 2009 2788 2069 Rehsim
2826 2011 2954 2071 landt
2985 2013 3142 2073 beterben
3211 2016 3329 2076 solle,
3348 2018 3447 2078 undt

2374 2108 2385 2168 d
2439 2100 2495 2160 Mine
2505 2094 2593 2154 gnädigen
2604 2089 2693 2149 Herren
2704 2086 2781 2146 eine
2814 2086 3111 2146 glaubwürdiger
3133 2088 3221 2148 schein
3242 2090 3330 2150 vorzu
3353 2090 3452 2150 liesen

2367 2188 2514 2248 deßen
2536 2177 2592 2237 Sie
2616 2170 2750 2230 hiemit
2784 2164 2953 2224 berichtet
2976 2162 3156 2222 werdinde,
3167 2161 3224 2221 Ihm
3280 2161 3416 2221 büchlin

2383 2261 2476 2321 auff
2499 2251 2580 2311 wohl
2603 2242 2788 2302 verhalten
2810 2236 2869 2296 hin
2916 2232 3054 2292 Etwan
3101 2229 3180 2289 Ney
3205 2227 3413 2287 Jahrlangen

2381 2336 2462 2396 ohne
2493 2320 2738 2380 Consegienz
2778 2311 2891 2371 hinder
2911 2308 3003 2368 Inen
3065 2305 3309 2365 zugeulder,
3330 2301 3432 2361 undt

2381 2415 2503 2475 fahlt
2529 2408 2565 2468 der
2590 2403 2702 2463 brcht
2750 2394 2913 2454 Inmert
2937 2388 3047 2448 dieser
3073 2383 3147 2443 Zeit
3172 2378 3234 2438 bin
3258 2367 3457 2427 heimathen

2361 2489 2652 2549 Rechterteben
2685 2473 2825 2533 könte,
2857 2467 2868 2527 M
2944 2461 2954 2521 H
3052 2446 3300 2506 denzumahler
3322 2438 3354 2498 zu
3386 2433 3539 2493 verstän¬

2354 2560 2498 2620 idigir,
2520 2552 2652 2612 damit
2663 2546 2785 2606 solches
2808 2542 2884 2602 Nast
2929 2539 2962 2599 zu
3006 2535 3073 2595 dero
3095 2531 3283 2591 Urordnung
3316 2522 3516 2582 vorgetragen

2362 2623 2444 2683 dede
2470 2617 2588 2677 könne
