4032 3024
667 296 744 356 142
773 292 851 352 .

964 351 1338 411 Laupeoßwal
1356 338 1467 398 undt
1488 340 1787 400 Ansoltinge
1825 369 1937 429 He.
1955 401 2088 461 best¬

982 443 1114 503 Beim
1153 433 1245 493 von
1273 424 1628 484 Laupproßhiel
1681 429 1760 489 hat
1773 435 1838 495 sich
1851 447 1997 507 erklärt

641 478 743 538 Seim
770 458 950 518 Lonher.

985 523 1070 583 undt
1098 514 1316 574 angelobt
1364 509 1458 569 seine
1496 509 1743 569 schwanger
1828 523 2037 583 Elßbeth¬

640 557 773 617 Bähler
800 540 960 600 Elßtbech.

963 609 1103 669 Bähles
1128 597 1217 657 von
1254 586 1559 646 Ansoltingen
1621 584 1671 644 zu
1710 590 1874 650 Eheliche
1924 607 2026 667 daher

948 694 1127 754 MeH.n
1140 683 1217 743 Jhan
1243 674 1370 734 solcher
1397 669 1550 729 sambt
1589 668 1654 728 dera
1704 674 1974 734 nbebrucht

982 783 1040 843 alß
1087 770 1216 830 Ehelich
1251 755 1463 815 sutsamen
1487 746 1721 806 bekennt:
1744 749 1863 809 Vndt
1886 759 2015 819 deßen

944 877 1016 937 Su
1030 857 1334 917 nachäcftlich
1363 833 1709 893 verständigen
1737 830 1884 890 wolle.

962 1061 1197 1121 Hattweil
1244 1043 1322 1103 und
1368 1032 1572 1092 Kilchbarg
1603 1028 1650 1088 bey
1698 1028 1791 1088 Jung
1807 1030 1900 1090 dost
1932 1033 2011 1093 be¬

1005 1153 1145 1213 Nachdem
1168 1150 1239 1210 Mein
1251 1146 1345 1206 gnädigen
1356 1142 1449 1202 Herren
1473 1137 1496 1197 so
1519 1133 1613 1193 wohl
1648 1126 1719 1186 den
1742 1113 2010 1173 Matrimoniel

659 1168 827 1228 Würscher
853 1157 959 1217 Maita

987 1238 1035 1298 alß
1063 1226 1296 1286 Consistorial
1344 1216 1489 1276 handel
1556 1207 1721 1267 Müschen
1741 1198 1866 1258 Maria
1905 1184 2030 1244 Würscher

682 1243 821 1303 Mäber
847 1224 974 1284 hanß.

982 1320 1058 1380 Vn
1085 1310 1291 1370 huttveil
1330 1301 1432 1361 undt
1472 1295 1588 1355 Hanß
1639 1283 1781 1343 Webed
1806 1270 1884 1330 Von
1910 1251 2051 1311 Madman

967 1410 1073 1470 Och.
1099 1397 1204 1457 welche
1245 1384 1376 1444 dosige
1415 1367 1654 1427 Ehrbarkeit
1667 1353 1785 1413 under
1811 1342 1865 1402 den
1878 1331 1996 1391 Jahren

961 1480 1269 1540 veshutzeincker
1301 1455 1592 1515 verlanget,
1608 1428 1867 1488 bedautert,
1883 1408 1981 1468 habe
1997 1398 2029 1458 de

984 1559 1167 1619 dieselbe
1195 1549 1223 1609 in
1252 1540 1435 1600 ersehung
1477 1527 1548 1587 der
1576 1513 1788 1573 Ordnung
1830 1492 1900 1552 vor
1914 1479 1985 1539 Ao

974 1642 1049 1702 Ihre
1087 1637 1164 1697 das
1190 1629 1292 1689 Zuhe
1330 1621 1432 1681 Recht
1458 1609 1623 1669 ertheilt,
1648 1596 1751 1656 undt
1776 1581 1904 1641 dieser
1929 1564 2004 1624 Ehre

978 1720 1246 1780 auffgehoben,
1274 1703 1544 1763 betreffendt,
1572 1682 1657 1742 das
1685 1669 1770 1729 Pue
1812 1653 1883 1713 von
1911 1637 1968 1697 der

969 1801 1197 1861 Toürglin
1225 1783 1526 1843 zugefigneten
1554 1763 1696 1823 Kindt
1726 1741 1896 1801 obwohle
1925 1715 1997 1775 Ie

969 1885 1085 1945 solche
1099 1879 1142 1939 in
1156 1872 1316 1932 Shreiffel
1359 1855 1532 1915 gehoren
1576 1837 1706 1897 verden
1721 1819 1865 1879 wollen,
1879 1806 1908 1866 so
1938 1794 2009 1854 sit

978 1970 1062 2030 doch
1094 1962 1213 2022 solche
1246 1953 1397 2013 Jndica
1430 1937 1698 1997 verbanden,
1716 1916 1800 1976 daß
1833 1885 2052 1945 Men

984 2043 1102 2103 Ihne
1119 2037 1202 2097 als
1219 2032 1287 2092 ohn
1304 2027 1473 2087 Ehrlicht
1489 2015 1743 2075 zubekamet,
1760 1997 1828 2057 woil
1862 1971 2013 2031 aberbes

959 2126 1064 2186 kan
1123 2120 1214 2180 und
1245 2119 1304 2179 nit
1335 2118 1380 2178 im
1411 2112 1651 2172 Vermöger
1665 2095 1802 2155 solches
1817 2079 1863 2139 zu
1878 2054 2027 2114 ehalten

960 2209 1031 2269 Alß
1079 2202 1271 2262 habenndt
1294 2197 1472 2257 dieselben
1509 2193 1605 2253 seiet
1616 2186 1724 2246 weyn
1747 2170 1890 2230 fobet,
1915 2146 1986 2206 daß

959 2290 1050 2350 das
1084 2284 1211 2344 Kindt
1244 2281 1325 2341 von
1347 2279 1485 2339 benden
1519 2270 1748 2330 gemeinder
1794 2252 1839 2312 zu
1874 2231 1999 2291 gleicher

972 2368 1101 2428 theilen
1116 2365 1217 2425 nach
1245 2365 1303 2425 der
1346 2363 1549 2423 Eornung
1577 2358 1619 2418 de
1663 2350 1736 2410 Ab
1778 2334 1879 2394 1714
1895 2304 2038 2364 erhalter

970 2453 1061 2513 sein
1114 2447 1297 2507 heimalh
1322 2447 1427 2507 Reht
1440 2447 1545 2507 aber
1584 2444 1623 2504 zu
1676 2427 1884 2487 Kilcheg,
1897 2398 1938 2458 da
1963 2369 2056 2429 der¬

964 2531 1127 2591 Vatter
1143 2527 1272 2587 burger
1304 2528 1419 2588 haben
1451 2530 1580 2590 solle,
1598 2527 1711 2587 Ihne
1743 2510 1890 2570 Abigen
1922 2471 2069 2531 ale¬

3359 392 3442 452 543

2439 439 2501 499 mit
2511 437 2564 497 den
2595 442 2836 502 Delinquenten
2856 455 2930 515 nach
2961 466 3087 526 bemeltes
3108 479 3264 539 Ordnung
3285 487 3494 547 zuverfahren

2422 518 2463 578 da
2491 515 2616 575 Indeße
2645 519 2771 579 beyder
2784 525 2868 585 suh
2882 539 3119 599 abbüeßung
3133 552 3217 612 sundt
3231 559 3384 619 gehalten
3397 559 3525 619 worde.

2444 668 2644 728 Mahleren
2734 670 2767 730 an
2790 673 2846 733 H.
2857 680 3014 740 Pfarhl.
3036 689 3080 749 Es
3115 696 3181 756 habe
3204 701 3282 761 Was
3305 707 3439 767 Christer

2467 747 2591 807 wahlen
2602 745 2682 805 nädien
2693 746 2784 806 Hee
2795 752 2908 812 esicht
2930 758 2988 818 sich
3010 763 3077 823 mit
3090 770 3236 830 Eisabth
3258 773 3507 833 Schweigeber

2131 777 2313 837 Gwahlen
2333 770 2441 830 scheisten

2454 830 2532 890 Von
2557 827 2779 887 Rurgschbey
2805 834 3038 894 verEhrlichen
3065 847 3299 907 zukömen,
3324 857 3506 917 Ehreundt

2139 860 2293 920 Schwein
2313 847 2425 907 Gube

2426 916 2532 976 bevor
2549 912 2629 972 aber
2664 907 2832 967 dieselben
2858 907 2929 967 hier
2947 908 3169 968 hinwilligen
3221 915 3327 975 woll,
3344 919 3424 979 will

2197 913 2378 973 Elßbeth.

2416 994 2516 1054 Ihnen
2541 986 2729 1046 zuwüßen
2742 981 2904 1041 vonälhen
2928 980 3053 1040 sein,
3080 980 3141 1040 was
3166 981 3266 1041 wegen
3279 983 3330 1043 deß
3367 986 3492 1046 Zwchle

2423 1065 2685 1125 ohngewüßen
2722 1057 2888 1117 Sättert
2901 1057 3092 1117 nahmens
3116 1059 3259 1119 bunsch
3282 1064 3414 1124 dorben

2419 1141 2446 1201 in
2482 1136 2535 1196 den
2572 1129 2805 1189 Schordruhts
2823 1126 3030 1186 Manualen
3074 1128 3128 1188 sich
3163 1133 3416 1193 hingescheiben

2416 1212 2623 1272 befindet,
2643 1207 2722 1267 Item
2762 1207 2792 1267 in
2822 1207 2881 1267 den
2900 1207 3020 1267 stauff
3049 1210 3178 1270 Räden
3217 1212 3287 1272 auch
3306 1213 3376 1273 nach
3405 1212 3496 1272 zu¬

2386 1292 2580 1352 gschlagen,
2601 1282 2677 1342 wan
2720 1279 2785 1339 der
2806 1280 2957 1340 zwahlen
2968 1283 3131 1343 gekaufft
3152 1290 3281 1350 werden,
3303 1294 3389 1354 Item

2409 1372 2457 1432 wa
2486 1366 2534 1426 die
2554 1359 2707 1419 Mutter
2726 1357 2784 1417 sich
2813 1360 3092 1420 auffgehalten
3139 1366 3322 1426 dahioder
3341 1366 3351 1426 H

2415 1457 2567 1517 Pfochl
2579 1447 2731 1507 ersucht
2743 1443 2843 1503 wild
2857 1442 2944 1502 diese
2957 1442 3021 1502 lben
3046 1442 3096 1502 in
3108 1444 3210 1504 gnädigen
3222 1444 3324 1504 Herrn
3349 1444 3361 1504 v

2406 1541 2604 1601 fürderlich
2625 1529 2779 1589 müglich
2791 1526 3033 1586 einzusenden,
3055 1528 3121 1588 alß
3165 1529 3220 1589 biß
3242 1531 3351 1591 dahin
3374 1531 3518 1591 dieselben

2396 1632 2452 1692 den
2486 1620 2668 1680 absfrich
2702 1611 2929 1671 verschoben,
2952 1609 2996 1669 da
3043 1609 3201 1669 Indeßer
3212 1609 3246 1669 in
3257 1609 3473 1669 allhiesigen

2400 1706 2613 1766 Mannalis
2640 1696 2714 1756 auch
2739 1694 2828 1754 wird
2865 1689 3130 1749 nachgeschlagen
3155 1685 3308 1745 werder.

2368 1879 2626 1939 Afolteren
2659 1871 2702 1931 im
2755 1866 2950 1926 Einnenthal
2972 1863 3068 1923 undt
3089 1861 3241 1921 Seebery
3263 1858 3316 1918 sep
3359 1856 3435 1916 von

2437 1967 2499 2027 der
2530 1958 2758 2018 Ehebarhet
2809 1950 2840 2010 zu
2891 1945 3099 2005 Gefoltern
3119 1939 3182 1999 und
3192 1937 3254 1997 Mein
3264 1933 3347 1993 gnädigen
3357 1929 3452 1989 Herren

2131 1965 2290 2025 Greutter
2307 1954 2405 2014 Wertan

2131 2031 2292 2091 Gerütter
2315 2014 2408 2074 Mosi¬

2407 2048 2585 2108 berichtet
2615 2038 2765 2098 worden,
2784 2032 2916 2092 welcher
2945 2026 3162 2086 gestallter
3199 2019 3331 2079 Georna
3370 2010 3520 2070 Grütter

2391 2129 2464 2189 Von
2501 2122 2611 2182 allda
2666 2117 2694 2177 so
2712 2113 2886 2173 Ehedeßen
2915 2109 3016 2169 Zley
3043 2102 3254 2162 ohnEheliche
3282 2090 3419 2150 Kinder

2392 2205 2596 2265 gezeuget
2624 2198 2732 2258 Wol,
2746 2195 2827 2255 Inn
2867 2194 2964 2254 undt
2991 2190 3072 2250 nach
3099 2186 3154 2246 der
3181 2178 3357 2238 Geißt
3371 2168 3439 2228 Ihr

2399 2290 2473 2350 zur
2495 2284 2591 2344 welt
2613 2278 2805 2338 gebohrnes
2837 2274 2955 2334 Kindt
2976 2270 3351 2330 undergnugsamme
3372 2263 3532 2323 Eami¬

2392 2358 2536 2418 nation
2608 2345 2895 2405 zugeeignet
2920 2347 3039 2407 haben,
3076 2348 3172 2408 Waß
3232 2343 3423 2403 Greuffer

2404 2434 2525 2494 Einem
2645 2431 2837 2491 Ehemann
2888 2429 2967 2489 von
2998 2428 3190 2488 Seeberg,
3209 2424 3340 2484 welcher
3360 2420 3441 2480 aber
