4032 3024
655 299 801 359 1449

681 1251 819 1311 Gloor
832 1243 971 1303 Anna.

677 1331 828 1391 Rodolff
858 1324 980 1384 Rodol.

713 1916 846 1976 Ml.

989 344 1127 404 Vinser
1161 331 1350 391 anklegt
1384 319 1575 379 gäntzlich
1609 325 1834 385 verneinen,
1851 362 2039 422 beyselhe

1007 421 1274 481 bekantnuß
1323 407 1416 467 nun
1450 403 1608 463 wollen
1654 409 1844 469 menHeren
1859 444 2048 504 Genauhte

962 513 1126 573 1tragen
1155 505 1278 565 haben
1346 493 1498 553 beyder
1525 489 1567 549 im
1608 492 1911 552 Purgations-
1924 520 2034 580 lite

974 601 1074 661 und
1102 598 1160 658 der
1174 589 1432 649 lichtigkeit
1462 580 1676 640 deßelben
1720 581 1820 641 wohl
1848 597 2064 657 undtgand¬

992 693 1061 753 lich
1083 682 1366 742 underachten
1457 669 1581 729 undt
1605 669 1820 729 nachlert
1842 683 2057 743 untnötigen

996 778 1154 838 bericht
1181 770 1207 830 so
1233 765 1325 825 wohl
1364 760 1470 820 Ihrer
1497 757 1826 817 empfangenen
1865 771 2063 831 Instrution

994 876 1072 936 alß
1110 859 1306 919 habenden
1331 847 1604 907 Lrümbdens
1643 847 1748 907 Von
1773 850 1864 910 heit
1889 856 1981 916 über

993 954 1229 1014 Beywochen
1256 937 1466 997 herhalten
1493 936 1535 996 zu
1562 944 1756 1004 laßen.

965 1146 1153 1206 Koitz.
1177 1141 1303 1201 Welen
1352 1139 1478 1199 Anna
1529 1136 1679 1196 Glovo
1716 1132 1817 1192 Ihre
1842 1123 2042 1183 angehönget

995 1229 1105 1289 welche
1141 1215 1202 1275 der
1214 1207 1630 1267 schwängerunghalb
1679 1207 1898 1267 Beklaget
1924 1196 2057 1256 Rodeht

1002 1321 1176 1381 Rodolff,
1188 1309 1224 1369 so
1247 1305 1329 1365 vor
1352 1301 1457 1361 diesem
1528 1298 1608 1358 deß
1679 1291 1900 1351 Freylubel
1923 1276 2065 1336 Korbe¬

978 1408 1111 1468 Kncht
1145 1394 1311 1454 gewesen
1433 1386 1488 1446 bey
1521 1383 1632 1443 einer
1655 1375 1821 1435 Mutter
1843 1364 1876 1424 zu
1910 1347 2066 1407 lastarffe

984 1498 1165 1558 Kiechsein
1201 1484 1359 1544 thurnen
1394 1474 1660 1534 Kundtsligen
1684 1464 1818 1524 vill,
1841 1456 1902 1516 alß
1938 1442 2058 1502 habente

989 1589 1167 1649 MHH.e
1192 1582 1240 1642 die
1288 1577 1491 1637 benötigte
1527 1570 1837 1630 Gemißtliche
1874 1551 2066 1611 Gaminatos

993 1670 1082 1730 nach
1112 1666 1292 1726 Thurner
1306 1661 1588 1721 überschieben
1648 1657 1844 1717 laßen.

990 1853 1222 1913 Phulnen.
1255 1858 1320 1918 Sie
1339 1858 1488 1918 deßen
1536 1851 1753 1911 berichten
1820 1835 1885 1895 die
1902 1823 2018 1883 dbor

973 1939 1008 1999 in
1042 1941 1101 2001 der
1124 1943 1276 2003 geüßt
1299 1945 1544 2005 Examinire
1580 1938 1673 1998 nach
1708 1928 1767 1988 der
1790 1911 1965 1971 Ordnuch,
1988 1888 2034 1948 und

949 2036 1172 2096 Mendge
1243 2034 1257 2094 r
1285 2032 1440 2092 ußdag
1482 2024 1720 2084 berichten
1776 2005 1819 2065 zu
1847 1987 1987 2047 laßen,
2000 1962 2058 2022 so.

964 2125 1129 2185 leßen
1218 2125 1307 2185 aber
1332 2122 1523 2182 dieselben
1562 2101 1919 2161 zuverständiger
1956 2053 2060 2113 os¬

962 2210 1112 2270 disem
1170 2218 1397 2278 Rudolff
1417 2216 1491 2276 ihin
1531 2208 1663 2268 bott
1681 2182 1910 2242 deßhalb
1947 2138 2042 2198 ee

972 2299 1235 2359 Damitthest
1263 2308 1368 2368 aber
1407 2310 1514 2370 auff
1527 2306 1633 2366 ihne
1660 2290 1858 2350 Rudolff
1899 2250 2030 2310 achter

967 2383 1082 2443 auff
1098 2391 1298 2451 betatten
1331 2394 1529 2454 einsehen
1646 2379 1694 2439 zu
1727 2360 1893 2420 laßen,
1927 2330 1975 2390 nd
1994 2307 2058 2367 der

967 2479 1051 2539 herh
1078 2480 1134 2540 n
1148 2482 1258 2542 gnädigen
1274 2483 1384 2543 Heren
1412 2477 1804 2537 rißendtmahre:

3414 402 3439 462 2

2444 451 2609 511 Lengg.
2620 451 2718 511 Wil
2740 451 2772 511 ln
2806 454 2849 514 ine
2871 456 2948 516 nädigen
2959 461 3036 521 Herrn
3057 470 3233 530 vorgelisen
3288 492 3550 552 Authentischer

2163 523 2315 583 Honset
2339 511 2434 571 Peter

2508 530 2690 590 Attestati
2723 533 2786 593 von
2819 536 2905 596 herren
2915 543 3087 603 ppfarhrr
3108 550 3206 610 Studer
3227 553 3291 613 von
3323 559 3474 619 Saanen

2167 597 2351 657 Gruninge,
2364 583 2456 643 Mana

2471 611 2526 671 ter
2548 611 2658 671 Mana
2702 614 2912 674 Grüningen
2934 616 3011 676 von
3032 619 3132 679 allda
3187 628 3386 688 verhabende
3397 633 3452 693 Ehr

2158 681 2274 741 Rith.
2290 668 2437 728 Elstbe.

2468 682 2512 742 nit
2535 685 2636 745 Pheter
2669 689 2816 749 Gonsek
2861 692 2940 752 Ihren
2951 697 3154 757 angehörger
3187 698 3266 758 ohne
3289 700 3480 760 Opposition

2439 767 2631 827 gewohnter
2651 769 2853 829 formbnach
2873 773 3084 833 weymahl
3114 778 3326 838 verbündet
3356 779 3476 839 worden

2446 851 2509 911 Alß
2535 853 2687 913 Zollant
2724 853 2877 913 MeHern
2902 854 2927 914 ir
2940 856 3142 916 angesamen
3180 859 3281 919 haben,
3294 862 3358 922 den
3383 866 3561 926 Gauseh,

2447 939 2556 999 fahls
2580 937 2630 997 Sie
2654 935 2753 995 keine
2777 934 2997 994 weigerunge
3021 934 3168 994 grundt
3192 937 3327 997 derwide
3351 940 3474 1000 hätten

2439 1015 2648 1075 freymahl
2684 1015 2902 1075 verbünden
2937 1017 3019 1077 und
3046 1018 3137 1078 dieser
3173 1019 3228 1079 Ehe
3255 1020 3300 1080 ein
3319 1021 3428 1081 seynen

2457 1091 2735 1151 zulaßen.
2783 1088 2911 1148 Undt
2934 1090 3062 1150 wilen
3085 1091 3236 1151 Elstbeh
3259 1094 3387 1154 Rüth.
3410 1097 3491 1157 von

2449 1169 2628 1229 Ersingen
2723 1163 2817 1223 eine
2850 1165 3028 1225 ehefrauw
3070 1167 3155 1227 Ihne
3186 1171 3333 1231 Geiseth
3354 1173 3493 1233 deß¬

2436 1254 2689 1314 beyschlaafft
2724 1249 2941 1309 beklaget,
2953 1251 3026 1311 alß
3073 1254 3181 1314 weder
3206 1258 3302 1318 Ihne
3337 1259 3543 1319 auffgetragen

2421 1346 2604 1406 dieselben
2630 1337 2696 1397 vor
2722 1336 2788 1396 die
2827 1335 2957 1395 halten
2996 1336 3037 1396 zu
3062 1336 3247 1396 laßen.

2446 1423 2524 1483 NB.
2535 1421 2589 1481 Sie
2600 1420 2656 1480 ist
2678 1420 2988 1480 zurabbüeßung
3010 1418 3165 1478 gehalten
3187 1414 3321 1474 werden,

2409 1546 2640 1606 Morec.
2654 1541 2844 1601 MeH.
2859 1537 3007 1597 hebrend,
3035 1534 3104 1594 wad
3130 1534 3199 1594 Ihr
3225 1532 3470 1592 vidermalige

2434 1630 2612 1690 Procedics
2646 1626 2848 1686 betreffend
2881 1623 2937 1683 die
2971 1621 3061 1681 von
3105 1618 3162 1678 der
3184 1616 3307 1676 Cother
3340 1613 3452 1673 Eugen

2156 1642 2270 1702 sugnus
2282 1637 2385 1697 Eter

2436 1709 2494 1769 von
2534 1709 2710 1769 Ferveire
2760 1705 2945 1765 geklagte
2985 1700 3180 1760 Violation
3240 1697 3328 1757 wohl
3348 1699 3504 1759 erhalten

2141 1719 2280 1779 olomb
2303 1712 2403 1772 Plene

2419 1790 2458 1850 Es
2487 1789 2585 1849 sindt
2604 1787 2673 1847 aber
2702 1784 2849 1844 darinn
2868 1780 2967 1840 solche
2986 1774 3221 1834 umbständt
3250 1773 3476 1833 Enthalten,

2415 1869 2438 1929 be
2461 1867 2520 1927 Min
2532 1865 2625 1925 gnädigen
2637 1862 2729 1922 Herren
2753 1860 2799 1920 nch
2822 1858 2881 1918 mit
2904 1858 2998 1918 gnug
3021 1855 3197 1915 erheiteret
3220 1853 3430 1913 anscheinen

2393 1965 2463 2025 alß
2498 1955 2696 2015 wollendt
2731 1946 2895 2006 dieselben
2943 1943 3000 2003 Sie
3012 1942 3246 2002 angesamen
3292 1939 3422 1999 haben

2401 2048 2462 2108 den
2496 2041 2628 2101 Viere
2662 2032 2828 2092 Collomib
2854 2028 2880 2088 in
2897 2023 3133 2083 geneuteren
3220 2018 3317 2078 über
3334 2017 3421 2077 seine

2406 2125 2567 2185 gethane
2620 2108 2877 2168 Depositionen
2898 2100 2942 2160 zu
2963 2094 3177 2154 vernemmen,
3210 2089 3262 2149 wie
3274 2087 3348 2147 auch
3371 2086 3423 2146 den

2416 2207 2450 2267 so
2461 2197 2656 2257 genanten
2689 2186 2837 2246 Teodor
2861 2180 3055 2240 Avengle
3077 2174 3215 2234 d'estoy
3249 2169 3283 2229 in
3294 2163 3409 2223 seiner

2402 2282 2594 2342 Kußang
2614 2266 2827 2326 anzuhören
2868 2258 2959 2318 undt
2989 2254 3050 2314 das
3081 2245 3405 2305 heraußkommende

2380 2379 2404 2439 Me
2439 2369 2607 2429 ngden
2632 2362 2667 2422 n
2679 2360 2751 2420 dero
2776 2353 2933 2413 freier
2956 2346 3184 2406 Verordnung
3208 2336 3471 2396 züberschreiben
