4032 3024
626 304 703 364 546
734 306 795 366 f.

917 385 1116 445 Aecul
1151 371 1200 431 an
1251 359 1433 419 Mehel
1517 349 1582 409 deß
1634 350 1799 410 Goßen
1816 367 2033 427 Schwehlse

964 463 1220 523 Directori.
1259 448 1426 508 Weilen
1502 442 1618 502 laut
1644 445 1901 505 einkommenen
1939 466 2041 526 beigt

972 551 1058 611 von
1096 544 1157 604 den
1182 536 1331 596 Kirchen
1343 526 1554 586 Eltesten
1642 525 1963 585 deßundesten

646 553 840 613 Wagner
851 545 955 605 Maria

932 645 1053 705 statt
1092 630 1317 690 Quartiers
1354 618 1412 678 die
1449 612 1590 672 Maria
1656 608 1853 668 Magued
1882 611 1920 671 in

938 731 1059 791 Ihren
1130 711 1564 771 ohnverbeßerlichen
1625 704 1672 764 S.
1684 703 1733 763 h.
1757 703 1877 763 Luan
1913 705 2045 765 Wandel

947 830 1128 890 Immehin
1157 817 1434 877 fortfahret,
1447 808 1531 868 alß
1560 804 1643 864 habe
1657 799 1726 859 Mine
1740 797 1851 857 gnädigen
1864 792 1963 852 Herre
1990 791 2033 851 Se¬

959 947 1034 1007 fur
1076 935 1141 995 ein
1183 925 1279 985 jahr
1312 916 1409 976 lang
1440 912 1472 972 in
1505 908 1568 968 die
1612 901 1867 961 Spinstuber
1900 894 2017 954 Erbent

955 1049 1102 1109 deßen
1133 1034 1191 1094 Eie
1220 1025 1309 1085 Me
1338 1016 1456 1076 Hen
1472 1008 1619 1068 hiemit
1648 998 1944 1058 verständiget
1959 989 2017 1049 und

962 1132 1071 1192 anbey
1084 1124 1303 1184 freundtlich
1325 1109 1589 1169 angesonnen
1667 1089 1853 1149 Verdindt
1887 1078 1964 1138 die

997 1223 1191 1283 Magner
1224 1209 1374 1269 dorten
1417 1194 1643 1254 anemmen,
1664 1182 1782 1242 undt
1815 1170 1901 1230 zue
1911 1160 2029 1220 arbeit

964 1314 1141 1374 anhalten
1182 1295 1496 1355 zulaßen.

930 1513 1058 1573 Sedul
1129 1504 1143 1564 n
1214 1497 1286 1557 nn
1300 1491 1399 1551 Hre
1427 1481 1583 1541 Spitahl
1627 1465 1881 1525 Wrwalter
1925 1447 2052 1507 Weger

955 1609 1015 1669 zu
1043 1603 1131 1663 wohl
1160 1595 1336 1655 vedents
1351 1587 1469 1647 stoaff
1513 1576 1660 1636 habente
1689 1558 1865 1618 Meen
1879 1539 1939 1599 die

702 1639 831 1699 obsle

952 1690 1321 1750 ohnverbeßerliche
1378 1677 1505 1737 Maria
1562 1659 1747 1719 Wagner
1781 1630 1919 1690 neben

961 1775 1238 1835 Empsahung
1256 1771 1312 1831 vo
1348 1763 1535 1823 strichen
1571 1752 1607 1812 in
1645 1741 1738 1801 dem
1774 1712 2014 1772 Schwigtho

965 1874 1109 1934 Annoch
1140 1870 1227 1930 für
1256 1868 1315 1928 fin
1343 1863 1445 1923 Jahr
1474 1856 1592 1916 lang
1620 1847 1663 1907 in
1693 1838 1751 1898 die
1781 1815 2027 1875 Shinsteiben

965 1974 1140 2034 Erkent,
1174 1976 1332 2036 deßen
1349 1974 1386 2034 er
1438 1969 1509 2029 dn
1526 1962 1649 2022 Hrr
1667 1946 1842 2006 Schoahl
1859 1915 2051 1975 bebelten

965 2065 996 2125 zu
1039 2069 1227 2129 behöriger
1268 2047 2042 2107 Executions-veranstaltung¬

969 2161 1121 2221 hiemit
1162 2159 1468 2219 verständiget
1508 2149 1647 2209 werden
1690 2137 1773 2197 mit
1800 2116 1966 2176 gesiumen

972 2248 1057 2308 nach
1099 2252 1412 2312 Verfließung
1439 2246 1596 2306 obigen
1625 2231 1837 2291 Ttermons
1865 2204 2007 2264 Masss

961 2339 1043 2399 den
1090 2341 1243 2401 bericht
1289 2338 1594 2398 abzustatten
1664 2323 1723 2383 lie
1758 2310 1828 2370 Sie
1840 2297 1899 2357 sich
1922 2282 1958 2342 in

955 2432 1071 2492 dieser
1104 2431 1201 2491 Zeth
1220 2432 1269 2492 in
1301 2433 1368 2493 der
1401 2432 1682 2492 Spinsßuber
1731 2400 2028 2460 auffgefehrte

3414 403 3427 463 2
3472 411 3532 471 l.

2420 433 2529 493 Wis
2555 435 2732 495 Richtes,
2759 448 2921 508 demnach
2936 459 3003 519 sich
3016 464 3071 524 vor
3085 477 3329 537 außgestellet
3355 484 3437 544 gese

2137 537 2302 597 Rütsch.
2332 523 2424 583 Jaft.

2455 512 2561 572 Maria
2594 517 2743 577 Salome
2806 532 2965 592 Rüetschi
2987 543 3039 603 mit
3062 554 3232 614 beysandt
3252 561 3327 621 Herrn
3337 563 3509 623 Spilohl¬

2466 592 2575 652 chiebet
2601 594 2661 654 Ihrs
2673 596 2722 656 H.
2748 603 2881 663 Vatters
2895 612 2980 672 undt
3004 619 3079 679 H.
3103 626 3250 686 Frechfrach
3274 630 3446 690 Scheideneich

2215 625 2313 685 Mara
2328 616 2441 676 Salamit

2473 686 2662 746 Gehenders
2687 684 2782 744 undt
2805 687 2877 747 nit
2888 691 2960 751 und
2985 696 3031 756 der
3043 709 3340 769 schwängerung,
3364 716 3495 776 sondern

2132 730 2245 790 Hetzog
2257 713 2308 773 H.
2332 702 2458 762 Samul.

2450 772 2533 832 auch
2546 767 2685 827 deyloch
2728 769 2950 829 Vorgelesene
2979 785 3312 845 Ehevessplochung
3340 796 3367 856 de
3396 799 3506 859 datis

2437 866 2518 926 10.
2529 864 2575 924 24
2621 862 2748 922 feb.
2759 862 2793 922 et
2817 862 2862 922 9.
2884 863 2965 923 Man
3000 864 3058 924 alß
3092 867 3150 927 deß
3184 870 3275 930 1726
3311 875 3391 935 Jahre
3402 880 3541 940 geklagt

2435 947 2473 1007 an
2485 944 2547 1004 Hl.
2573 941 2722 1001 Sammel
2761 942 2912 1002 herzog,
2924 945 3050 1005 welcher
3062 949 3137 1009 auch
3149 951 3174 1011 so
3200 954 3287 1014 wohl
3312 958 3375 1018 das
3388 961 3514 1021 Eent¬

2434 1027 2495 1087 alß
2531 1025 2592 1085 das
2615 1025 2749 1085 andere
2786 1027 2979 1087 gestanden
3040 1030 3101 1090 sich
3113 1033 3197 1093 aber
3222 1036 3282 1096 dem
3319 1040 3427 1100 willen

2416 1117 2620 1177 MedgeH
2631 1114 2767 1174 Docton
2780 1114 2882 1174 seinß
2905 1114 2973 1174 H.
2996 1114 3143 1174 Wattes
3167 1117 3280 1177 hiereim
3302 1117 3360 1177 sich
3393 1120 3507 1180 völlig

2422 1200 2461 1260 zu
2482 1195 2701 1255 underzeihen
2722 1195 2872 1255 erklärt
2902 1196 2972 1256 HH.
2991 1199 3131 1259 Doctor
3161 1201 3261 1261 dann
3291 1199 3361 1259 von
3381 1198 3471 1258 allen

2426 1279 2535 1339 dieser
2560 1277 2633 1337 Ihm
2668 1276 2729 1336 sehr
2753 1276 2996 1336 verdirstliche
3032 1276 3116 1336 undt
3142 1280 3407 1340 Empfindtlichen

2427 1363 2672 1423 umbständen
2721 1361 2856 1421 nichts
2880 1362 2979 1422 gewuß
3027 1364 3162 1424 zuhaben
3186 1367 3420 1427 protestirt

2423 1449 2865 1509 dieminderJährigkeit
2888 1450 2991 1510 seirst
3013 1451 3126 1511 Sohns
3161 1453 3263 1513 durch
3274 1453 3467 1513 vorlesung

2423 1536 2529 1596 seines
2554 1535 2826 1595 Tauffhedulß
2874 1535 2909 1595 de
2957 1537 3051 1597 dato
3076 1535 3147 1595 27.
3159 1534 3290 1594 May.
3302 1531 3373 1591 172

2412 1627 2573 1687 klarlich
2585 1622 2721 1682 erliesen
2796 1621 2895 1681 mitt
2908 1621 2944 1681 hie
2969 1622 3019 1682 sich
3044 1623 3168 1683 lediglich
3180 1624 3255 1684 auf
3304 1625 3366 1685 Men

2411 1712 2487 1772 undt
2508 1710 2552 1770 1.
2574 1706 2791 1766 Gesatzundt
2813 1703 2899 1763 Ihme
2933 1702 3073 1762 dieolter
3096 1700 3215 1760 Andern
3248 1697 3411 1757 Wätteren

2395 1798 2547 1858 daduch
2563 1794 2706 1854 ertheilte
2766 1790 2917 1850 gewalt
2951 1786 3102 1846 bezogen
3211 1783 3313 1843 seiner
3338 1783 3422 1843 Sohn

2400 1887 2560 1947 koafft
2573 1878 2762 1938 deßelben
2841 1868 2961 1928 under
2989 1864 3055 1924 den
3082 1861 3202 1921 Jahren
3230 1855 3417 1915 zuzeüchen

2411 1970 2619 2030 declariet
2638 1959 2748 2019 undt
2777 1954 2886 2014 auff
2916 1951 3035 2011 deßen
3064 1949 3301 2009 liberation
3352 1948 3430 2008 von

2408 2048 2537 2108 obiges
2560 2046 2619 2106 Ehe
2653 2042 2924 2102 versprechung
2960 2035 3194 2095 geschloßen.
3219 2029 3323 2089 Wir
3335 2023 3478 2083 nach¬

2403 2151 2541 2211 fucht
2553 2143 2654 2203 loße
2691 2134 2892 2194 terltieter
2931 2128 3156 2188 betragung
3193 2127 3243 2187 der
3269 2126 3444 2186 Partheyn

2406 2244 2475 2304 die
2498 2229 2785 2289 gestaltsamme
2820 2222 2877 2282 der
2888 2222 2957 2282 sach
2992 2222 3210 2282 erdauitoret
3233 2224 3324 2284 über
3360 2225 3463 2285 alleß

2388 2331 2452 2391 tos
2474 2326 2539 2386 vnß
2582 2322 2636 2382 diß
2668 2317 2798 2377 Goths
2819 2314 3069 2374 vorgebracht
3090 2314 3219 2374 worden
3262 2318 3512 2378 reflectiret.

2387 2414 2604 2474 Demenach
2638 2407 2673 2467 zu
2718 2405 2960 2465 Rohterbeit
2994 2404 3097 2464 undt
3108 2402 3188 2462 mit
3211 2398 3440 2458 Einhäligen

2400 2500 2512 2560 mehr
2536 2493 2786 2553 befunden,
2798 2492 2873 2552 daß
2924 2491 3096 2551 obwohlen
3135 2486 3358 2546 Vonsithen
3384 2480 3433 2540 der
