4032 3024
651 301 834 361 148l.

816 2549 895 2609 NB.

982 334 1078 394 Istr
1112 325 1305 385 Bürtsche.
1321 319 1416 379 dise
1434 319 1513 379 mit
1529 319 1595 379 der
1611 320 1722 380 Cacus
1756 330 1868 390 Legio
1883 344 1997 404 husen

981 426 1187 486 vermeint
1213 416 1323 476 werden
1350 409 1486 469 wollen
1514 409 1678 469 under
1691 417 1856 477 anderen
1883 436 2005 496 weihe

971 521 1037 581 die
1065 510 1385 570 schwängerung
1427 500 1587 560 darbey
1626 500 1747 560 undt
1775 504 1854 564 also
1867 513 1975 573 dieses

976 616 1061 676 sud
1086 610 1197 670 eine
1258 605 1294 665 re
1332 598 1552 658 etanimo
1590 593 1872 653 vollzogene
1934 604 1994 664 Ehe

981 704 1190 764 zuhalten
1205 693 1296 753 seyn
1348 687 1467 747 über
1505 685 1584 745 das
1624 685 1703 745 H.
1729 686 1887 746 Doctor
1914 693 2072 753 Erzeg¬

983 804 1052 864 die
1086 787 1350 847 anderthalb
1395 779 1555 839 Jährige
1612 781 1956 841 frequentation

983 885 1120 945 seineß
1170 874 1308 934 Sohns
1345 871 1470 931 gegen
1532 869 1620 929 die
1657 868 1733 928 Jgs
1795 867 1996 927 Kürtschen.

979 977 1053 1037 mit
1073 972 1157 1032 wohl
1209 966 1292 1026 habe
1345 957 1597 1017 Ignorism,
1638 950 1805 1010 hiemit
1826 950 1857 1010 in
1889 950 2004 1010 zethen

979 1070 1093 1130 hätte
1145 1050 1384 1110 verhinderen
1404 1041 1550 1101 sollen,
1581 1036 1779 1096 dennoch
1810 1032 1882 1092 aber
1904 1028 2007 1088 undt

977 1154 1048 1214 die
1059 1150 1162 1210 veile
1213 1144 1285 1204 H.
1306 1139 1470 1199 Doctor
1511 1132 1665 1192 herzog
1706 1126 1809 1186 auff
1840 1121 1902 1181 das
1923 1117 2014 1177 Klam

973 1239 1177 1299 Absolute
1207 1234 1321 1294 undt
1351 1227 1679 1287 osnlimitirte
1729 1211 1913 1271 Gesatz
1923 1199 2015 1259 undt

961 1328 1123 1388 Prasein
1183 1316 1467 1376 quotidienam
1537 1308 1598 1368 sich
1649 1301 1841 1361 lediglich
1870 1290 2054 1350 bezogen,

980 1425 1048 1485 die
1082 1407 1402 1467 frequentation
1436 1397 1824 1457 undtumbgang
1857 1386 1972 1446 seines

982 1507 1107 1567 Sohns
1132 1502 1232 1562 mit
1271 1498 1359 1558 Igst
1396 1492 1597 1552 Rürtsch.
1622 1482 1798 1542 gäntzlich
1835 1466 1999 1526 sgnorirt

997 1591 1169 1651 zuheben
1208 1585 1262 1645 in
1274 1580 1513 1640 gegenwort
1553 1573 1631 1633 deß
1697 1564 1882 1624 Richters
1910 1555 1976 1615 der

994 1681 1322 1741 Pfarthegunder
1372 1672 1511 1732 Augen
1549 1666 1802 1726 behaubtet,
1814 1659 1889 1719 das
1916 1651 2068 1711 ohnseihe

975 1777 1113 1837 Allter
1138 1771 1261 1831 dann
1313 1769 1399 1829 der
1438 1769 1537 1829 Jesto
1574 1767 1763 1827 Pürtschen,
1775 1762 1812 1822 se
1837 1755 1925 1815 über
1938 1743 2024 1803 Sehr

962 1858 1057 1918 Jahr
1083 1858 1205 1918 Elter
1231 1859 1299 1919 ist
1326 1858 1394 1918 alß
1434 1856 1516 1916 H.
1542 1852 1705 1912 Hertoy,
1732 1841 1827 1901 Ihre
1853 1828 1935 1888 auch
1948 1815 2015 1875 gar

966 1943 1041 2003 mit
1066 1943 1117 2003 zu
1142 1945 1318 2005 gunsten
1370 1949 1583 2009 dienstetc.
1595 1947 1633 2007 so
1659 1942 1772 2002 solte
1798 1931 1873 1991 H.
1898 1910 2024 1970 Saauel

978 2040 1116 2100 herzog
1153 2038 1216 2098 der
1241 2038 1303 2098 Ehe
1317 2038 1617 2098 versprachung
1654 2029 1742 2089 halb
1779 2012 1880 2072 Von
1931 1986 1980 2046 der

955 2139 1151 2199 Klegern
1215 2134 1398 2194 befreyet
1451 2131 1569 2191 mitt
1594 2126 1647 2186 hin
1686 2119 1752 2179 der
1790 2104 1869 2164 H.
1882 2081 2012 2141 Dator

970 2224 1046 2284 das
1077 2224 1200 2284 Eug.
1231 2224 1339 2284 Recht
1370 2221 1493 2281 gegen
1524 2213 1663 2273 seinen
1678 2201 1786 2261 Sohn
1817 2178 1956 2238 erhät
1971 2146 2080 2206 se¬

961 2311 1089 2371 laen
1127 2313 1201 2373 der
1219 2315 1349 2375 Sohn
1385 2315 1459 2375 deß
1515 2301 1808 2361 beyschlafft
1829 2256 2012 2316 belauh

952 2405 989 2465 so
1002 2405 1115 2465 solte
1152 2405 1252 2465 Ihme
1278 2404 1340 2464 das
1365 2402 1490 2462 Kindt
1541 2395 1629 2455 Von
1654 2386 1742 2446 nun
1767 2376 1804 2436 an
1843 2362 1929 2422 alst
1942 2340 2055 2400 ohrlht

956 2479 1281 2539 zubekentsein.
1306 2476 1381 2536 Alß
1431 2471 1643 2531 Mirnm:
1669 2460 1781 2520 pas.
1806 2447 1856 2507 8.
1881 2420 2070 2480 Corrobort.

962 2569 1002 2629 l.
1015 2566 1057 2626 11
1083 2564 1231 2624 Junui.
1260 2566 1368 2626 dieser
1394 2565 1571 2625 anhang,
1597 2561 1624 2621 so
1652 2546 1908 2606 understreichen,
1921 2512 1976 2572 ist
1990 2492 2045 2552 eor

952 2638 1083 2698 Meg
1228 2644 1241 2704 e
1294 2645 1307 2705 r
1332 2647 1373 2707 r
1398 2647 1464 2707 auß
1477 2643 1648 2703 zulaßen
1675 2630 1793 2690 erkent
1818 2611 1912 2671 worden
1925 2594 1963 2654 de
1991 2580 2004 2640 3
2029 2564 2070 2624 b.

3424 397 3483 457 549

2205 437 2378 497 1Hliber

2435 421 2498 481 Soll
2525 425 2697 485 Johanneß
2743 434 2897 494 Ottliker
2924 441 2951 501 so
2969 444 3041 504 laut
3069 452 3268 512 einkommenen
3340 459 3449 519 bericht
3467 461 3512 521 von

2239 495 2415 555 Johanneß.

2437 497 2592 557 MuhgHn
2601 497 2640 557 der
2659 502 2872 562 Burgersammer
2891 507 2950 567 mit
2960 512 3047 572 Eines
3076 520 3318 580 WeitsPpersohne
3337 524 3511 584 schallhier

2430 575 2670 635 ohnsoppalirt
2682 578 2846 638 befindet
2871 584 2947 644 auff
2959 593 3148 653 künfftigen
3174 598 3312 658 Montag
3351 599 3451 659 Wirt

2424 654 2573 714 werden:

2428 770 2476 830 H.
2488 772 2536 832 Es
2574 774 2622 834 hat
2646 775 2743 835 Ihwar
2767 777 2853 837 Jeam
2901 778 3010 838 Henr
3048 781 3144 841 Cavin
3181 782 3205 842 Hu
3241 784 3339 844 Greff
3363 788 3522 848 gebehrn,

2133 847 2230 907 Cavin
2251 837 2327 897 Jean
2358 832 2434 892 Hon¬

2464 859 2497 919 Me
2519 856 2690 916 ngner
2723 856 2769 916 nb
2803 857 3018 917 bewilligung
3053 863 3290 923 nachgeworben
3323 863 3381 923 sich
3392 861 3471 921 mit

2135 918 2288 978 Cevalley
2323 905 2443 965 Mar¬

2467 941 2700 1001 Marquenthe
2730 938 2911 998 Cherallen
2952 942 3013 1002 von
3033 946 3195 1006 Saauer
3225 946 3447 1006 verfhrlicher

2189 969 2386 1029 querithe

2423 1020 2459 1080 zu
2486 1018 2650 1078 köämen,
2669 1018 2787 1078 weiler
2814 1018 2860 1078 Sie
2878 1018 2960 1078 aber
2987 1019 3078 1079 beine
3106 1018 3396 1078 heimathschenne

2419 1093 2494 1153 auff
2515 1092 2646 1152 zulisen
2667 1091 2797 1151 hatten,
2818 1091 2871 1151 alß
2905 1093 2990 1153 sindt
3002 1091 3132 1151 selbige
3164 1090 3272 1150 dahin
3304 1086 3444 1146 geleisen

2420 1171 2520 1231 solche
2542 1171 2676 1231 beworde
2698 1169 2753 1229 Min
2765 1168 2853 1228 gnädigen
2876 1166 2954 1226 Herre
2976 1163 3219 1223 wehrscheinlich
3254 1160 3464 1220 zumachen

2430 1243 2617 1303 undtselbe
2654 1241 2965 1301 vtorzulegen.

2457 1382 2523 1442 Vas
2545 1378 2779 1438 Einkommene,
2790 1379 2935 1439 schreiben
2968 1379 3046 1439 von
3068 1379 3135 1439 Hr.
3157 1376 3336 1436 Poedicant
3358 1369 3446 1429 Dind

2154 1417 2238 1477 Dind
2251 1420 2321 1480 H.
2336 1420 2434 1480 Pfar¬

2435 1457 2488 1517 von
2515 1456 2740 1516 Resudens,
2766 1458 2981 1518 betreffendt
2999 1457 3044 1517 die
3071 1451 3402 1511 schuldtforderung

2136 1492 2269 1552 Vernea
2302 1492 2344 1552 f.
2361 1487 2410 1547 Jean

2421 1537 2462 1597 leß
2493 1537 2566 1597 H.
2576 1535 2648 1595 Jean
2689 1534 2813 1594 Werner
2844 1531 2907 1591 soll
2948 1528 3133 1588 denselbe
3166 1518 3403 1578 Commmicirt

2397 1595 2567 1655 lerden.

2431 1738 2544 1798 Warz
2565 1739 2605 1799 die
2617 1740 2761 1800 Chistina
2792 1739 2988 1799 Horißferger
3020 1737 3071 1797 H.
3091 1735 3246 1795 Abehamb
3267 1731 3370 1791 Jemnes
3390 1728 3453 1788 auß
3483 1726 3514 1786 der

2120 1787 2316 1847 Horißherge
2345 1780 2406 1840 Hhr¬

2419 1814 2568 1874 bächtetn
2602 1815 2740 1875 Wagdt
2751 1816 2843 1876 lider
2867 1817 3074 1877 vorgestellt
3097 1816 3177 1876 und
3199 1812 3292 1872 gegen
3326 1805 3384 1865 dem

2167 1861 2286 1921 sna

2421 1897 2585 1957 Niclauß
2622 1895 2806 1955 zegerlehner
2833 1894 3108 1954 Confrontiret,
3126 1891 3227 1951 welche
3245 1887 3319 1947 aber
3337 1882 3401 1942 alle

2129 1935 2358 1995 Iegerlehner

2408 1981 2610 2041 thätlichbeit
2641 1978 2842 2038 verneinen,
2863 1976 2984 2036 dohrMmin
3004 1974 3084 2034 gnädigen
3096 1972 3267 2032 Herenselbe
3287 1965 3348 2025 mit
3368 1960 3458 2020 Einer

2167 2003 2345 2063 Niclauß

2366 2065 2575 2125 kofftign
2596 2050 2868 2110 Remonstrarii
2888 2044 3077 2104 dimittirt,
3097 2042 3149 2102 und
3181 2042 3232 2102 der
3253 2041 3337 2101 Jeger
3358 2039 3452 2099 Ohner

2390 2145 2499 2205 dahin
2520 2139 2650 2199 gewesen,
2671 2134 2748 2194 Ihme
2769 2132 2835 2192 Herre
2856 2129 2954 2189 renmor
2997 2127 3051 2187 die
3074 2125 3247 2185 gebührnde
3279 2118 3530 2178 Entschuldi¬

2381 2222 2491 2282 gung
2503 2219 2588 2279 seine
2613 2216 2724 2276 Pähles
2748 2212 2956 2272 zumachen:

2415 2353 2485 2413 Soll
2517 2352 2578 2412 was
2608 2351 2700 2411 wegen
2731 2350 2782 2410 der
2802 2349 2966 2409 Susanna
3008 2347 3068 2407 der
3089 2344 3253 2404 Susana
3283 2340 3395 2400 Will,
3405 2335 3477 2395 undt

2131 2354 2264 2414 Will,
2280 2354 2388 2414 Susanna

2113 2420 2218 2480 Meyer
2237 2418 2371 2478 Vilter.

2388 2432 2499 2492 Pictor
2519 2428 2630 2488 Meyes
2650 2426 2681 2486 so
2700 2425 2771 2485 leye
2821 2423 3034 2483 verdächtigen
3054 2418 3255 2478 umbgange
3275 2407 3446 2467 eingesetzte

2393 2500 2522 2560 worden,
2533 2497 2565 2557 in
2586 2493 2629 2553 der
2652 2491 2780 2551 Cantzly
2802 2489 3049 2549 nachgeschlagen
3060 2488 3125 2548 wide
3157 2488 3179 2548 r
3189 2487 3244 2547 Min
3255 2482 3352 2542 gnädigen
3363 2478 3427 2538 Hrr

2388 2577 2566 2637 Iherthalt
2587 2572 2619 2632 in
2640 2570 2693 2630 Ao
2724 2569 2841 2629 1729.
2851 2563 2999 2623 Erbant.
