4032 3024
627 275 707 335 510
740 287 820 347 fl.

687 422 892 482 Mädes¬

641 503 824 563 Schnitter
840 493 941 553 Sonn¬

691 573 713 633 4
735 563 890 623 Tagen:

778 1035 866 1095 1.

804 2068 866 2128 3.

592 2374 601 2434 4
643 2368 842 2428 Praesidente

834 1607 851 1667 2

1293 295 1575 355 Instruction

1059 392 1162 452 Wie
1176 387 1236 447 sich
1266 386 1309 446 die
1324 389 1561 449 allhiesiger
1590 407 1811 467 Pfrfosen
1870 422 2004 482 bey¬

1057 485 1323 545 vorstehender
1366 486 1554 546 Mäder-
1577 492 1677 552 undt
1710 497 1898 557 Schnitter

1125 569 1347 629 Sontagen
1394 566 1505 626 gegen
1542 570 1607 630 das
1644 574 1681 634 in
1727 577 1792 637 die

1163 662 1516 722 Stattkommende
1583 670 1778 730 Landt¬

1203 751 1358 811 Wolle
1396 748 1435 808 zu
1464 749 1696 809 verhalten

1289 831 1405 891 haben
1447 830 1670 890 sollindt.

945 1022 1077 1082 Sollen
1113 1022 1294 1082 dieselben
1342 1021 1403 1081 sich
1438 1021 1655 1081 angelegen
1679 1022 1752 1082 sein
1776 1024 1896 1084 laßen
1921 1029 1969 1089 an

952 1105 1020 1165 den
1060 1105 1158 1165 heil.
1187 1105 1393 1165 Sontagen
1453 1106 1482 1166 in
1511 1106 1727 1166 wahrendem
1796 1109 2042 1169 Gottesdienst

956 1192 1028 1252 alle
1059 1190 1194 1250 Plätz
1215 1189 1268 1249 der
1299 1190 1434 1250 Statt,
1455 1192 1652 1252 darunder
1673 1193 1756 1253 auch
1787 1194 1839 1254 der
1859 1194 2015 1254 Kichhoff

955 1276 1168 1336 begeffen,
1191 1274 1270 1334 wohl
1292 1276 1552 1336 zubesuchen,
1574 1279 1675 1339 undt
1697 1279 1799 1339 alleß
1832 1276 1901 1336 was
1923 1271 2001 1331 ohne

962 1370 1187 1430 anständig
1228 1370 1322 1430 dort
1348 1372 1560 1432 fortgehen
1587 1373 1734 1433 bänten
1747 1371 1853 1431 gnädien
1866 1363 1999 1423 hedest

945 1458 1084 1518 Oberen
1111 1454 1405 1514 Chor-Gochte
1430 1456 1726 1516 anzuzeigen.

939 1584 1009 1644 die
1028 1580 1206 1640 müeßige
1247 1579 1346 1639 undt
1366 1577 1733 1637 herumbstetzende
1763 1576 1892 1636 Mäder
1912 1574 2062 1634 Schütter¬

954 1661 1019 1721 der
1055 1661 1147 1721 ander
1176 1661 1286 1721 landt
1305 1663 1416 1723 Stolk
1453 1666 1517 1726 mit
1545 1666 1638 1726 aller
1666 1661 1924 1721 gebührenden
1942 1650 2016 1710 be¬

930 1741 1181 1801 gscheidenheit
1208 1741 1245 1801 zu
1295 1742 1511 1802 besuchung
1548 1742 1613 1802 deß
1662 1739 1814 1799 Gottes
1826 1731 1953 1791 dieste

945 1828 1023 1888 oder
1046 1828 1126 1888 aber
1148 1828 1206 1888 sich
1228 1828 1273 1888 ab
1307 1828 1364 1888 der
1387 1825 1556 1885 Gaßen
1590 1818 1828 1878 zubegeben,
1839 1807 1931 1867 undt
1942 1800 1987 1860 Ein

941 1915 1084 1975 stilles
1110 1915 1242 1975 läben
1280 1913 1476 1973 zuführen
1515 1907 1789 1967 anmahnen.
1802 1895 1881 1955 Und
1907 1883 2026 1943 danit¬

931 2044 1045 2104 Rahles
1059 2047 1160 2107 Eent-
1175 2050 1262 2110 ader
1276 2050 1420 2110 andern
1449 2048 1506 2108 sich
1520 2045 1664 2105 storisch
1679 2038 1766 2098 oder
1780 2022 2012 2082 liderspfäg¬

930 2130 1131 2190 ohngracht
1154 2129 1342 2189 gethener
1390 2132 1626 2192 kommerang
1673 2122 1791 2182 selben
1839 2106 1910 2166 und
1933 2094 1968 2154 din

930 2213 1014 2273 Ihre
1044 2212 1302 2272 Uppileiten
1330 2215 1573 2275 fortfahren
1601 2209 1758 2269 thäten
1816 2191 1887 2251 zur
1901 2171 2016 2231 gebeht

941 2287 1114 2347 gehalten
1138 2288 1275 2348 werden,
1299 2294 1460 2354 könnndt
1498 2296 1621 2356 sollen
1683 2290 1745 2350 die
1769 2275 1967 2335 Pfrofosen

928 2377 1091 2437 selbige
1114 2377 1357 2437 alsobalden
1380 2380 1473 2440 Mdigen
1485 2380 1578 2440 Hn
1601 2378 1659 2438 deß
1705 2366 1833 2426 Obern
1867 2340 1996 2400 Chrpich

923 2452 1087 2512 verloden
1134 2454 1217 2514 oder
1240 2457 1322 2517 nach
1345 2462 1651 2522 gestaltsamme
1699 2453 1746 2513 der
1769 2443 1841 2503 sach
1876 2430 1899 2490 in
1922 2417 1969 2477 der

902 2536 983 2596 Ehr
999 2538 1230 2598 krichtliche
1247 2546 1674 2606 gefangeschaftsche,
1707 2532 1758 2592 da
1806 2511 1906 2571 Ihre
1938 2484 2003 2544 der

915 2612 1134 2672 zforfosen

2283 438 2296 498 4

2132 930 2291 990 Cornillat
2311 917 2333 977 y
2354 910 2398 970 so.

2189 982 2381 1042 Catherine.

2121 1066 2265 1126 Warnens
2279 1060 2316 1120 H.
2329 1057 2380 1117 Jecan

2226 1126 2340 1186 Pdert

3378 397 3391 457 G
3456 403 3521 463 f.

2427 434 2537 494 Gantz
2559 442 2692 502 Ernstlich
2714 453 2869 513 hierdurch
2880 460 2925 520 ein
2936 468 3102 528 geschepft
3124 478 3224 538 wird,
3246 485 3334 545 Vern
3356 493 3434 553 tbst
3445 497 3511 557 Iher

2416 511 2633 571 aufführung
2664 527 2747 587 nicht
2767 533 2799 593 zu
2830 538 2882 598 deß
2912 554 3255 614 Landtvolksnötige
3275 569 3420 629 Kleyden

2410 593 2525 653 anlaß
2558 596 2719 656 zugeben,
2742 606 2903 666 Wonnach
2926 617 2993 677 nun
3018 624 3063 684 die
3085 632 3258 692 Phrofosen
3269 637 3327 697 sich
3338 638 3372 698 zu
3395 636 3511 696 ver¬

2403 673 2511 733 halte
2535 670 2702 730 lüßen.

2440 817 2534 877 Wid
2557 815 2710 875 Richted.
2735 817 2793 877 Alß
2841 820 2994 880 undern
3053 826 3111 886 30
3134 832 3289 892 Martii
3312 838 3430 898 beshin

2432 901 2484 961 die
2506 901 2579 961 Ipfr
2600 899 2788 959 Catherine
2820 899 2988 959 Cornillat
3020 901 3082 961 von
3114 904 3251 964 Neuter
3282 914 3398 974 Unß¬

2415 978 2583 1038 blagende
2610 974 2835 1034 verbringen
2862 977 3058 1037 laßen,
3078 980 3151 1040 was
3162 983 3301 1043 maße
3339 986 3385 1046 sie
3403 987 3432 1047 in

2429 1058 2484 1118 den
2517 1058 2584 1118 mit
2606 1058 2674 1118 H.
2685 1058 2753 1118 Dean
2797 1058 2908 1118 Rerre
2941 1057 3110 1117 Warnery
3143 1055 3210 1115 von
3232 1054 3377 1114 Morser

2397 1140 2564 1200 habendem
2611 1133 2919 1193 Matrimonial
2956 1134 3133 1194 geschäfft
3152 1136 3180 1196 in
3208 1138 3301 1198 Eine
3320 1139 3515 1199 weitleftige

2393 1214 2565 1274 Procedud
2601 1210 2774 1270 verführt
2792 1211 2901 1271 werden
2927 1214 3063 1274 wolle,
3099 1216 3245 1276 habendt
3281 1213 3452 1273 Widder

2400 1294 2581 1354 Ehebarbeit
2617 1289 2834 1349 zugedeutem
2889 1291 3025 1351 Morse
3097 1295 3369 1355 auffgetragen,
3395 1292 3440 1352 die

2386 1379 2482 1439 selbe
2493 1373 2514 1433 so
2537 1369 2902 1429 geschwindtmüglich
2944 1373 2978 1433 zu
3010 1376 3300 1436 vollständiger
3322 1369 3418 1429 undt

2400 1467 2460 1527 ach
2473 1459 2634 1519 thagnach
2658 1451 2881 1511 Instrucots
2905 1451 3079 1511 Stocedud
3103 1451 3177 1511 mit
3189 1451 3460 1511 allhescheibung

2377 1556 2567 1616 derselben
2610 1547 2814 1607 Pfartheyen
2843 1538 3032 1598 herhalten
3077 1532 3265 1592 zulaßen

2367 1655 2415 1715 den
2440 1654 2500 1714 4.
2525 1651 2622 1711 May
2658 1645 2803 1705 klagte
2815 1639 2864 1699 sich
2888 1633 3070 1693 Eingangs
3107 1624 3277 1684 bemelte
3300 1621 3411 1681 Ipfi¬

2366 1741 2551 1801 Camherine
2593 1732 2770 1792 Comnillat
2805 1726 2846 1786 bin
2880 1723 2940 1783 daß
2981 1718 3032 1778 sie
3058 1717 3083 1777 in
3108 1711 3302 1771 erzehlten
3327 1705 3445 1765 handel

2378 1816 2446 1876 mit
2455 1813 2656 1873 allerhandt
2677 1807 2878 1867 ohnnötigen
2898 1800 3128 1860 Mudenser
3147 1793 3406 1853 umbgetriben

2384 1898 2480 1958 undt
2492 1893 2621 1953 selbige
2653 1889 2740 1949 auff
2751 1888 2804 1948 den
2825 1885 2933 1945 lange
2977 1880 3096 1940 banke
3128 1876 3289 1936 geschoben
3311 1868 3429 1928 werden

2377 1976 2508 2036 wolle,
2540 1975 2650 2035 dahero
2682 1973 2758 2033 Wir
2792 1969 2955 2029 bedeuter
2966 1963 3174 2023 Ehrbarbeit
3195 1955 3413 2015 untermahlen

2373 2063 2574 2123 aufftragen
2597 2060 2775 2120 laßen,
2798 2055 3023 2115 Parthages
3047 2047 3141 2107 ohne
3166 2038 3427 2098 gestattung.

2372 2153 2572 2213 fernerer
2615 2144 2858 2204 Inidenpro
2900 2134 3132 2194 Sumerisch
3153 2127 3364 2187 anzuhören

2389 2228 2459 2288 undt
2500 2226 2550 2286 die
2590 2222 2772 2282 Procedus
2802 2219 2873 2279 also
2902 2218 2932 2278 zu
2962 2212 3245 2272 vollführen,
3265 2207 3325 2267 daß
3345 2203 3465 2263 selbige

2363 2317 2433 2377 von
2456 2309 2527 2369 fest
2551 2298 2775 2358 beschibnen
2882 2291 2975 2351 dato
3010 2288 3104 2348 über
3116 2284 3340 2344 dreywohen

2363 2390 2520 2450 sambt
2553 2374 2812 2434 herhaltung
2846 2371 2890 2431 der
2913 2369 3116 2429 Pfartheye
3183 2367 3261 2427 vns
3284 2362 3475 2422 überendet

2365 2467 2464 2527 berden
2500 2462 2654 2522 könne:
2682 2459 2736 2519 d.
2754 2459 2790 2519 18
2817 2458 2917 2518 May
2953 2454 3170 2514 erschinne
3216 2445 3288 2505 vor
3306 2441 3388 2501 Unß
3415 2432 3486 2492 mit

2364 2548 2477 2608 Einer
2513 2543 2718 2603 besigleten
2740 2540 2900 2600 Suppl.
2923 2539 2981 2599 vo
3004 2536 3071 2596 Nmn
3094 2533 3152 2593 whl
3209 2524 3414 2584 Landtvogt
