4032 3024
677 273 757 333 556
789 271 853 331 f.

996 349 1103 409 Von
1143 327 1412 387 Wattenwiel
1454 320 1548 380 Von
1574 323 1749 383 Maser
1789 335 1857 395 Ein
1883 355 2058 415 Promert

1006 438 1095 498 Von
1128 431 1195 491 H.
1216 425 1305 485 Jean
1350 418 1504 478 Pierre
1538 416 1738 476 Warnern
1770 425 1870 485 undt
1892 437 1970 497 hatt
2004 456 2082 516 be¬

1007 526 1169 586 gehet,
1183 518 1264 578 daß
1318 510 1426 570 Ihme
1465 506 1507 566 zu
1560 509 2005 569 außfündigmahung

1003 625 1129 685 seines
1156 615 1254 675 mit
1281 607 1350 667 der
1378 601 1503 661 Jgs.
1532 596 1754 656 Cornillat
1797 599 1991 659 habenden

1014 708 1197 768 Ehesteits
1223 698 1393 758 feruerer
1432 691 1615 751 Termin
1666 688 1823 748 vergant
1849 690 1966 750 werden

1980 708 2055 768 .

1018 799 1194 859 möhlet,
1220 791 1369 851 habendt
1409 781 1503 841 Wid
1532 775 1652 835 Ihme
1705 772 1841 832 solches
1855 775 1936 835 auch
1962 786 2072 846 zu¬

993 897 1218 957 gegeben,
1246 882 1358 942 undt
1386 874 1429 934 zu
1484 861 1766 921 dermaliger
1780 858 2046 918 bekndigung

992 989 1215 1049 deßelben
1244 976 1341 1036 ohne
1369 965 1664 1025 gestattung
1705 961 1873 1021 frrnen
1887 963 2084 1023 aufschat

1018 1073 1365 1133 perlmpatorischen
1390 1061 1463 1121 tag
1514 1055 1750 1115 angesetzt
1762 1050 1861 1110 auff
1886 1045 1947 1105 den
1961 1042 1985 1102 8.
1998 1038 2046 1098 diß

1015 1167 1271 1227 kauffenden
1298 1158 1472 1218 monatt
1500 1156 1635 1216 Soni¬

993 1300 1253 1360 Nachdeme
1284 1286 1384 1346 nun
1427 1282 1472 1342 in
1500 1279 1602 1339 folg
1645 1273 1790 1333 deßen
1848 1259 2036 1319 Parheyen

978 1391 1041 1451 sich
1068 1389 1158 1449 auff
1183 1380 1492 1440 obbestimbten
1529 1368 1646 1428 Zeitt
1671 1357 1876 1417 gestellet,
1890 1348 1953 1408 alß

1006 1475 1249 1535 nämblich
1294 1472 1361 1532 die
1393 1468 1515 1528 Igste
1560 1458 1781 1518 Comillat
1815 1442 1891 1502 mit
1925 1427 2081 1487 beystandt

1007 1573 1077 1633 deß
1161 1568 1440 1628 WohlEdlen
1483 1560 1637 1620 Vesten
1678 1549 1763 1609 H.
1791 1526 2056 1586 haubtman̄

981 1670 1228 1730 Erdinandt
1265 1661 1347 1721 von
1405 1657 1654 1717 dießbacht
1700 1646 1772 1706 alß
1806 1635 1866 1695 der
1889 1618 1984 1678 Jafe

992 1770 1185 1830 Segern
1202 1762 1272 1822 H.
1306 1759 1429 1819 Onde
1463 1755 1550 1815 und
1584 1749 1673 1809 H.
1707 1732 1917 1792 Ddoraten
1934 1702 2075 1762 Solan¬

1018 1846 1068 1906 an
1085 1849 1287 1909 Einem:
1339 1848 1474 1908 denne
1508 1844 1524 1904 H
1608 1830 1879 1890 Lientenant
1895 1797 2081 1857 Bolises

993 1937 1135 1997 Begon
1172 1938 1262 1998 Von
1302 1932 1532 1992 Aubonne
1584 1920 1622 1980 in
1649 1908 1828 1968 nahmen
1866 1892 1918 1952 der
1943 1880 2048 1940 feh¬

1013 2029 1255 2089 Cantlanin
1283 2022 1498 2082 Warnery
1540 2014 1612 2074 alß
1668 1999 1840 2059 Mutter
1868 1977 1954 2037 undt
1982 1961 1996 2021 H

990 2117 1094 2177 Jean
1140 2108 1290 2168 Piere
1335 2107 1561 2167 Wärnery
1606 2101 1682 2161 Ihr
1711 2091 1800 2151 Sohn
1847 2070 1921 2130 mit
1936 2037 2088 2097 bester¬

995 2204 1080 2264 H.
1097 2197 1322 2257 Advocate
1372 2192 1561 2252 Meirek
1614 2182 1682 2242 aim
1732 2162 1904 2222 andern
1940 2121 2042 2181 Wede

1024 2293 1148 2353 Umb
1182 2290 1446 2350 zulüßen,
1482 2284 1517 2344 ob
1553 2279 1624 2339 die
1658 2268 1763 2328 Von
1782 2252 1853 2312 den
1870 2219 2063 2279 Aattere

989 2390 1081 2450 der
1116 2385 1317 2445 Kelegern
1373 2383 1429 2443 in
1464 2381 1538 2441 Ao
1574 2373 1721 2433 1792
1759 2329 2086 2389 formalschft

975 2480 1108 2540 von
1164 2476 1337 2536 beydem
1393 2479 1678 2539 Pfartherend
1718 2447 2003 2507 undeschaben

2296 2048 2312 2108 2

2305 1568 2357 1628 1.

3369 405 3453 465 578

2445 415 2519 475 von
2553 406 2649 466 Meye
2670 406 2789 466 zeügen
2811 416 3070 476 underzeiherte
3102 444 3405 504 Eheverspehung
3426 461 3522 521 undt

2457 496 2714 556 auffglichen
2743 497 2800 557 tag
2830 502 3016 562 erfolgten
3058 514 3231 574 Erebarac
3273 521 3303 581 im
3331 525 3474 585 Rechten

2446 585 2574 645 gültig
2597 584 2703 644 seyn:
2735 586 2833 646 Oder
2854 591 2930 651 aber
2952 594 2984 654 ob
3016 597 3060 657 der
3081 601 3296 661 Antwortes
3317 603 3383 663 und
3415 599 3489 659 seine

2430 672 2554 732 Frant
2606 664 2740 724 Muttes
2760 665 2853 725 mit
2885 669 2988 729 Recht
3009 674 3112 734 Einiche
3143 682 3402 742 Oppositiones
3422 682 3515 742 wiber

2448 749 2537 809 diese
2562 747 2589 807 so
2614 746 2804 806 Realische
2843 751 3187 811 Eheversprchung
3226 755 3340 815 undt
3365 754 3518 814 darauff

2437 826 2615 886 erfolgte
2652 826 2927 886 Engagement
2974 829 3189 889 frenden,
3214 826 3429 886 undtselbe

2441 910 2664 970 Invaliditon
2720 907 2823 967 undt
2850 907 3027 967 Eneriren
3056 908 3251 968 könnende
3288 908 3363 968 oder
3390 907 3493 967 nicht

2445 990 2578 1050 habend
2634 985 2730 1045 Wir
2748 985 2852 1045 nach
2880 983 3071 1043 gedauter
3099 985 3374 1045 Erleuterung
3412 988 3478 1048 der

2437 1068 2520 1128 Von
2552 1064 2678 1124 Morse
2732 1060 2973 1120 deßthalb
3005 1060 3195 1120 erachtete
3237 1061 3310 1121 abt
3343 1063 3458 1123 nicht

2424 1138 2508 1198 nach
2536 1141 2601 1201 dem
2676 1144 2910 1204 Sumarische
2976 1147 3266 1207 anbefohlenen
3330 1152 3471 1212 Rechten

2417 1225 2720 1285 keitheuffiges
2743 1227 2934 1287 Procedur
2967 1231 3068 1291 undt
3092 1234 3305 1294 angehörtes
3327 1240 3463 1300 langer

2434 1309 2702 1369 verfehtung
2734 1307 2821 1367 mit
2853 1307 2929 1367 der
2951 1308 3134 1368 mehrern
3155 1312 3370 1372 meinung
3404 1321 3532 1381 hiemit

2428 1400 2468 1460 zu
2507 1392 2612 1452 Reht
2638 1386 2784 1446 frkent
2796 1384 2900 1444 undt
2940 1380 3218 1440 gesprochen.

2424 1551 2594 1611 Weilen
2647 1550 2712 1610 der
2733 1550 2945 1610 antworter
2978 1550 3254 1610 Majorenis
3287 1549 3393 1609 undt
3415 1547 3531 1607 hiemit

2415 1621 2470 1681 die
2507 1621 2712 1681 Ordnung
2749 1622 2936 1682 denselben
2991 1622 3020 1682 in
3066 1623 3141 1683 das
3168 1624 3251 1684 Reht
3289 1625 3345 1685 sich
3363 1627 3456 1687 ohne

2416 1694 2628 1754 Vortüßen
2690 1693 2752 1753 der
2778 1691 2983 1751 Elteren,
3000 1691 3328 1751 anvertandten
3345 1693 3381 1753 etc
3399 1694 3435 1754 im

2421 1777 2595 1837 Eheliche
2627 1771 2986 1831 Versprchungen
3039 1764 3159 1824 undt
3180 1762 3364 1822 Contracte
3408 1763 3529 1823 Ein¬

2398 1855 2660 1915 zulaßen:
2682 1850 2842 1910 denne
2876 1844 3058 1904 obwohlen
3092 1840 3230 1900 Pod.

2414 2024 2504 2084 Von
2544 2021 2609 2081 den
2662 2013 2973 2073 Antwortern
3065 2005 3195 2065 dieser
3220 2010 3532 2070 Ehevrosfehung

2410 2100 2561 2160 sambt
2592 2095 2656 2155 dem
2704 2090 2926 2150 erichteten
2990 2086 3133 2146 ehetag
3164 2084 3244 2144 auß
3275 2084 3347 2144 dem

2404 2172 2543 2232 Grundt
2582 2167 2652 2227 hatt
2681 2164 2921 2224 Entkrefftet
2940 2161 3059 2221 werden
3100 2159 3258 2219 wollen,
3278 2158 3318 2218 ob
3348 2156 3447 2216 wäre

2397 2259 2467 2319 der
2487 2253 2607 2313 einter
2639 2247 2819 2307 Gehrüg
2850 2243 2919 2303 der
2961 2240 3161 2300 Klegern
3190 2236 3342 2296 Onile,
3362 2234 3392 2294 so
3422 2231 3493 2291 hat

2406 2330 2526 2390 fiestes
2559 2324 2787 2384 abemahlen
2821 2321 2908 2381 keine
2940 2320 3180 2380 gültigkeit,
3203 2320 3443 2380 zumahlen

2409 2413 2479 2473 die
2515 2413 2716 2473 Weltsche
2739 2413 2834 2473 satz.
2857 2413 2940 2473 Fol.
2963 2414 3069 2474 435.
3093 2416 3164 2476 Loy
3199 2416 3294 2476 VIII
3317 2414 3365 2474 den
