4032 3024
703 259 784 319 178
832 258 848 318 f

887 1883 913 1943 4

1033 311 1358 371 Aabebande
1410 318 1572 378 solhet
1598 334 1870 394 Viligun
1922 372 2114 432 ehelen

1023 414 1059 474 Es
1095 404 1203 464 hata
1222 400 1331 460 uch.

904 589 966 649 3.
1015 576 1141 636 diese
1172 570 1267 630 Ehe
1282 568 1596 628 versprechung
1629 572 1722 632 auß
1770 577 1832 637 dem
1881 589 2102 649 fondanente

1026 674 1252 734 gesirtzet
1291 670 1424 730 werden
1450 670 1650 730 wollen,
1676 673 1717 733 ob
1756 676 1822 736 wäm
1876 683 2035 743 Klgein

1027 766 1117 826 alß
1154 757 1434 817 Minorennis
1471 755 1569 815 undt
1605 757 1678 817 die
1705 759 1877 819 nohnit
1904 763 1995 823 das

1016 849 1322 909 cwentzigste
1367 842 1474 902 Jahr
1491 842 1657 902 allters
1704 844 1888 904 Erweichet
1918 845 2025 905 nicht

1012 942 1151 1002 inder
1186 938 1512 998 befüegsamme
1558 944 1757 1004 gewesen,
1780 949 1896 1009 Einen
1919 952 2047 1012 solchen

996 1039 1155 1099 soleum
1203 1031 1362 1091 Actum
1447 1036 1777 1096 Einzugehen,
1815 1040 1863 1100 So
1875 1040 1924 1100 ist
1948 1038 2034 1098 wider

999 1132 1269 1192 zutüßen,
1305 1129 1390 1189 daß
1457 1127 1559 1187 Iha
1611 1122 1866 1182 diesatzung
1900 1115 1968 1175 fol.
2002 1112 2054 1172 39.

1024 1222 1119 1282 auch
1146 1220 1281 1280 dieses
1307 1219 1524 1279 zugibet
1564 1217 1606 1277 so
1632 1216 1727 1276 fehr
1767 1211 1876 1271 solche
1916 1202 2024 1262 ohne

1008 1313 1244 1373 nachtheil
1304 1316 1510 1376 geschehe
1585 1312 1644 1372 zu
1689 1305 1777 1365 den
1808 1291 1941 1351 Endt,
1956 1277 1985 1337 so
2000 1266 2058 1326 ist

1026 1409 1289 1469 gungsamb
1323 1411 1372 1471 am
1437 1411 1554 1471 Tag,
1586 1408 1653 1468 daß
1702 1396 1835 1456 dieser
1851 1374 2016 1434 ganzen

999 1505 1163 1565 Process
1200 1505 1276 1565 von
1327 1505 1402 1565 der
1440 1500 1681 1560 Klegern
1718 1486 1806 1546 auß
1857 1456 2072 1516 finwillin¬

985 1597 1138 1657 segung
1183 1597 1276 1657 ihre
1307 1595 1475 1655 Eltern
1553 1587 1676 1647 gegen
1706 1576 1767 1636 dem
1814 1547 2043 1607 Aadtworten

1010 1695 1077 1755 ist
1111 1684 1348 1744 Intentirt
1370 1680 1596 1740 worden.
1664 1670 1743 1730 Es
1777 1655 1889 1715 will

1022 1853 1123 1913 diese
1153 1855 1517 1915 Ehevespochung
1548 1849 1694 1909 auch
1723 1835 1986 1895 deßtlegen

1016 1948 1282 2008 abgesetzet
1307 1951 1483 2011 worden,
1508 1948 1647 2008 weilen
1660 1937 1838 1997 selbige
1875 1907 2039 1967 Erstnoch

994 2041 1070 2101 daß
1133 2041 1433 2101 Antwortenn
1483 2038 1708 2098 Vatters
1734 2027 1834 2087 todt
1859 2011 1946 2071 Ihre
1971 1989 2073 2049 fort¬

991 2127 1134 2187 gang
1181 2125 1251 2185 hat
1288 2126 1502 2186 gewinnen
1537 2124 1727 2184 sollen,
1764 2103 1930 2163 hiemit
1942 2067 2073 2127 deßelbe

985 2217 1328 2277 Conventement
1366 2217 1697 2277 übergangen:
1722 2196 1875 2256 Alleit
1900 2161 2014 2221 dieses

979 2309 1090 2369 satzt
1104 2308 1174 2368 ist
1202 2308 1327 2368 beine
1370 2309 1650 2369 Reflection
1691 2289 1886 2349 würdig.

1000 2396 1326 2456 Endtlichen.

2350 457 2388 517 5.

3419 391 3443 451 3

2468 447 2601 507 Wollen
2661 455 2709 515 die
2733 462 2941 522 Antworten
2977 470 3062 530 auch
3086 476 3171 536 diese
3195 485 3474 545 Ehevesfahung

2457 523 2623 583 darumb
2648 535 2997 595 verungültigen,
3013 550 3046 610 ob
3072 557 3155 617 wäre
3188 564 3313 624 selbige
3337 565 3503 625 bedinglich

2459 604 2565 664 dahin
2608 608 2799 668 stipulirt
2820 620 3011 680 worden,
3044 632 3106 692 daß
3150 638 3276 698 fahls
3299 641 3415 701 eint-
3425 637 3510 697 oder

2462 680 2593 740 andere
2625 684 2685 744 Ehe
2695 688 2858 748 pfarthey
2888 695 2940 755 sich
2971 698 3061 758 deren
3083 705 3224 765 Reütig
3256 710 3409 770 bezeigen
3449 712 3550 772 undt

2452 760 2591 820 selbige
2622 761 2814 821 auffheben
2845 768 3016 828 wollte,
3037 775 3314 835 denzumahlen
3335 772 3474 832 selbige

2442 839 2726 899 auffgehoben,
2747 844 2864 904 undt
2893 847 2953 907 alß
2992 849 3061 909 nit
3090 851 3287 911 ergangen,
3306 850 3512 910 anzusehen

2455 920 2525 980 sein
2545 919 2684 979 solle:
2724 920 2843 980 Allein
2884 922 2993 982 dieses
3024 925 3193 985 Erwiset
3223 928 3293 988 noch
3322 928 3492 988 Erwahret

2467 996 2592 1056 ichauß
2631 992 2728 1052 denen
2796 992 2834 1052 in
2863 993 2922 1053 der
2951 995 3097 1055 Srocedl
3164 1000 3474 1060 vernembseten

2463 1071 2706 1131 Gezeugen
2734 1063 2849 1123 beind
2878 1064 2977 1124 wegd

2429 1191 2510 1251 Alß
2560 1178 2661 1238 solle
2712 1173 2783 1233 auß
2823 1171 2944 1231 diesen
3004 1172 3106 1232 undt
3126 1175 3277 1235 anderen
3328 1174 3357 1234 in
3389 1172 3438 1232 der

2437 1270 2554 1330 Klag
2588 1260 2681 1320 undt
2717 1256 2809 1316 wider
2832 1255 2914 1315 vndt
2936 1252 3216 1312 Enthaltenen
3263 1243 3448 1303 gründen

2436 1346 2557 1406 dieser
2598 1337 2941 1397 Eheverspachung
2980 1332 3010 1392 in
3051 1329 3142 1389 Ihren
3203 1325 3374 1385 Völlige
3424 1318 3524 1378 undt

2426 1426 2568 1486 gantzen
2600 1422 2763 1482 Inhalt
2806 1416 3036 1476 bestätiget
3068 1410 3166 1470 undt
3188 1404 3427 1464 Antvorter

2423 1516 2593 1576 gehalten
2626 1508 2721 1568 sein,
2744 1502 2914 1562 selbiges
2935 1497 3000 1557 Ein
3053 1492 3245 1552 Geiegen
3266 1486 3310 1546 zu
3331 1482 3448 1542 lesten

2441 1601 2538 1661 undt
2564 1600 2624 1660 die
2661 1597 2759 1657 Jpso
2784 1589 2979 1649 Comillat
3005 1583 3054 1643 zu
3078 1579 3300 1639 Ehelichen:
3312 1577 3324 1637 E
3360 1577 3544 1637 abstatenta

2421 1663 2517 1723 von
2536 1663 2593 1723 den
2623 1660 2833 1720 nachfolgte
2871 1657 3006 1717 Ehelage
3025 1656 3063 1716 etc.
3083 1655 3159 1715 Vide
3179 1655 3332 1715 subsiguo
3351 1657 3418 1717 fol.
3437 1659 3505 1719 leq.
3514 1662 3563 1722 4.

2438 1733 2536 1793 Eine
2560 1727 2772 1787 Meinung
2808 1724 2932 1784 erhent
2969 1724 3081 1784 dieser
3142 1731 3475 1791 Eheversphechung

2719 1772 2775 1832 e

2450 1813 2531 1873 auch
2563 1807 2717 1867 gultig,
2738 1807 2841 1867 allein
2873 1807 2966 1867 woln
3017 1809 3079 1869 der
3110 1811 3264 1871 Ehetag
3306 1813 3389 1873 von
3419 1811 3470 1871 der

2448 1911 2510 1971 Ehe
2534 1890 2806 1950 versphriehung
2830 1883 3078 1943 abhanget
3115 1890 3214 1950 und
3263 1896 3313 1956 der
3337 1900 3425 1960 Hl¬

2437 1982 2607 2042 Warneri
2657 1969 2787 2029 darin
2828 1966 2918 2026 umb
2949 1966 2998 2026 fin
3028 1967 3320 2027 namhafftes
3340 1972 3539 2032 übertraffen

2415 2057 2534 2117 worden
2598 2052 2695 2112 will
2729 2047 2858 2107 selbe,
2890 2044 2977 2104 vor
3009 2041 3269 2101 bezeüchung
3312 2043 3377 2103 der
3399 2046 3464 2106 Ehe

2401 2142 2610 2202 Pfartheyn
2652 2133 2777 2193 dahin
2793 2129 2945 2189 geweisen
2988 2128 3113 2188 haben,
3128 2128 3239 2188 zwey
3253 2129 3310 2189 ohn
3337 2132 3548 2192 Pachgyschen

2420 2227 2627 2287 Ehrenheüth
2663 2218 2909 2278 zufrwiesen,
2933 2218 2993 2278 die
3019 2218 3128 2278 diesen
3152 2218 3422 2278 Ehesontrait

2411 2312 2505 2372 nach
2537 2302 2737 2362 bitlichkeit
2758 2299 2862 2359 reglim
2947 2299 3063 2359 undt
3074 2299 3200 2359 selben
3231 2298 3273 2358 zu
3315 2296 3472 2356 mehrere

2421 2386 2735 2446 bekrefftigung
2767 2381 2854 2441 von
2886 2381 2951 2441 nr
2973 2381 3049 2441 Herre
3071 2381 3321 2441 landtvogt
3342 2377 3439 2437 auff

2398 2478 2553 2538 Worse
2625 2464 2804 2524 besiglen
2839 2459 2970 2519 laßen
2994 2455 3197 2515 sollindt.
3234 2452 3449 2512 Anbey¬
