4032 3024
718 254 771 314 57
805 260 877 320 fl.

1013 323 1072 383 die
1107 320 1250 380 Frauw
1311 313 1489 373 Wamens
1524 311 1655 371 undt
1679 317 1773 377 Ihren
1798 329 1892 389 Sohn
1941 354 2023 414 Jean

1024 410 1174 470 Dierre
1211 408 1311 468 umb
1348 406 1436 466 alle
1500 406 1637 466 dieser
1662 411 1812 471 gantzen
1849 429 2038 489 Procedur

1018 493 1337 553 auffgeloffene
1404 490 1541 550 Costen
1622 494 1736 554 gegn
1770 502 1826 562 die
1850 511 1940 571 Pff.
1951 529 2100 589 Comillat

1021 590 1112 650 auff
1145 582 1429 642 Moderation
1485 580 1542 640 hu
1622 585 1848 645 Einhälig
1882 605 2064 665 versellend

995 684 1110 744 Aß
1148 670 1377 730 Misnun
1402 668 1427 728 p
1492 673 1721 733 Pasrat.
1746 683 1784 743 8.
1809 692 1975 752 Juniet

1015 760 1277 820 Conroborat.
1302 755 1349 815 d.
1374 757 1445 817 110
1481 762 1553 822 der

1381 1106 1625 1166 dinis

988 1275 1224 1335 Was
1247 1268 1330 1328 aber
1365 1267 1425 1327 die
1460 1267 1543 1327 auff
1566 1265 1626 1325 die
1649 1264 1968 1324 Eheversprehung
1979 1258 2097 1318 erfolgt

1016 1357 1219 1417 Ehetagen
1273 1355 1449 1415 betrifft
1476 1354 1585 1414 weilen
1639 1352 1829 1412 darüber
1856 1348 2059 1408 Purtheles

1003 1444 1097 1504 Wie
1118 1441 1222 1501 nicht
1255 1441 1380 1501 Unsers
1400 1439 1474 1499 For
1537 1439 1663 1499 zusein
1694 1436 1852 1496 achtten
1915 1426 2071 1486 sostehter

993 1525 1107 1585 denen
1176 1528 1405 1588 Pfartheyer
1451 1528 1566 1588 Frey,
1577 1525 1691 1585 fahls
1726 1523 1772 1583 Sie
1796 1519 1863 1579 sich
1910 1510 2058 1570 derethalb

988 1613 1320 1673 zuforeündtlichbei
1347 1619 1417 1679 mit
1458 1622 1611 1682 werden
1681 1613 1888 1673 betragen
1916 1592 2083 1652 kömnen,

999 1693 1052 1753 sich
1079 1696 1147 1756 bey
1173 1697 1240 1757 dem
1280 1701 1454 1761 Cvil-
1482 1705 1562 1765 oder
1589 1701 1940 1761 Competirlicher
1953 1684 2073 1744 Richtes

1004 1777 1211 1837 dißfahls
1251 1778 1582 1838 anzuwelden.

1000 1887 1078 1947 Eine
1100 1893 1281 1953 meinung
1315 1900 1450 1960 Erbenn
1495 1905 1608 1965 dieser
1641 1897 1969 1957 Ehekroßsoehung
1980 1871 2036 1931 auf

977 1978 1163 2038 ggültig,
1174 1984 1304 2044 allein
1327 1989 1466 2049 weilen
1512 1992 1583 2052 Sie
1617 1991 1688 2051 die
1711 1984 1898 2044 Ehetagen
1932 1961 2074 2021 alßohr¬

999 2066 1263 2126 absonderlich
1306 2072 1390 2132 von
1431 2074 1501 2134 der
1530 2072 1921 2132 Ehetroskehung,
1934 2036 2059 2096 solchait

992 2149 1022 2209 so
1053 2149 1162 2209 wohl
1208 2151 1286 2211 das
1301 2155 1426 2215 fünt-
1456 2159 1550 2219 alß
1598 2158 1674 2218 das
1705 2153 1829 2213 ander
1877 2128 2047 2188 Wade

989 2227 1184 2287 Trbunal
1235 2230 1307 2290 deß
1370 2236 1468 2296 ober
1517 2236 1849 2296 Chor-Grichts
1861 2204 2021 2264 athängic

990 2306 1212 2366 bebrachtet,
1225 2312 1289 2372 und
1314 2315 1406 2375 aber
1444 2318 1523 2378 H.
1549 2317 1757 2377 Warnery
1796 2301 1913 2361 durch
1926 2277 2056 2337 diseber

972 2380 1060 2440 uns
1095 2380 1149 2440 Ein
1166 2388 1395 2448 nanchoffte
1432 2404 1661 2464 übestagfen
1695 2406 1715 2466 4
1784 2399 1855 2459 d
1890 2387 1927 2447 pe
1978 2362 2067 2422 pre

961 2462 1042 2522 also
1055 2473 1288 2533 abgendent
1301 2482 1356 2542 den
1369 2484 1424 2544 15.
1439 2486 1562 2546 Junii

1532 2602 1716 2662 Finis
