4000 3000
49 1408 203 1482 die Anna
338 26 914 220 Anna Sleiner
226 96 963 339 a Mn era
243 195 992 414 ist uß ug lbemelch durch herr
229 270 938 425 sugh atman des keinen rhate
236 317 975 496 h Großweibel kilchberger Anne
239 380 1002 578 Steiner Joseoh Furers von Wichter
231 436 904 598 hußfrauw, in der mannenkef
249 500 966 663 malen mit ernsthofften worden
949 515 1041 632 1
231 582 980 713 fragt und mit durch mit dem du
226 649 985 807 ysen erfegett worden. Nemlich
240 714 950 836 nit von irer jungeren schwester
239 779 919 881 Margreth sye verwarnet worde
938 829 988 919 sich
230 840 973 975 deß Peter Sllenbergß Zeimeßige
237 916 906 1021 dan derselbige sich  mit Ira
915 972 962 1025 der
236 977 917 1094 Margrseth schon vergangen und
923 1022 989 1095 syde
228 1043 1001 1152 Anna erst do hernach sach mit gemete
237 1088 989 1221 Alenberg uber verwarnen vtieffthab
233 1160 981 1288 so hat sy die Anna doch deselben h
240 1225 967 1324 münsten nit gestendig syn wollen
221 1273 962 1389 dan sy deßhalb von irer schwester
237 1345 981 1464 gantz mit gewußt, bis s erst dar
233 1414 976 1528 nach alß sy den fhäler schon mit
221 1474 964 1579 Ime Ellenberg, vff die Jra gethans
222 1554 955 1642 ehenersprechung verbracht, habe sy
206 1622 966 1726 ire schwester Margreth verwarnet, es
213 1681 993 1765 habe sich aber der Ellenberg, als solches
228 1736 973 1859 offenbar worden uß dem landtge
224 1817 969 1928 macht und sy die Anna nach der
210 1879 1001 1994 warung mit mehr mit imme ellenber
540 1955 566 1992 o
197 1937 990 2054 Iethun noch zuschaffen gehept, biget
218 2013 1001 2114 hiemit gott und v g. mit ruee
207 2083 986 2174 dem hertz demmetig umb verzychnug
208 2213 981 2337 Wyl dise nit fantlich syn wellen
193 2271 981 2399 das sy von grer schwester deß orths
197 2348 982 2503 gewüßt ist sy ledig erkent worde
1790 25 1872 97 191
1084 49 1838 223 Lderwig fischer vor
1049 151 1433 307 Ptistorff
1120 256 1864 389 hrygag den 17. maii diß 1622
1052 339 1118 425 f
1070 329 1860 475 ze bysyn und gegenwürtigkeit deß
1064 387 1916 537 hrauen fürsichtig ersamen und sey
1066 458 1827 589 son herren Vndenbn Spatigs deß
1052 525 1900 657 keinen rhats h Hans Bertschis
1063 596 1917 709 burgeren, vnd Niclau Kilchbergert
1054 658 1875 784 Großweibels, samp Ist Ludwig
1057 723 1880 887 Iichef von Mistorff vber gezigne
1061 790 1944 921 debstal zu Marzili mit ernsthafft
1068 874 1939 977 worgen und betröüwung der Marter
1067 945 1936 1075 examniert und befragt worden
1069 1034 1887 1144 der ist nun anred vnd bekantlich, dz
1078 1095 1933 1221 er des Jenigen Buren Sohn Im Solo¬
1070 1167 1949 1265 turner gepiet, Hanns Kohmalge
1079 1238 1913 1346 nauset syn noher Veter, angewisen
1081 1291 1947 1400 habe wyl erhunst kein Korn zu Muli
1076 1359 1940 1463 zekauffen fundt, das er synem Vatter
1070 1427 1916 1548 Vnrusent, solle kornn nemen, vnnd
1092 1515 1887 1595 Ie daselbige vrkouffen, wie er den
1089 1568 1900 1673 alberet Ime Fischer vnd 3 mahlen
1073 1642 1940 1742 n. müt dinckell alwegen ein halben.
1101 1690 1959 1805 müt umb ein  geben und verkoufft
1097 1765 1867 1853 habe. Vnnd das sy beider yths sich
1097 1812 1956 1935 zuuor mit einanderen Teglichen nie
1092 1887 1881 1989 mandts nützit hieruon zusagen.
1709 1974 1890 2039 geclagt
1085 1988 1960 2096 das aber er gefangne den bewießten
1092 2056 1961 2167 noch auch andere spycher vffbrochen oder
1095 2120 1976 2230 Im munsten darzu geholffen, oder der
1096 2191 1941 2305 von derglychen gewüst noch auch
1099 2245 1963 2377 hemandts utzit entfröuldet habe
1106 2322 1938 2430 Ie er In keinen frag gestendig
1115 2384 1955 2508 werde sich auch vff Imne nit erfin¬
1106 2461 1956 2580 dan er sye ein synes handtwercks
1116 2533 1969 2646 ein Fischer, vnd ernere sich mit
1113 2582 1955 2697 dnselben, wie aūch anderer spner
1095 2658 1902 2778 handtarbeit, ehrlich und reslich
1118 2740 1956 2843 anders werde sich vff Ime mit
1125 2793 1278 2874 vfmid
