4000 3000
266 70 1000 279 nebent denn das er senst wol mite
242 133 1010 369 gnendis ges
234 212 1023 427 landtlet von deßelben wegen eii
266 291 999 487 großem unwillens ab imme tragnn
259 349 1008 550 vnd diewyl sy beide gefangne, von
253 450 1010 619 deß handtwerchß vom gschlecht
241 509 984 680 harkomen sgent, sollent sy zu
239 618 988 776 Ime gahn vnd zane zu besteren
261 688 1002 833 form vnd wysen vnd mang, vnd
242 751 1032 956 und demselben schyn also deß m
259 838 1005 990 namen gebrucht, vnd Ine 2 f
208 902 1020 1058 Zehrp f Jahrenorderet wyl vnde
251 995 979 1124 er das gelt nit gehext, habe er inen
244 1073 1029 1229 2. Hiegli mit einem dicken pf nebet
236 1120 1017 1285 der zehrtung geben aber weder ziezi
235 1217 1017 1344 Schwartzenburg (nach dem zu Weger
244 1302 1021 1421 wyl, wie sy ab belagt, getröüwen
228 1385 1024 1475 dan sy weder gegen der ein nohander
230 1417 1020 1561 persan, noch sonst Jemandtsanderen
230 1510 994 1640 Jemalen mitet bösts furzu¬
251 1591 1003 1715 nemmen oder zu entwenden begert, wee
252 1672 1011 1779 sach auch vff sy nit erfunden. begrenh
233 1730 966 1831 auch selbiges meiner mehr Zethun
251 1801 999 1923 sonder sich jederzyiz irem standt gen
210 1879 527 1969 Zūūerhalten
190 1943 1011 2084 Die Wybßperson sye deß einen als
212 2012 1019 2126 Cristoffell schlutzen Ehewyb, hab de
229 2104 992 2209 solbe vor einem jar by St Gallen
230 2160 972 2283 geehrlichet, habe dbase sye mit
210 2220 1003 2355 dem bosen wehe behafft, vnd zucheit
214 2304 1014 2417 mit einanderen jm landt umbher
214 2338 1015 2499 er der man erhalte sich auch mit chi
198 2423 1010 2588 vnd schifen steinen wie auch Keiden
200 2543 683 2668 umbher zutragen
1942 28 2019 81 15
1124 77 1996 282 derandr als Georg Näyer ist bekantlich
1136 165 2044 325 gals er vor 14 tagen alhie in durch
1227 222 2027 362 by 3 tagen zum Bären veren
1521 294 1689 342 jungen
1137 287 1986 461 harret, das er mit einem cruneter
1124 368 2021 536 zm g h seckelmeisters huß gangen
1117 427 1936 583 vnd einem Hehrpf geuorderet
1128 505 1977 657 da ime den wie dem Trumeter
1162 568 2034 711 st worden, er habe aber dem weibel
1119 632 2001 810 so ime denselben entricht anzeigt
1112 711 2011 869 das er deß verschmachtem handtwerche
1122 850 1193 943 ye
1098 867 2034 1018 Welhent also beidersyths keiner ander
1126 968 2007 1091 enthaten zm munsten nit gestendig
1130 1032 1959 1163 go, bättent also v g vmb
1089 1117 1357 1242 liberation
1084 1177 2030 1311 Sindt zum ersten lär, das andermolhl
1121 1287 1938 1377 mit dem bleinestein und de 3
1108 1343 1962 1455 mit beiden seinen ufzogen worden.
1102 1403 1928 1497 sindt verwisen worden, mit dem lidtvon
1121 1486 1497 1559 Statt vnd Landt
1226 1484 1940 1633 Anthoni Häberer.
1179 1652 2048 1786 Alsdan verschwer tagen
1103 1735 2026 1845 deßgefangnen Anthani Haberers ver
1112 1799 2052 1898 gicht vor un g abgeläsen worden, so habent
1119 1868 2010 1967 Jedoch v g. domalen nit daran komen
1121 1930 1947 2033 mögen, sonder Herren Marguart
1112 1993 2029 2129 Lohender als synem Herren examma¬
1118 2080 1951 2224 toren Zubefhelen angesehen, wyl syn
1112 2144 2029 2282 berricht un g nit durch uß der warheit
1113 2205 1992 2355 gmäß beschumnen, das wol ermelter syn
1122 2285 2005 2421 exammator, den bewüßten schnyder
1119 2343 1953 2517 so Ime haberer dz entwende goldt
1106 2436 2059 2611 ingenäit zuuerhören, wie vil deßelben
1111 2482 2065 2683 gsen auch suepitum Meßerman gegen
1111 2571 2013 2722 dem verstrickten haberer ze confrontieren
1120 2640 2050 2843 ob er imme wie er fürgebe den bewüßten
1115 2682 2032 2896 Trag geoffnet alda der Munchewylerische
