4000 3000
50 1596 199 1676 tommet
238 47 1006 255 starcken trunck bekommen habe, Sye
237 143 1016 328 nach der Malzyg für das Wirtzhis
248 205 998 371 gangen alda Iye pferdt gerüst gest
235 276 986 449 der meierung nach henmet zweiß.
166 317 1032 539 Da komme h stocker von Soloture uß
244 407 977 562 wellicher auch ein guten trunck geh
572 476 717 529 den
237 467 984 621 habe, den rede er am ob der heren
256 533 937 658 mit etwan umb roß zetüschen
934 616 1014 690 hab.
223 596 1003 752 Jedoch alles zue beter meinung
231 670 1008 808 gebe Ime der S hingegen widerum
230 735 1000 872 Antwortt, vnd rednit also von se
221 785 1004 929 Tusch handell miteinandern, vnd z
236 865 1015 1007 allene mit einanderen Gruebtem os
244 917 1003 1051 gryffs er lommgt dem i nach der
233 995 453 1089 Rette,
490 1004 997 1120 get aber darby an gott
233 1079 1003 1197 das selbiges nit boser mennung beschehe
235 1140 999 1256 sy, dan er deß ortts nüt böstsge
240 1193 1022 1313 Sum gehept, noch einichen vfug aus
238 1264 1021 1378 fachen begiert, In dm nun dzs erzue¬
233 1340 999 1437 Jedoch gueter meinung gegen der Ker
237 1405 1014 1513 griffen, schlache der H. Stockr Imne
243 1473 992 1559 an mit der funst an kopff, unnd
234 1537 1015 1633 diewyl er gsechen, das es dem hrerst
246 1600 1026 1692 er hab nüt böß darmit gemeint, habe
251 1663 1016 1765 er sach auch gewert, so best er keinen
234 1714 1012 1836 vnd mögen, Körne also keiner ander
227 1801 995 1902 ursach noch urhab, disers unfugß zu
240 1874 1014 1979 meßen, den dem Trunck vnd Irm
214 1918 1000 2047 Roßtuschen, er Commet erkenne sich
229 1990 996 2103 wol, er hette den G vmb Roßtuschen
219 2060 1002 2164 domalen nit anreden sollen, er habe
223 2126 1005 2227 es abr nit boser meinung than, sonder
213 2180 1005 2316 habe vermeinten, er der hrren sölle es soge
221 2271 994 2401 von imme versthon, als er es zuge
212 2332 990 2471 geredt habe, bieget abr von distoß
216 2378 993 2533 begangnen froffenheit wegen u
219 2449 999 2602 vorderst dott und vrg umb gnad
199 2511 1016 2680 verzychung, vnd diewyl er sehe, das dr 1
185 2567 990 2744 deßen die mehrste Vrsach, wolle er sich
201 2658 984 2840 desto bas, fürer daruor, huegen
222 2732 984 2891 mit er dstmiider in solche ungschiklichkeite
175 2872 368 2990 falle.
1912 -4 2013 60 147
1063 26 1972 254 Was betroffen thut, das er glych anfrangß,
1097 111 1974 295 an g syne ketze verwißen, vnd hieneben
1089 156 1982 359 zu gur gredt haben solle, ob er ein Edel¬
1096 228 1981 404 man und ob imme eine solche kergen zutraen
1090 278 1979 480 gen gepüre. Zürget er by sytem koc
1101 345 1959 533 ger darumb kein wortn wieße, So al
1092 421 2002 591 die umbstendt, solliches von imme gehört.
1094 484 2005 648 und sy sölliches von ime zeigen könnent
1101 556 1964 723 mueße er es wol gschechen laßen, hoffe
1190 622 1943 723 der aufrugen. werde nit anderst syn.
1100 705 1319 776 aber eeg
1092 713 1755 841 den von ires roßtüsches wegen.
1070 794 1968 964 Sieget also vnd g gantz demüetig umb
1120 877 1956 1005 gned vnd verzychung, wie auch vmb
1121 966 1457 1070 entledigung etc.
1080 1000 1984 1146 Ist imme andern zu einem exempel der lidt
1066 1084 1930 1200 für der Burgern zu uß geben worden
1091 1154 1939 1258 untzit, er begnedigung und das er sich
1083 1199 2001 1311 mit hieuorgemeltem h. Stackr vereint
1079 1264 1983 1365 habe, einen schyn von Soloturs bringen
1085 1347 1188 1431 wirt.
1138 1496 1955 1621 Fehan Despbord von
1188 1606 1887 1723 Vnilaril der Amptgūng
1255 1690 1569 1793 Wiblispur
1125 1765 1968 1893 uff donstag den 24. maii diß 1621.
1101 1850 1976 1961 Jars ist zu bysyie, anhören und gegen
1091 1913 1938 2053 wurtigkeit, der Fromen, fur¬
1094 1976 1894 2089 nemen Fursichtigen Ersamen
1090 2032 1959 2163 vnd Seysen Herren Gaundt Fellen:
1093 2102 1935 2223 berg deß kleiner Rhats, imbert
1073 2152 2028 2316 Berstt der Burgieren Mclans Bahers
1066 2219 1984 2390 Großweibels sampt etlicher Weiblen
1083 2303 1880 2437 in g.hl vnd Obern dienen.
1061 2382 1993 2504 dehan Desybord von Grilard, dr
1061 2422 1991 2601 Ampthyung Wibzispurg vber die
1067 2482 2013 2660 wider Inne geclagten vnd wider ein
1066 2566 2030 2745 hochen oberkeit alhie ußgoßne schandt
1096 2627 2053 2797 aht ehernegige und schmechliche wort
1111 2706 1985 2864 nt betröüwung der marter und
1092 2752 2026 2974 ernsthafften Marorn zu Marzili exa
1098 2814 1382 2947 amort woren
