4000 3000
336 140 1014 318 mihel Weit
564 230 839 318 derullt
185 363 1065 510 Denmachgugenwurtiger Min
111 412 1027 539 Oberli zu Grunnen, im gricht Sumist
173 467 1036 584 Walld fürtig vor einer guten unzahr
215 522 1021 626 Jarenn, mit Melcher Hilltbraumer
221 567 1045 689 byläben wurth zu Sumistwalld an
224 624 1077 752 nem by Imme gehaltnen vnnd verzigete
215 667 1026 771 hochzytmal Inn solche vneinigkeyt ge¬
226 718 1012 823 raten, das gemanderen angriffen
200 773 1043 870 unnd Hilltbomner vonn etlich empfar
195 819 1048 929 nen mit einem maßer beschechnen stithen
239 867 1063 978 yn läben ufgäben, eunden unnd verlie
203 918 1045 1020 iren mußen, Sat zwar herr Franntz
203 971 1063 1076 Guder der ellter des kleynen raths, de
200 1025 1038 1119 mals lanndtvogt zu Drachßelwalld
218 1074 1047 1168 uß schuldigkeyt sines getragnen ampts
220 1135 1065 1216 diß leydig beschechnenn Todtschlags halb, ge¬
179 1169 1057 1269 Bereundermaßen, Kundtschafft vnnd bricht
205 1218 1015 1299 ynngenomen, vnnd hernach solche, des
219 1269 1048 1356 umbkommen frundtschafft, uff zr ernstiges
182 1320 1039 1405 Anhaldten, verschloßenn zugestellt, Welche
236 1370 1024 1449 ymmen Gnedigen hocheerenden Herren
212 1423 1036 1499 vnnd Ohberen, Schultheisen vnnd Rath
212 1474 1042 1561 diser Coplichen Statt Bernn zugebracht,
215 1525 1039 1612 vnnd väterliche hilff wider den häter
208 1577 369 1642 begerth,
677 1582 1036 1666 Vÿln Aber derselb
209 1614 1040 1715 flüchtigenn fußgesetzt unnd sich ein zytt
185 1678 1039 1748 laung, vonn einem Ordt. an das ander be¬
186 1725 1035 1804 gäbenn. Ist uß gwüßen ursachen, alls das
196 1769 1060 1857 diser todtschlag mit einem mäster beschechen.
190 1817 1027 1907 kein lanndttag gehaldten worden unnd
202 1870 1021 1951 dise sach vnntzit getz, das man Inn ge¬
197 1920 1023 2004 fengklich ynnzogen annstan verbliben
214 1972 1024 2048 So nun obanzogne vfgenomme Kundt¬
203 2016 1038 2096 schafftsag, welche denn 14. Martii unb
203 2073 976 2157 1590 verhördten znn schrifft verfaßt.
188 2122 1029 2200 unnd vonn den gezügen mit uferhabnem
179 2168 1021 2262 zu Gott dem Allmechtigen geschwornen
177 2212 1047 2297 eyd bestättigt wordenn, inn solchen worten
177 2269 1024 2356 bestadt, Alls an einem by dem vmb¬
169 2319 1011 2408 kommen gehaltnen hochzytt. Oberli der
182 2367 1033 2460 läter unnd Hanns Hünig, so seidt herge
146 2418 1012 2505 storbenn, gyget, habe nach verzügtem
157 2458 1042 2553 Morgenbrot unnd nachtmal, ouch etwasge
146 2503 1050 2625 noßnen nachwyns, der würth selig sy die
2055 -3 2132 66 54
1135 59 2126 266 Göger, zu vnnderschidlichen malen, sounderlich
1178 116 2094 290 denn läter, mit vermellden es sie nun zytt
1182 174 2113 342 habent ouch gnugsam guesten, vnnd truncken,
1182 234 2096 382 hennzegen vermant, Welches Aben er der
1163 257 2142 433 Puter nit thun wollen, sonndern dem Mirth
1172 318 2116 476 vber gethan Abmeinen. Widerrndt, vnnder
1161 373 2134 532 unnderen verlufnen worten Aber, Alls die
1177 422 2053 565 virte iun disem zancken, denn läter be¬
1160 479 2057 640 schuldigt unnd gezigenn, Alls häte er zrey
1174 517 2098 668 etwas Saltzes veruntrüwet, vermeldet
1176 594 2152 722 der würth, müße einem sowol alls dem an¬
1168 647 2134 775 deren wirten unnd solte der leydige tüffel
1176 706 2112 816 vor dem unns gottbewar, inne unnd syn
1170 757 2110 861 frouw nammen, Item er sie wol so guth
1149 808 2087 921 Alls sy beyde, Welliches denn wurth
1169 868 2087 983 zu solchem Zorngreitzt, das er eundtlich
1165 925 2088 1018 den läter mit der funst ab dem stul uff
1150 971 2080 1071 welchem er by dem disch gsäßenn, entweders
1167 1016 2116 1131 gschlagenn oder gstoßen, das er zu boden uff
1162 1070 2120 1175 dennengken gfallenn, vnnd volgents, vff inn
1176 1121 2155 1229 gewüscht Inmeynung, inne Wyter ze schlachen
1172 1179 2098 1262 Wie synen voneinanderen zogen, vnnd die
1173 1230 2040 1314 zeigen, welche by disem gstüchel gsin,
1171 1278 2055 1368 das der wurth an dryen ortenn synes
1175 1331 2051 1415 lybs namblich am Arm inn der syten
1176 1384 2097 1458 unnd am schinbein übel gstochen unnd
1169 1437 2131 1530 verletzt wordenn. Darab sy nit wenig er¬
1173 1486 2154 1580 schrockenn. Ouch by dem ußgefloßnen blutz
1181 1545 2148 1640 saltz ersechenn. Habe der läter ein mäß-
1150 1600 2122 1693 er uß der Hannd inn die stuben gworffen
1186 1650 1707 1724 unnd sie dauon glüffenn
1911 1664 2124 1747 Istmer
1160 1675 2074 1801 gemeltem Oberli sölliches alles so wol
1166 1753 2131 1859 zun wortenn alls znn schrilten mit mer-
1151 1802 2107 1896 erenwortenn fürgehaldtenn, vnnd vorge¬
1163 1853 1490 1933 läsenn worden
1869 1869 2083 1956 Der hat
1146 1880 2082 1997 volgennts hieruf uff sambstag den 22
1150 1957 2093 2060 Rugusti, diß 16 18 jars inn bywasen.
1148 2007 2044 2117 anhören vnnd gegenwürtigkeydt, Der
1157 2057 2062 2176 hrenuasten frommen, fürsichtigen, Wysen
1138 2128 2178 2242 Herren Hanns Rudolff Steygers des kleynen
1148 2167 2098 2293 raths franntz Guders des jüngeren, der
1146 2218 2080 2347 Gungerenn, Niclans Brochers, Groß¬
1131 2280 2107 2401 weybels, Auch etlicher Weyblen miner
1153 2328 2104 2452 Gnedigen herren, vnnd Ohberen dieneren
1146 2370 1991 2514 zu Marzili bekhenndt unnd mit der
1164 2441 1628 2556 marter bespättigt,
1115 2492 2130 2647 Namblichen, Was die Imne vorge¬
1135 2566 2109 2699 lesne kundtschafftsag betreffe, Wyl die
1150 2610 2172 2750 zeiigen personenn, so über disen leydigen handel
