4000 3000
333 91 981 257 Anna Gontier
438 180 969 332 Buren purtis1
984 166 1083 294 d
142 285 1047 513 Als vff Mittwurgen den 20. Januarii diß
241 396 1030 543 1626 Jars Anna Gönner zu Blren
203 468 1039 617 purtig Steblers eines alten Tampuers E
247 528 1016 646 wyb wegen gezigter diebstalen, darumb
252 585 1033 731 gfengklich gezogen worden, durch Seze
256 652 1021 798 Großweybel Brocher, vnnd mich denn
238 714 1049 848 Gischtschryber examimert vnd alles ernste
239 782 1038 915 vermanndt worden, die warheit hebekhennen
221 861 978 985 Hatt dieselbe angaben vnnd bebsendt
178 957 1034 1125 Wie das sy vor ettwas Zytt vmb Mittentag
229 1046 1043 1173 vß Petter Fröndeurychs huß, da Jetz Vette
221 1129 1015 1216 Stettler, der Steinbracher wone, ein Spin¬
238 1177 1006 1289 rad ein kupfferin becke ein ehrin depffi
232 1245 959 1371 vnnd ein Schumkellen, vernntheinret
187 1329 1032 1488 Dem jungen Eygensatz uß syner kuehi ein
227 1441 1038 1549 Zumme Ohrenschaßlen, unnd ein küpffenn
233 1495 375 1590 Becki
192 1573 1024 1682 Duber dem schumacher, hab sy so imme aber
240 1638 1014 1740 Zangentz wider worden, ein zumne blatten
191 1709 795 1803 vnnd ein Schallehi endtragen,
180 1770 831 1902 Zum Mören zwen groß körb,
155 1914 1028 2015 Letstlichen halt sy vermeldet, Obglychwol Ie
224 1989 1040 2086 Msan vnnd sy, sidt dryßig oder mehr farten
214 2039 1013 2145 der arbeit beflißen, ehbendt sy doch nutzit
214 2100 1025 2204 ernbrigen nochh fehoaren mögen Müßenden der
206 2160 1011 2278 halben. In Irem hochen alter die geöste ar¬
218 2228 1019 2340 mutt lyden. habendt ouch nun ei gutte zyt
204 2287 1020 2397 kein herberg finden können unnd sich bald, im
210 2361 1020 2471 diser bald einer anderen schur, sonderlich aber
195 2404 1017 2542 In einer so dißmals in junckee Hanns Frau
179 2478 1007 2575 von Wattenwyls gwaltt sye, da sy zwo
196 2557 1016 2644 Burdenen Strouw, endtragen, sehefbergen ve
187 2604 1020 2731 behelffen mußen. Pittet hiemit vmb Ihgehen
1177 121 2054 301 veröettens sich fürthin so zeuerhaltten
1184 162 2033 349 das grenthalb wylgere elegten, ob Gott
1197 233 1806 404 eill, nit endtstahn werdendt,
1249 386 2042 536 Dise Anna Gynner. Ist untzit
1239 458 2041 590 ff Gnadminer G Herren unnd
1289 512 2068 620 Ohberenn, mit dem Eyd fur der
1300 570 2093 698 Burgeren Zil verwisen worden
1199 1101 2037 1241 schen klantin von
1253 1202 1746 1306 Monzreneiren,
1131 1344 1176 1398 1
1103 1368 2012 1493 Glycherwyß ward ouch Jehan Blantin vonn
1156 1454 2023 1564 Monpreuciren der Landtnogty Milden, wegen
1160 1510 2005 1610 er sich wideumb In myner g H vnd Oberen
1145 1555 2056 1681 Landen, ongeacht gethanen Eydts, das er dieselben
1165 1617 1821 1734 nyden wolle, gelaßen, examimiert
1126 1721 2065 1880 Dr hatt anzeigt, wie nit weniger, dan das er
1132 1809 2024 1933 derh Juncker Hanns Rudolph von Erlach Anno
1147 1857 2056 2007 1609 domals Landtvogt zu Milden hochgenambtte
1141 1922 2033 2076 myner g. h vnnd Obren Landen, mit dem
1125 1970 1963 2134 Eyd verwißen worden, darumben er sich gan¬
1124 2046 2006 2207 Vnc Inn das Fryburg piet begaben, vnnd alls
1133 2095 1985 2266 er sich ungfar, ein halb Jar alda endthaltten
1119 2151 2000 2333 habeer Jagued Yble von Sanzen by vätther
1113 2239 1989 2404 lingen, mit einer Spppliration, darin er
1127 2287 2008 2478 widrumb gnad vnndöfnung des Landts begert
1105 2344 1959 2536 fur Ihr gnaden geschickt, Was nun derselb
1114 2416 1993 2618 vbracht sye in einer Mistoff dere gemeltem
1124 2472 1987 2678 hetern landtvogt von Eflirch zubracht ver¬
1127 2535 2002 2754 schoßen gsin unnd obwol derselb ouch ein andere
1089 2610 1964 2828 forffen, so Jatz zu Geuff fone gefragt
2054 36 2125 115 111
