4000 3000
150 35 1044 230 oberenn gfenngklich überschickt worden,
158 117 1063 294 welche jnne gepürenndermassen exami¬
205 180 971 306 nieren unnd befragenn lassen etc.
244 222 1032 379 hieruf mergemelter Ysen uff monntag
1006 279 1058 349 Hat
237 287 1036 428 denn 10. d. januarii diss nüw ynngang¬
217 327 1034 465 nenn 1620 jars jnn bysyn unnd
214 379 466 444 annhören,
656 388 1048 517 der ehrenuesten, frommen,
232 405 1048 568 fürnemmen, fürsichtigen, wysen herren
232 478 1033 606 Samuel Jenners des kleynen raths
208 530 1043 666 Hanns Bastian Rycheners der burgeren
229 580 1055 722 Niclaus Brochers grossweybels ouch
227 624 1042 759 etlicher weyblenn miner gn herren und
206 682 1049 811 oberenn dieneren mit unnd one marter
169 730 1040 857 ouch formklich getaner bestättigung be¬
167 786 799 877 kenndt unnd verjächänn.
6 834 1044 996 * wie das er Namblichen * mit nün jungen knab¬
194 928 1033 1039 en, darunder die eltesten onngfar 12
215 979 1041 1082 die jüngstenn aber by 7 jarenn alt
220 1025 1044 1128 gsin, so jmme alls einem trüwen schul¬
198 1075 1045 1184 meister sy jnn Gottes worth, best müg¬
191 1122 1030 1228 lich zeunderrichten unnd zelernen ver¬
213 1181 1021 1279 truwt wordenn, synn sonndenbaren
216 1235 1036 1322 reuerenter zemäldenn abschüchlichen
203 1285 1038 1366 unnd unmöntschlichen jnn Gottes worth
217 1335 1029 1422 hochuerpotnenn lust leyder verüpt
212 1383 498 1448 unnd brucht.
519 1383 1037 1462 Enndtlichen aber
233 1435 1035 1522 ouch onngfar vor dryenn jaren an einem
203 1484 1044 1575 gwüssenn ort jnn disem sinem tüflischen
185 1544 1033 1621 abschüchlichen willenn so wyth kommen
206 1592 1024 1672 das er einen jungen knab, so ouch syn
179 1639 1023 1721 leerjung unnd domals by elff jaren
188 1683 1024 1774 allt gsin, welcher so wenig alls die
206 1740 1033 1823 vorgennden umb angerürte grüwliche
202 1783 1030 1877 sünden vonn noch ankläbender kindt¬
163 1837 1017 1926 heyt wägenn nützit gewüsst, dahin
204 1892 1001 1977 genötet unnd bracht, das er mit
184 1934 1012 2026 demselben abermalen mit gunst vor
160 1966 1032 2083 christlichenn oren zemälden, syn schant¬
184 2043 1000 2134 lichenn unnatürlichen unchristlichen
184 2085 1020 2195 sodomitischen unnd abschüchlichen willen
169 2139 1021 2247 wider Gottes unnsers säligmachers
177 2199 1006 2325 heyligen worth unnd alle Erbar¬
138 2248 988 2364 keydt, vollkommenlich jnn der tat ver¬
143 2307 1011 2431 richtenn unnd verbringenn mögen,
154 2380 988 2477 welches alles aber jmme von grund sines
155 2448 700 2545 härtzenns leydt sie.
2019 17 2097 77 102
1181 52 2111 219 Uff sölliche des gedachtenn Hanns Ulrich Ysens
1155 92 2130 268 hoche schwäre abschüchliche jnn Gottes wordten
1143 160 2009 321 hochuerpotne misshanndlungen, habent
1150 206 2090 343 hochgenannt min gn herren unnd oberen
1134 256 2121 397 schultheis, räth unnd burger diser loplichen
1132 312 2104 439 statt Bernn uff jren eyd zuo recht erkendt
1140 394 1495 489 unnd gesprochenn:
1153 413 2034 567 Das man jnn dem nachrichter beuelchenn, der
1105 520 2061 628 jnne obenuss uff gwonnliche richtstatt füren,
1144 555 2060 667 jmme daselbsten uss gnad unnd barmhertz¬
1151 605 2067 723 igkeydt ouch vonn sines erzeygennden rüw¬
1135 657 2087 748 enns wägen, syn houpt abschlachenn, dem¬
1132 705 2022 801 nach denn cörpel jnn ein brönnent für
1133 752 2074 852 werfenn, zu bulfer unnd äschenn verbrönnen
1144 807 2108 910 unnd allso vom läben zum todt nach keyser¬
1136 854 1749 951 lichem rechtenn richtenn sölle.
1209 1014 2016 1123 Obgeschribne urteyl ward uff
1331 1086 2012 1188 sambstag denn 15. januarii
1353 1137 1989 1217 1620 am jmme Ysen er¬
1682 1192 2008 1287 stattet.
