4000 3000
267 41 1021 254 unwillens zwrüschen inen erspart
268 103 1054 324 sy erbietet, sich aber dergstalten anse
276 166 1049 375 az künfftig beßer zuhauten und hre
284 243 1050 407 ehrlich hißzuhalten und ire man
268 291 1019 486 zuuerbeßeren, das ob Gott will derse
1002 394 1055 449 he
287 349 994 522 nit cwyngert sölle ab iren geren
264 426 1045 608 und bieget hiemit und g gantz deh
277 491 875 630 umb gnad und verzychung.
277 540 1049 730 Und nach dem der man zu abwäsen e
250 629 1050 795 froüwen ouch verhört und mit ernste
267 672 1047 844 hofften worden vermant worden, die w
272 730 1050 888 heit Ires gezeugets, vnd vnehrbarlich
265 800 1046 954 hußhaltens anzuzeigen, hra der fran
278 859 1045 992 nit unrecht zu ihme, auch ob er syde
273 912 1052 1063 gstalten ruch nußhandle, des sy von d
281 978 1041 1117 hen wegen vmbenn Kindt komen sie
266 1022 1028 1164 hat er vermeldet und anzeigt, wie it
278 1102 1040 1224 wenig den das er hieuor einem jar alses
269 1144 1028 1256 mit etlichen Rinderen zwar Tunken
257 1217 1021 1337 heimkomen, der hoffnung er wurde syn
268 1262 1053 1388 frouw doheimen finden, das sy zurznht
260 1310 1026 1431 fochet hette, habe aber weder sy noch and
263 1384 1048 1504 weder fhür noch liecht funden berbaldt aber
266 1434 1034 1551 komne sy  gantz voll und coll dahür
249 1509 1029 1602 er den erzürnt, sy die stägen ab
240 1567 1045 1666 in stall zogen und sy daselbst geschlaen
245 1616 1037 1712 gen und er möchte ira villicht ußzon
248 1673 1040 1762 mit dem Fuß einen stoß geben haben
239 1736 1045 1825 sy sye aber erst 4 muchen darnach gnösen
248 1792 1040 1895 ob aber die unzynige und zu Früeygniß
218 1860 1032 1949 vonselben hankome, wuße er nit soll
233 1915 1025 2003 aber vomselben har, batte er Goch vnd
219 1976 1035 2077 und g umb verzyhung, dan ire füllery
215 2034 1026 2139 Ine dorzu bewegt habe. Das er ob
185 2091 1024 2193 hernach sy In ein gmach zn beschloßenn
214 2112 1044 2248 Ira die fleid ob dem haupt und deheit
213 2189 1044 2315 zusamen gebundt, so mitt einer nich
209 2244 1039 2398 geschwunden, sye nit, wol habe ersyl
220 2341 1026 2442 malen von irer Füllery wegen n
202 2384 1026 2521 das sy imme fhäl unshlig und ander
205 2456 1023 2571 uß dem huß verkaufft und dan umbwg
200 2508 1017 2647 geben geschlagen und ohngfärdt seinen
202 2549 1023 2702 bäsen erwüscht und sy mit demselben
194 2606 1035 2764 die lende geschlagen. Das er sy hernach
194 2670 1033 2799 mit einem rinder zanen solle geshich
183 2748 979 2884 haben und sy vor den kinden vornen
191 2767 1026 2959 entbl�ßt, sye auch nit soonder es so
1923 -4 2015 58 154
1180 43 1984 202 läsenstil gsen, mit dem erssy auch
1189 113 1993 253 irer füllery wegen erbert habe.
1133 178 1980 334 dd es machte zra domalen die gippen
1145 228 2000 399 effesprungen syn, die kunder digen ab
1147 298 1980 438 ist zugegen gsin, sonder er habe die
1130 351 2038 506 sinde ußert dem huß nun ein gygda
1133 395 2007 575 her mit goseen verdungen und erhalten
1140 476 1987 614 müeßen wegen das sy nüt guts by irer
1146 538 2018 670 muter lehrnen wurdnnt. Das er jra
1129 591 2019 746 hunger und mangel laße, sye auch nit
1144 647 2018 790 an wan er zn das göuw synem handt¬
1132 722 2004 840 werek nachgange und iren schon spyß und
1147 795 2004 895 anders dauornen laße, so verliederliche
1138 867 1992 988 sy Ime doch alles vertaffe breche zuue
1130 906 2003 1024 über die gmach und trag neme daruß
1137 981 1990 1099 was sy finde, verkouffe es vnd gebe
1142 1022 2045 1150 es dan umb wyn mit ires glychen lieder
1143 1106 2046 1217 lichen personen, jas sy sye doch also ver
1153 1172 2027 1281 offen, das sy auch broth umb wyn vertusche
1130 1237 2026 1349 ja es sye also mit gra bschaffen, das sy gantz
1139 1309 2013 1402 nit nutze, sonder alles was sy vff vnd
1145 1367 2031 1462 anbringen, vnd Imme entzugiken könne
1141 1429 2019 1525 sye umb wyn geben, also das obglychwol
1136 1493 1992 1560 er sich mit synem handtwerk gernn
1151 1563 2024 1651 ehrlich vnd redlich begerte durch zu¬
1152 1629 1981 1736 ringen vnd hußzuhalten, er es doch
1146 1698 2037 1801 mit ira nit mehr erschwrnig möge, dan
1139 1754 2034 1864 sy Inne endtlichen mit Irem liederlichem
1142 1823 1939 1916 laben vnd wäsen gar an bettelstos
1152 1877 2018 1992 richten wurde. Zu dem so sye sy gan
1156 1934 1998 2053 anderen psonen auch nit fromb, sonder
1156 2003 2011 2111 gryffe zu, wie imme den sye geclagt
1161 2083 1992 2191 worden, das sy einem ein pfhn Item
1154 2144 2028 2257 2. bynllachen, vnd ein kannen solle
1139 2180 2056 2318 vintrüwet haben, sonst sye nitwe
1151 2275 2049 2376 inger den das er sy von Ires liederlichen
1163 2324 2104 2445 vnd versoffnen käbens wegen volma¬
1165 2385 2083 2514 in schlache und von deselben wegen un
1169 2441 2082 2586 nirt halte, wo sy sich aber desselben ab
1169 2509 2048 2654 ite und imme ehrlich undredlich huß
1164 2578 2050 2744 helte wurde gar vil bernnden blyben,
1172 2650 1816 2782 aber es symit hra alles verge
1862 2731 2045 2792 en, dan
1167 2684 1868 2861 kein beserung by ira mit uerh
1172 2755 1717 2913 drt also wg gantz de
1766 2841 1832 2905 iet
1160 2805 1569 2972 feshen ochen
1670 2914 1709 2975 ed
