4000 3000
149 168 1046 321 Demuuael befragt, was gesageten Herr bein
205 265 1074 389 Prillius diser sach zeüerschwggen unnd migenden
195 319 1062 455 zu offennbargs fra verzeißen, hat sy beim zeiget,
211 382 1062 509 es habe nach verbrachter that anngerenten nomen
192 443 1057 562 Prilliez fra erwas gelts gebenn, Vnndt der Ee
195 511 1034 634 gesprochenn, Sy solle Ehlenn ann Jeno syn, er
195 584 627 694 Wöolle fra nit schälen.
172 688 1098 821 oniee befaget, woll s nach begrnngenn frilen
206 765 1089 890 Wysers Emn deß Hernen ver Prillic Hußge¬
208 836 1083 956 wenndvt, ob sy mit dem selben sich Permers Vnd
183 894 736 1024 gungen, hat sy bekemb, meig
233 1000 1108 1121 annethiro hat sy vermeldet, nach dem synd
220 1091 1084 1204 underen mit ihra Wegenen der Claudline Rcll
214 1151 1096 1269 für horgricht beschickt, unndt daselbsteng auchden
218 1215 1081 1306 hrs vom Brillicl beeidet worden, habe
195 1275 1100 1400 Domalch dr Frbaret ha befragt, obsy nit
217 1335 1119 1453 gemelten  vonn trillics etwas geschaffung
211 1396 1111 1520 ghag, uff welliches s. wyler hr vog Prillic
223 1458 1113 1577 selbs gegennwürtig gsyn, geanntworttet, nei,
219 1522 1125 1638 Vnnangeselhen die seig annbrost beschaffen ware
181 1581 1109 1691 Daruff er H vom Priltics Unnder annderen
194 1642 1106 1770 gesprochenn, er habe sya Vrsulam Inn siner
224 1701 1100 1810 nattzen frunden, alda sy obs vffgelesenn habe
225 1760 1127 1887 ye hiemit sitzenn, zerbliben, vnndt nie sualt Vßtrafft
193 1853 1109 1994 Dingegen Ist Bernetta Bignarid vorge
223 1943 1105 2042 melter Vosula Stiffmuter aller erstlich ein
225 2001 1115 2111 befraget worden, wie laung es sye, das sy zu
231 2064 1094 2173 gedachter Irer, Stiefftochter Vatter Inn die
236 2121 1098 2222 lche kommen, Wie alt der selbig domalen gsyne,
238 2181 1097 2282 unndt wie laung es sye, das sy mit dem bong
229 2245 1089 2344 prillics sich vergeßenn habenn solle. Disere
238 2295 1095 2400 bernettar nutz hat voff solliches vermeldet
229 2354 1111 2472 es werde zum Kchunnfftigem Augusto Acht¬
224 2427 1105 2535 zeihung fahr Werdung, das sy mit irem jetzigen
233 2479 1120 2590 ehheman der Ursulan vatttern sich verahrlichet,
242 2547 1122 2659 vnndt ye die tochter selbiger gyttenn also bescha¬
229 2594 1131 2714 feng gsyn, das sy schonn gach können, Was abr
973 2671 1083 2767 Deme
2123 9 2196 72 2.
1229 98 2185 282 den begenngen Thuleo belargt, solte derselbig
1264 183 2229 358 ver Vngeschelichen Punsfl Jahren si verbracht worden
1239 304 2212 509 defragt Semnarh, ob sy nom solche sicg nüt zw.
1279 395 2203 546 wüßt unndt ob die tochter die selbig fra nützit
1268 452 2213 627 geffennberet habe. anntworde. Ob glych woln
1271 502 2249 683 9 Bernettas gemalte Ire Stiefftachter vonn disen
1275 578 2246 718 wöl man vil darvom gredt unndt annder sach eide
1274 629 2245 785 wtegen ann ein Stid bff der Laubneg gebrunden vnnd
1262 706 2225 874 gesichmitzt, Im Hoffnung, etwas bß Fra ge¬
1263 767 2194 910 bringen, habe sy doch fra gandz nützit Annzrigen
1275 832 2198 954 nach bekennen wöllen, sonnders sy Sernettat es
1253 902 2100 1058 Hernach vonn annderen rüthegst nemmen müßen.
1290 1010 2229 1154 Denne als man sÿa befragt, ob sy nit denn
1219 1099 2265 1250 Penigen blutttigen nasenn knspern oder anndere wort¬
1256 1169 2261 1313 genheng gesethen, vnndt gfunden, hat sy vermeldet das
1255 1230 2267 1364 zwar der nacht alß am tag zuvor ire stiefstochter
1280 1294 2232 1391 ich mit dem hr vong Ppilligs verzwnnigen haben
1266 1356 2248 1458 sollen, gedachte Irestieffachter BeyFra, wöll
1234 1420 2274 1530 ihr eheman nit buncheinsch gsyn, gelegung, habe aber
1286 1486 2223 1592 einniche wort zeichsIm bott nach lyelachung nit
1287 1551 2268 1660 finden können, was aber denn Jenigen nahen Lumppen
1255 1606 2265 1722 belanngt, habe sy demselbes Ieneinem Kübli Inn
1262 1677 2223 1764 Waßer Iungetruckh fenden, Vnndt als sy die
1272 1732 2263 1839 tochter gefangt, wo shar sy mit komme habe syn fra
1259 1794 2224 1883 zu bescheidt geben, das etliche mannn mit eine
1289 1852 2217 1968 mndern geschlagen, Vnndt sy den selbin vffgelehenn
1258 1916 2009 2025 habe auch wob wüße, weßein ershe.
1281 2010 2242 2159 argirethice gefangt, warumb sy ver forgricht
1271 2104 2244 2216 9ß, hat sy vermeldet, solches vonn der standine
1281 2163 2223 2269 Nocke Wegen beschechenn sin, vnndt wie Wrol sy
1263 2229 2229 2318 Domaltz mehrgemelter that wegung Vnnder annderem
1283 2294 2270 2395 auch zu eßgestoßenn worden, habe sy doch wyll
1283 2348 2214 2472 s deßwegeng einniche wüßennschafft nit ghan,
1258 2402 1990 2517 darflle Weineg bscheidt gebeen konnen.
1844 2637 2150 2756 N1516a
