4000 3000
246 43 1006 281 derde
249 125 973 321 beyer zusamen halten werdeit
238 189 1015 403 dörffte es Iuem wol so baldt gree
253 273 956 427 wie den Bundtneren ergahn
256 324 989 503 anders könne er sich nit erhin
221 394 1023 604 das er aber von Sparrischen conqp
240 463 1033 673 rationen oder anderen anschlege u
223 536 976 715 Mollis oder andere oren wüße,
249 594 1010 764 sich uff Imne nit erfindt. Zwer
959 658 1028 713 e
258 688 1025 825 er wol vff ein Zytz mit eines
248 759 1019 903 campania vnd einem Spannsch
252 803 997 951 hoūptman als er Capplan
239 879 1025 1025 In miderlandt zogen, aber an
243 941 1033 1099 ders sich mit den Iynem brusfgi
249 1009 991 1151 vehalten ) will also Iun meiste
249 1114 1004 1199 von keinen conspirationen
248 1155 1013 1277 anschleg gantz nit wußen, das
255 1226 1017 1334 aber zu chillion ußbrehen welle.
248 1292 1009 1406 sye uß forcht der marter die z
246 1361 1009 1460 anstag zumar betröüwt worden
242 1433 1002 1537 beschechen. bittet V. g. vmb
258 1498 609 1583 Ubegution.
242 1624 1020 1742 diser Pfaff, Ist mit dem Eidt
226 1708 1007 1827 uß ihr gh statt und landt
228 1802 646 1920 Swisen wornd
1870 34 1968 118 178
1118 96 1900 278 Anthoni Rieder synes
1092 174 1911 343 sandtwercks Cein Teggk, purtig
1193 264 1540 367 von Sanen
1083 290 1929 480 Demnach verschminer tagen Anthan Ried
1090 365 1935 532 pürtig von sanen synes handtwercks ein
1081 428 1973 579 tegk mit einerem bricht gefengeklichen alher¬
1098 471 2011 641 geschickt worden. zu wellicherem brücht vermeldet
1094 551 1999 682 wirt, das er dem mueßgegange mir nachzuche
1098 600 1970 744 tetz zu Wirtshüseren sye wol äße unnd
1084 674 2008 797 trincfe, darneben aber mit keinem zytzlich
1090 745 1962 873 gut benabet, dannenhar vermutlich, da er das
1083 796 1990 929 henge gelt, so er also verschwende mit zm
1091 851 1968 970 lichen sachen vberkomen mueße. Habe auch
1089 902 2004 1031 erlangst by einer irnen vßem Aggrsper
1116 985 1948 1090 sich Elßbeth Hiesi namse ein unehrlich
1088 1044 1964 1151 kindt erzüget, uf wellicher iren handel
1082 1133 1230 1186 Annenhar
1090 1119 1925 1210 und wander verentlich, das villecht nüt
1093 1187 1918 1288 guts hinder imme steckenen. Uff wollichen
1096 1239 1933 1352 überschickten bricht ugß nothwendig befundet
1089 1290 2007 1400 das gemelter rieder, synes handeles und wandels
1098 1368 1998 1462 mit ernstchafften wortten exammiert werde
1085 1428 2006 1539 das ist nun vff Sambstag den 16. Marti 622
1097 1485 2010 1604 durch den Ehrenuesten, fro fürsechtegen ersamme
1092 1547 1976 1646 und vegsen H Damel Lerber Buncht, vnnd
1103 1604 1949 1700 deß kleinen Rhats, vnd h. Großweibel
1094 1665 1949 1767 kilchberger gegen imme verrichtet worden.
1087 1713 2016 1831 Der ist nun bekantlich, das er nun sedt einem Jar
1094 1786 2028 1885 dahar syn wyb und kindt zu Reggrisperg alda
1100 1846 1994 1951 sy gefronet wegen er mit ira der frauwen nit
1112 1918 2037 2014 wol nahei Eemen können, verlaßen, und zwar
1115 1970 1990 2067 ai mueßigange vilmalen nachfzogen, Zum
1101 2011 1980 2117 Gygen ab auch synem handtwerck mit ecken
1114 2095 2000 2188 arlägen, als der gewunnen habe. In dem er
1118 2131 2041 2246 nit allem hievor den kilchturn zu Schwartzen.
1109 2176 2040 2308 buge, sonder auch vnlangst den zu Ehrlenbach von
1114 2257 2007 2373 mirem Legckt vnd an vilen anderen orthen ge¬
1100 2290 2012 2433 legekt, vnd hiemit einen schönen lohn gewunnen
1123 2349 1969 2488 ede, wie er den daselbegt, wo vonnothen mit
1041 2414 1991 2537 schrifften und liten fürwysen könne, das er aber
1098 2466 2052 2606 syjenge gelt, so er nun seit einem har dahar unntze
1112 2527 2053 2679 yß, deßen er sich erkenne und imme auch von grung
1115 2582 2076 2749 sies hertzenskeidt sye verthan, werde sich nit er ih
1114 2638 2050 2808 a das er daselbige unrechtmeßiger wyß, wie
1324 2738 1376 2777 aber
1118 2700 2039 2885 dlichter desen gezigen, sonder mit synem
1132 2749 1965 2942 ndtwerck überfauren habe, Dan er syn
