4000 3000
252 37 1098 214 Fursichtigen Wysen herren Jacob di
273 112 1104 264 iers des kleynenn raths Hans K
249 174 1124 326 Dubins, der Burgerenn, Wichaus Ge¬
237 212 1130 375 ers, Großweybels, ouch etlicher weig
269 269 1115 417 minen Gt herrenn vnd Oberen. dien¬
258 310 1108 466 zu Marzili bekennt unnd verzächen,
250 385 1101 513 ouch mit der Marter erhaldten, vnn
238 418 575 520 bestättiget,
179 509 1113 687 Samblichen, vnnd deß ersten, es habe
248 619 1121 743 under syn vater noch Muter, welche seh
236 660 1124 791 kimmerlich bäten konnen. Inne zu kei¬
260 727 1114 839 rechtgschaffnen Gottsforcht, noch gern¬
251 764 1081 877 ennder Arbeyt gehaldtenn noch zoge¬
245 805 1096 925 sonndern imme jederzyt syn fryen wille
247 863 1113 978 gelaßenn, Inmmaßen er merenteyls der
238 921 1117 1028 Pätel, nachgangen, vnnd trachtet, Wie¬
282 967 1108 1095 ich Am mußiggang gehaldten mige f
239 1014 1125 1131 vellich ennd hin, er sich zum Wasenmeist
236 1070 1128 1183 eren. hin. Vnnd wider Im Lannd wonhal
235 1116 1097 1226 begsellet, vnnd Inen Inn dem gedienet
247 1172 1084 1272 das er Zuey gunst zemelden, abgange
249 1220 1103 1333 unnd verdorben Vych gezeigt, dauon sy
236 1277 1114 1379 Imne Allwägen etwas galts, so ermer¬
244 1330 1120 1414 ennteyls mit inen verzächet zu Lon gäben
239 1378 1115 1467 habe ouch hin vnnd wider, vil Abgeunde
233 1426 1117 1505 Roß, konfft vnnd vertuchet. Darumb
239 1481 1120 1560 er denn verkeufferen kein bezalung ge¬
228 1527 1033 1628 than, sie deßhalben noch schuldig,
163 1518 231 1620 3
569 1593 666 1647 5
193 1576 1040 1708 Sinem Buren zu Bunckofen. 4 db
201 1678 1095 1794 Studer zu Chalmn. im Ampt frouwen¬
176 1748 624 1828 brunnen 2 f.
193 1793 1015 1907 Bartli Röt zu Alchistorff, 32 t.
143 1883 1081 2004 Einem Salbetermacher zu Burgdorff
194 1953 370 2049 22 s
879 2008 980 2062 6bl
203 2010 1047 2129 einem Purstman zu utzingen. 12 l
194 2091 1115 2204 deßglychenn einen Jungen man zu Krou
200 2162 496 2236 tal 8 l
146 2221 1061 2328 So habe er dungfar vor dreyen Jaren, Bur¬
146 2279 1087 2371 Hannsen zu Coppingen ein roß ab der weye
181 2331 1053 2418 gestolen unnd das zu Melchnou umb
169 2390 539 2469 7 j verkoufft,
178 2422 1111 2547 deßglychen schwartzhannsen zu etzistort
185 2484 1096 2597 ouchen Roß, so znn einem holtz zu Weg
404 2536 1081 2635 Welches er zu Biel, vmb
165 2568 402 2645 ganngen.
164 2596 972 2697 4. lb verkouft enndtfrömbdet.
1215 1839 1249 1885 11
1257 22 2196 213 wyter vor funfharen, habe er Geörg
1250 91 2109 262 lingn zu Alchistorff, ein nu zwilschin
1500 128 2208 245 deßglychen ein Schwartztuche.
1266 175 2224 331 een mantel, denn er einem glaßtrager
1247 238 1353 312 Edey
1257 230 2163 393 zu Burgdorff umb 2 l verkouft ent-
1238 347 1371 440 zut
1249 331 2124 499 denne zu vtzistorf zun Soloturmans hus
1259 393 2140 559 haben er ein par hustuchm hosen, die er
1254 447 2085 595 an sinem Lyb zerbrochenn. endtragen
1275 543 2158 687 Das er vß vorgemelten Lieren, vnnd An¬
1251 575 2210 729 derem so er gestolenn fürgällt erlößt, habe
1276 661 2209 770 er mit äßen trincken unnd vppiger hürs
1228 708 2194 842 Gottloserwys hindurch gricht, vnnd verthan
1238 820 2193 949 Ien wellichem sinem Gottlosen verruchten
1256 870 2195 972 vnnd vppigen läbenn, er ongfar vor An¬
1260 925 2162 1043 derhalbem Jar Maria Meyer, die Wasen
1243 973 2208 1088 meisterin zu Vtzenstorff, welche des Jüngst¬
1261 1020 2204 1130 uerschinnertagen hingerichten Wasenmeisters
1273 1065 2187 1168 erhwyb gsin. Iun Irem bewonennden hub be¬
1261 1116 2139 1240 schlaffenn, vnnd ongeacht deßen hernach
1262 1155 2212 1262 alls sy nit anheinsch gsin, sich leyder so wyl
1723 1205 2168 1286 das er Gottes der
1261 1236 1476 1312 vergüesbenn
1277 1254 2193 1369 herren gsatzenn vnnd gepoten, Christenlicher
1261 1314 2180 1406 Ordnung, vnnd Allen geoffenbareten rechten
1269 1362 2178 1462 Zuwider, mit bemelter Maria Eyplichen
1281 1416 2138 1511 schwöster Gretli genannt, doch ven¬
1249 1467 2221 1563 wüßennt, das sy schwösteren sind. znn werck
1256 1527 2207 1603 en vppiger zurey, ouch verganngen, Nun
1283 1575 2202 1650 mit Zuchten vor Christlichen Oren zemelden
1283 1627 2205 1690 men willenn mit beyden, one vermelden
1272 1678 2149 1754 das er die ein unnd annder obgehörter.
1250 1721 2134 1805 maßen, mißbrucht. Casterlich verbracht
1247 1777 2217 1864 Allso das er sich mit gesagten zweyen Schwö¬
1265 1824 2224 1931 steren Inn blutshannd schwarlich vergrisen
1261 1872 1706 1962 unnd versündigt habe
1243 1924 2182 2043 Sundtlichen hat er ouch bekenndt. Alls vor
1268 2010 2253 2120 etwas wuchenn ein Furstman zu Alchistorf
1256 2050 2229 2162 Imme sines dunckens, ein gar zuring, All
1245 2101 2241 2224 musen gabenn, darab er etwas gemueret
1263 2147 2264 2291 Inmasten der Furstman, Imme das vmbher
1269 2211 2159 2331 gehönschenn, mit vermelden, er sie deßen
1263 2255 2166 2393 nit wirdig, Wyl ergung und starckh
1228 2298 2228 2447 Vnnd derhalben sich mit Arbeyten, Biderben
1254 2357 2236 2512 luten one beschward, erneeren möchte, habe
1273 2408 2234 2566 er darab ein solchen bösenn willen gefaßet
1253 2449 2232 2614 das er dungfen, vmbmitentag, Alls alles
1272 2508 2202 2673 volck aun den maten gsin unnd ghöüwet
1266 2557 2171 2742 Inn beruets Burenhub genngen, Ab der
