4000 3000
268 152 812 257 Aclus d
826 176 1014 315 56
461 227 822 333 Roppelstriedt
125 341 1013 500 achdein gegenwürtiger No
176 435 965 538 Beß zu Koppelsried, der Amptyung
175 484 1000 590 Buchser Furtig vor etwas wuchenn Im
215 537 995 644 miner Gnedigen herren vnnd Ober
211 591 986 682 hochen unnd dero rydtgnoßenn vom
187 633 1010 752 Salotnen Nederen grichten vonn gefoß
187 684 974 785 Argwonswägenn, gfengklich ynzoge
171 734 992 824 unnd mitmarter exammert worde
176 783 986 877 Hat derselb so hoche vnnd schwäge niß
176 828 723 898 hanndlungen bekenndt.
822 838 1013 932 das er hih
178 873 996 966 genannten inmen Gundigen herrenvn
185 915 1000 1005 Oberen mit lyb unnd guth zuerkende,
188 970 999 1051 Volgenuts ouch durch Iren diener, den
187 1018 1001 1118 Freyweybel zu Eimpach gfengklich zu
189 1070 967 1159 bracht, vnnd vberlifert wordenn,
206 1120 1006 1215 welchen man nochmalen, vber die guns¬
203 1166 994 1259 en, deren er nit nun anclagt, sunde
205 1223 999 1305 ouch schon bekanndtlich gsin, gepurenden
199 1262 1001 1362 maßen exgminiert, vnnd befragt, de
206 1312 995 1398 hat vff onnstag denn 23. Aurilis
200 1363 995 1438 diß 16 18 jars inn bywäsen anhöre
200 1410 699 1493 vnnd gegenwürtigkeyt
707 1419 1002 1499 Der erenueste
203 1453 967 1534 frommen, fursichtigen, Wysen herren
184 1501 985 1586 Hanns Rudolff Steygers des kleyne
193 1552 975 1632 Raths Michel Zeunders, des ellteren
193 1602 952 1674 der Burgeren. Nichans Brochers
164 1632 967 1737 Großweybels, ouch etlicher Weyblen
205 1691 1000 1782 mider G herren dieneren, vorgemelt
211 1738 966 1835 yn getane vergicht, vnnd begangne
197 1801 995 1877 hoche, ouch Abschuchliche misthandtungen
198 1838 959 1940 bestättigt, inn volgeniden worten
173 1943 989 2044 Deß Erstenn habe, Gurs Wist. dem wurt¬
178 2004 958 2090 zu frouwenboinnen, Allser nochzu
157 2051 1002 2156 Kamseren wonnhafft gsin, uß sinem seckt
183 2107 832 2199 ein ducaten vermntrüwet 1.
163 2162 985 2283 Demnach hat er vermeldet, wie das sin
173 2250 1000 2348 eelteren iun siner zugentz gstorbenn unnd
170 2299 948 2392 Wyl ervonn mengklichem verlaßen.
161 2344 961 2436 Pätel umbhergezogenn, vnnd von ne¬
145 2380 994 2488 manden zu gottsforcht gehaltenn worden.
160 2437 968 2527 habe Inn so ein schaundtliche Vnmöntsch
140 2488 974 2592 liche begirt, vngenommen, das er sich
1957 -48 2097 64 4940
1108 37 2159 253 ider Göttlichenn Naturlichen, ouch wält¬
1118 108 2125 290 sihenn gesatzen, vnnd Allso allen geosfen¬
1112 161 2084 355 greten Rechtenn vnnd Ordnungen zu¬
1085 216 2161 417 wider mit gunst vor eristlichen oren zemelden
1112 272 2082 447 zum annderen mal, erstlichen ongfar vor
1114 343 2097 494 vier unnd letstlichen ongfarvor zweyen
1092 386 2117 535 heren unchristlicher wys schwärlich ver-
1120 432 2075 608 genugen, vnnd vertieft habe, das sie Im
1095 490 2019 650 aber vonn grund sines härtzens leyd,
1096 595 2115 748 Vff solliche des gedachtenn Niclaus Heßen
1113 653 2114 801 hoche schware, vnnd Abschuchliche mißhand¬
1115 703 2095 839 lungen, habent hochgenant nun Gnadig
1111 761 2084 893 herren unnd Oberen, Schultheis räth.
1103 821 2113 940 unnd bürger diser coplichenn statt Bärn.
1106 869 2031 990 uffhren Lyd zu recht erkenndt unnd
1121 967 1380 1052 gehörochem
1055 1044 2070 1195 I as man zun dem Nachrichter beuelchen
1058 1134 2049 1231 der Inne Obenus vff gwonnliche Richt¬
1082 1185 2028 1288 statt turenn. Imme Allda vonn erzeyg¬
1087 1231 2021 1321 eunden eüwenswägen us gnad unnd
1099 1287 1968 1369 harmhertzigkeyt syn haupt Abschlachen
1973 1326 2004 1379 1
1099 1338 2055 1413 Demnach dern Cörpel Inn einbrönnett fur
1090 1388 2086 1459 worffenn zu Bulfer unnd kischen verbronen.
1121 1439 2005 1529 vnnd allso vom laben zum thodt nach
1091 1493 1882 1585 Weyserlichem rechten richten solle
1229 1614 2023 1728 Disere Urteyl ist uff zinstag denn
1297 1695 1990 1761 28. Aprilic. Ann gemeltem
1340 1733 2034 1845 Heßen erstattet worden
1207 1864 2010 2083 Christen Geig¬
1253 2035 2021 2149 uß der Kilchöri Bollingen
1051 2155 2038 2314 N Ist wägenn beganngnen deiten fi des¬
1118 2236 2037 2342 Inn hurey, mener Gnedigen Herren, vnnd
1103 2288 2066 2414 Ohberen Lannden vnnd gepieten, mit dem
1093 2318 2089 2476 Eyd verwisenn wordenn, denn 12 Junii
1123 2360 1536 2474 deß 1628 jahrs
1286 2495 2109 2706 Ulrich Bonngart
1398 2637 1995 2758 vonn kouffdorff.
1098 2624 2111 2815 Istglychfals denn i9, gbris deß 1618 Jans
1116 2712 2110 2870 ouchwegenn des dritenn fälers, miner g. h
1109 2755 2072 2922 vnnd oberen statten launden und gegieten
1129 2804 1893 2977 mit dem eyd verwesenn worden
