4000 3000
26 79 907 245 D unnd alls imme fürs viert fürgehalden,
126 160 960 294 worden, es halte deßiht fromwsichen
309 242 378 280 We
156 204 936 362 sy gehrng renerenter den zrezte
147 254 934 427 hembden ein groß mißfallen nn
145 315 908 478 er sich Iren destonwinder belede
132 370 926 529 derhalben volgen das er gefnnngen
157 435 943 578 obglyche wol er keins bänderel
161 486 930 628 Wie er hieuor bekandtlich syn wer
155 540 951 695 uf Werigst, des junckeren Man
153 608 951 743 gliothensan hannd genommen unnd fol
143 660 942 785 bewegkhaben, biß sich der Semegen
164 721 893 852 zeigt, hat er deßenn noch Annder,
158 781 960 905 vemenschliche werck nochtaten mit
151 846 951 947 dem Junckeren begangen, oder ver¬
151 906 899 1016 upt, inn keinen weg gesteundi
143 942 951 1063 wellenn, sie im auch nit zugemuht
173 1026 954 1127 worden, er vorgemelte doch hatt¬
176 1088 939 1162 vermeldet wanner vorgemelte
171 1140 939 1246 sach, das wurgen genant An zr
169 1200 927 1298 fürgenommen unnd brucht habe er
164 1265 932 1364 der glsynn hannd Inn Hoßensack
169 1311 939 1424 gestoßen, vnnd sie mit derselben gan
161 1379 939 1483 uerüig gfin, was er aber dann
164 1448 905 1544 than oder gmeint möge er nit
174 1495 945 1608 wußenn, vnnd soudl deß gfro
159 1556 935 1659 en erclagen obgemelt betrieffe
183 1630 954 1727 hatt er volgenden bscheyd daruber
174 1689 951 1789 gäben, wie das er vor einer guten
174 1749 951 1844 anzahl Jaren tnn des hinder Schl
172 1809 951 1908 zu Khallwyl bescheyden unnd alle
172 1870 920 1969 er daselbst Inn ein sonnderbar
169 1925 894 2034 gmach geürt worden habe der
158 1981 930 2087 trondsen bruder inne angen
149 2040 942 2140 Das er mit j Hanns Casner sinen
155 2084 937 2217 Schweger Sodomg triben beschuld
170 2150 953 2287 unnd ihme wann er die warbeyt i
163 2217 944 2346 bekhenn, den thodtetrauwt, wolgen
167 2280 952 2426 auch alls er ime was für ein bschaffen
148 2333 934 2492 heyte es deß wurgens halb hab 1h
156 2402 927 2537 ein kappier genomen unnd das
126 2461 909 2612 Ime zumanderen malso part
133 2514 923 2688 An sihn hertz gsetzt, das uß fine
129 2581 937 2743 geöffneten zilege ein wenig blud
119 2631 929 2804 gefloßen, darab er uß schrecken
117 2684 926 2878 zubodenn gfellen, unnd habe b
1970 17 2031 78 28
1064 32 1926 156 das die frauw, alls er widerumb
1087 95 2009 218 ufstaunden unnd zur tür hmußwellen
1088 154 1970 252 nitt einem mäßer nach zme gstochen
1095 203 1949 299 vie nun ergefangne, sölliches smein
1080 262 1971 379 vatter erzellt unnd derselbvolgendt
1083 316 1871 426 hr h Oberst vonn Erlach, domalz
1083 366 2006 483 lanndtvogt zu Bentzburg, auch vbrigen
1073 423 1946 518 argöuwischen unnd anderen irem
1079 482 1988 583 verwandten adel so zu Grostburg by
1082 544 2010 647 samen gsin gangen unnd ihnen glychfals
1076 596 1961 689 solches nach leuge, erofnet, habenn
1082 653 1995 757 die Junckeren sich samptlich morn¬
1079 710 2011 807 origenn tags gan Hallwyl begebenn
1076 772 2004 868 das gricht daselbsten versamlet unnd
1082 831 1950 931 habe er gefangne, deßglychen der
1067 894 1996 984 Räbmann Bartman Schluner vnnd
1076 942 2001 1064 noch einer so albrächt gheißen, welche
1072 1003 1972 1123 das wurgen mit dem Tunckeren
1076 1065 1938 1168 ouch brucht eroffnen mußen was
1075 1113 1947 1243 maßen dise am tn verrichte sach
1072 1172 2018 1301 beschaffenn sye, volgents sie die fromt
1076 1234 1966 1345 das sy nit allein irem hinsonderen
1082 1296 1997 1389 auch Iuen vbertan, habe zu einer endt¬
1075 1358 2004 1465 schlachnus gwisen, vnnd habe Ir bruder
1065 1411 1972 1520 deß h Schwager, ein Syd, 2 Jar lang
1061 1478 1973 1565 Inn das schloß anndersteit alls
1067 1526 1989 1629 dem gast zekommen schweren mußen
1043 1580 1966 1720 was fürsfünft, das er zu Gafel, das fi
1070 1681 1955 1773 er wienor z Hanns Caspar halb zi
1077 1733 1947 1825 Lantzburg bekheundt Allerdingen
1068 1789 1972 1888 widerrufft, vnnd solches strenge der
1070 1842 1972 1933 marter zugelegte betreffe darui
1069 1900 1908 2000 habe er zochlichen gefällten sie nit
1072 1956 2010 2054 fegwillig gan Raßel ganngen, sonndern
1067 1990 1953 2104 durch zu Scheyner von Zürich unnd
1073 2075 1988 2170 anndere personen, mit Schenckung
1071 2112 1968 2230 verheißungen, vnnd das solches dem
1070 2174 2018 2278 Sy Zū Schaffisen, vnnd einer Adelichen
1067 2255 1963 2348 frundtschafft will, vnnd begaren sye
1067 2292 2028 2400 bewegt wordenn, ouch zu Basel durch
1066 2340 1932 2470 sy Hanns Lahrar unnd syn fromd
1062 2417 1989 2496 selb, deß fürwendens, das werd nit
1051 2462 1923 2585 allein dem In sonderen ouch Ime
1064 2513 1977 2638 gefangnen zu guttem erschießen
1060 2558 2012 2696 unnd wie wol er einfaltiger wys,
1069 2614 2019 2746 dem jeiigen, so zu ime kommen dere
1058 2677 1978 2811 keiner ime bekant uff zrfragen
1060 2747 2010 2874 geantwortett, So muße er doch Jet
