4000 3000
205 73 1077 302 Ladamcrelliei
397 200 893 285 Junger knab
184 244 1043 412 ff Donstag den  brs
205 347 1069 484 gars durch die ehrenuesten fran
197 373 1046 523 fürsichtigen Ersammen, Wysen herren
191 446 1052 573 Johanns Megger des kleynenn raths
193 490 1012 600 unnd Amman Galldi. Ward adan
173 549 1021 655 Tretli vonn Tystet unnerr fryber
191 598 1049 718 Im Brystgöuw im Margraffen Lo
199 650 1064 766 gelegenn, ein jungknabli by 9 oderw0
182 699 1052 820 harenn allt, über das von Burgdorff
194 753 1044 868 Allher gschickte Schrybenn, vnnd sonsten
216 804 1046 911 mit ernsthaften wortenn. Examiner
197 855 997 958 Der hat volgennden bscheyd, gäbenn
180 931 1041 1063 Syn Vater sie schon vor einer guten zeit
203 997 1054 1100 gestorben, vnnd wiewol er sich Inn eine
170 1058 1028 1149 Metzgers dienst zu Eystet, begäben
218 1114 1048 1202 hab doch syn muter, so auch balld darna
194 1162 1039 1243 todts verfarenn, Inne darus genomen
190 1213 1032 1310 vnnd dem Pätel, mit welchem ersy
200 1262 1048 1342 unnd zum einzytt lang erhaldten nach
181 1317 1069 1402 gschickt. Imselben Alls er durch ein große
194 1365 1059 1455 valld gan wellenn, habe er nachgenamte
214 1425 1058 1509 bose buben, Inn mite des walldts byein
216 1472 1065 1537 annderen ligen funden, welche zun Was
233 1523 1033 1612 yn thun seye befragt, vnnd nach off
206 1561 1062 1663 nung deßelben, obglychwol er gschruwken
206 1632 1062 1714 vnnd sich gewidriget bunden, vnnd durch
207 1673 1027 1741 die leunge des walldts znm ein Becke
194 1739 1047 1797 hus. Inn dem vnnd annderen derglychen
197 1772 1000 1849 huseren. Wyl sy merenteyls einzu¬
199 1821 1054 1919 stanndent sy sich eundthaldtent getragen
161 1877 1050 1958 fürgäbennde sy wellent im Spys und
205 1916 1038 2006 traunckh ouch kleydung gnuggäben, mit
191 1965 1048 2061 betröuwen. Inne fals er Iuen nit Volge
158 2024 1050 2119 woll, zetöden, habent vff sölliches Innege
175 2077 1056 2189 fanngnen, doch Allwägen, damit er za
183 2138 1035 2230 nit vßeyße, mit einem Seyl gebunden
176 2175 1030 2265 Zuen gfurt, vnnd zwungen, das er Juen
182 2210 1045 2327 etliche diebstäl mußen verbringen helfen,
212 2260 1041 2368 s habennt ouch Inn einem Walld, der G
170 2310 1029 2419 smistein genannt, einen hh o inen einget
178 2350 1042 2479 begegnet, ungriffen unnd alls derstel
187 2422 1015 2513 nach dem er sich bestmuglich gewert
148 2462 1036 2571 enheyt halb. Absinem Roß, welches g
184 2530 999 2633 mütig gsin gfallenn, habent sy zun
996 2560 1041 2603 jut
549 2569 1039 2662 uund nach dem sy
176 2600 399 2674 gschlagenn,
169 2615 991 2724 ußzogen, auch ein guten theyl gällten fr
2091 17 2167 75 88
1759 54 2110 130 Nachwellichem
1184 82 1761 235 zun ein hole lyich gestoßenn
1206 98 2154 271 sy zun zwingen wollen, drey Meyer höff
1185 160 2178 308 Inn disem walld ligennde, Anzezundten, Wyl
1213 209 2106 335 er sich aber des geweygent, habent sy es
1598 244 2127 339 vnnd inne gefangnen
1193 305 1422 396 selbgethan
1181 287 2170 434 uß hornn inns fürgeworffenn, inmaßen die
1176 345 2155 485 Kleyder imme ain lyb verbrunnen, vnnd
1194 416 2158 530 er etliche blateren dauon empfangen sie
1197 468 2134 579 aber durch die Buren erretet worden, vnd
1189 512 2119 621 nackennd gan Fryburg gangen, da er was
1195 571 2142 682 sich verlofenn erzellt. inmaßen man diser
1179 609 2174 724 bösen bubenn einer, so auch allda gsin ergrife
1174 668 2035 775 unnd mit dem strangen gerichtet nach
1177 714 2170 829 vellichem häte er sich diser bösen gsellschakt
1685 768 2160 849 Vyln aber siie ellt
1165 786 1500 890 gern enntzogen.
1146 811 2110 925 heren gstorbenn unnd sich sinen niemandt
1182 856 2142 962 bladen, noch Auguen, habe er vß not dem
1159 931 2144 1016 fhätel wyter nachgan müßen, inn welchen
1178 971 2175 1078 dise Personenn, so sonnderlich vff Inne geachtet
1166 1024 2151 1121 Imme Jederzyft begegnet, vnnd Ine zwungen
1192 1080 2094 1153 mit Inen zegan, eundtlichen damit er
1172 1136 2055 1218 Iren ledig werden mög, hab er sich mit
1188 1171 2132 1281 einem altlechten man, so wetstein unnd
1184 1243 2133 1322 derglychenn sachen trag, inn dise lanns
1172 1297 2143 1369 begäben, Inn wellichem wider Alles ver¬
1191 1352 2056 1439 soffenn bemelter siner gspanenn einer
1165 1403 2105 1485 Michel genannt, Imme zu Burgdorff be¬
1166 1450 2110 1533 gegnet, der habe nach vorigerwys Ime
1189 1499 2121 1582 anngehaldtenn für ynnzelegen, mit vor
1196 1548 2140 1638 meldenn, das ward imme nützitschaden,
1173 1591 2143 1701 dann er vil hüser verbrönnt, sie iie deß
1160 1639 2098 1735 halb kein leydwiderfaren, mit ange¬
1155 1691 2114 1795 hencktem betröuwen, Inne, falls er sich
1138 1747 2155 1860 Nunghorsam erzeyg ze tödenn, habe hieruf
1177 1796 2138 1899 ein angezuuten Schwur, vonn Ime ein¬
1110 1837 2102 1941 pfanngen, welchenn er Inn Strom
1176 1903 2106 2013 so vor denn Schuren der Statt gelegen
1164 1924 1473 2019 leggenn söllen
1782 1977 2125 2074 Wyln aber er
1160 1989 2150 2140 gefanngne nit gsinnet gsin, diß übelze
1155 2062 2102 2185 nereichtenn, habe er Inn abwasen vnes
1154 2104 2164 2273 gsellen, denn Schwuin Inn waßen gestoßen
1106 2167 2150 2308 vnnd dennselben Inn syn Lädennen hosen
1153 2210 2137 2379 lack gethan, vermeinende der sie erloschen
1160 2249 2038 2399 Allsnun er by einem Meitlin, vmb
1162 2327 2159 2485 nacht herberg angehaldten vnnd ein fraut
1158 2369 2147 2558 so nit wyt von imme gstanden, gsproche
1151 2431 2100 2607 sy schmöcke für hab er Angentz inn syn
1164 2490 2081 2667 hogensacks grifenn, denn Schwann. Inn
1132 2541 2158 2730 wellichem noch fur gsin, fürgezogen, d
1143 2594 2124 2787 aben erschrockenn, sie derhalben noch
1146 2642 2078 2852 Port, vnntzit gan wynigen, da er
