4000 3000
387 93 1064 279 Cuconlulituler
219 150 1067 373 I Donnstag vorgemelten mon
242 242 1062 421 unnd jars inn bysyn unnd anhören
256 295 1059 464 auch Ehrenuesten, Erommen furnem
245 348 1051 503 fursichtigen, Wysenn herren Niclaus
218 401 1060 561 Kilchbergers, des Kleynenn Raths A
223 450 1065 618 ham Fenners, der Burgeren, Nielaus
232 502 1071 664 Brochers Großweybels, ouch etliche
249 566 1067 717 Veyblen, miner G. herren vnd Ober
238 607 495 696 Lieneren,
155 701 1061 861 Hat gegenwürtiger, Durs Mulihh
230 773 1059 914 zu Heimenhusen, by Herrzogenbucht
152 837 1049 963 fürtig nachuolgeunde diebstäl auf
206 891 1052 1013 Abschüchliche gruwliche mißhandlunge
232 945 1037 1057 zu Marzili bekenndt unnd verzächen
196 1011 1046 1111 Auch mit der Marter erhaldtenn und
226 1054 532 1137 bestatiget,
231 1155 1050 1270 anblichen vnnd des ersten, habe n
173 1213 1053 1303 Laterbach zum Soloturn pieth: ein Alte
219 1269 1054 1351 värgeßen gestolenn, unnd die dem Schmid
236 1321 1050 1420 zu wynigen umb 3 batzen verkouftn
220 1392 1050 1509 Dem allten Äbi zu Mistelberg wiez
193 1471 1020 1543 glych ouch vff der furenn, hab er ein
221 1526 1043 1593 houwen, vernntruwet, vnnd obbemel¬
224 1571 1047 1661 ein Schmid umb 4 batzen. Verkauf
203 1642 1035 1744 us einer karrhouwen, die er zu har
191 1710 1046 1798 vennbargenntwennt, haber zu dorch
230 1763 730 1859 erlöst 2 batzenn
164 1829 1011 1945 zu Liggißwyl hab er ein allt biel
207 1894 1047 1990 für welches zmmde der Schmid zu Wy
224 1954 885 2054 3. Krützer zallt gestolen,
168 2015 1026 2134 Ein Eynnlachen so er Annstadt eines
204 2094 1026 2194 Hembdts vmb sinen Eyb hat, habe et
190 2153 766 2241 zu Subingenn entragen,
175 2201 1035 2325 zu butigkofenn im ampt Burgdo
207 2279 1013 2348 habe er einem Lanndtman, ein pa
200 2311 1027 2422 schlecht zwilch hosenn und zwöy 2u
186 2375 987 2463 lachenn, zu entfrömbden vnnderst
219 2437 992 2534 ie aaben darvb ergrifenen worden
172 2502 995 2595 sonnsten bekenneen, das eräßig
166 2558 1020 2649 hembder hosen unnd derglychen vind
172 2610 986 2719 züg, beil enntwent, das imme nit
174 2683 963 2784 lich solches alles Anzezeygenn
2037 30 2114 89 94
1173 83 2119 251 viter bekenndt er, es siemit vsar Roggwylen
1197 111 2106 276 vvor Sibenn Jaren zu Arwanngen, vmb di¬
1194 166 2054 318 unnd annderer scheundtlichen untaten
1147 215 2073 375 vnnd geuwlichen Sunden willenn, mit den
1173 268 2106 414 vnd hingericht wordenn, vnnd er gegen einer
1171 293 2127 462 diennstmegt, so selbiger zytt by einem landt-
1173 356 2097 506 man zu Anwangen benndicht Baßer ged
1174 419 2133 542 nennt, welcher vor etwas Jaren gestorben
1170 462 2078 613 gedienet, Inn vnordennliche Liebendtzunz
1544 509 2121 602 leißhalb alls dise meigt.
1144 568 1320 653 wordenn
1147 574 2070 704 an einem sontag gan Solrturn ganngen,
1156 625 2089 751 habennt sy derselbenn uff der Amenbrugg
1141 674 2093 801 Am Abent gewantet, Welche sy volgents
1135 736 2094 842 Alls sy daher kommen, Ires scheundtlichen
1165 787 2082 884 villenns zepflegenn, Angredt, desen sy
1182 839 2113 936 ich zwar mechtig geweygeret, vnd gspert¬
1172 897 2055 998 y Aber, habennt dieselbe zwungen, Iren
1167 951 2067 1041 scheundtlichenn fulen Lust, vnnd willen
1163 996 2126 1082 mit iren verbracht unnd nach dem, dannt
1157 1051 2084 1138 sy deßhalb nit anclagt wurdenn, Jämer
1162 1106 1438 1182 lichermördt.
1648 1105 2097 1185 vnd wiewil e
1145 1172 2025 1262 Mulitaler vor önngfar funff Jahren,
1161 1218 2070 1314 deßhalb zu Arwanngen gfenngklich yn¬
1157 1276 2086 1354 zogenn unnd letstlich mit dreyen steynen,
1153 1314 2003 1398 urch straunge gefoltert. Sie er doch
1154 1362 1994 1454 vyl ernützit bekanndt. wieerumb
1148 1412 1722 1511 ledig glaßenn wordenn
1115 1462 2025 1586 Alls nach disem er gefanngne, nechtlicher
1150 1541 1996 1623 wyl vff Subingen, Soloturn gepieths
1154 1587 2050 1683 zuganngen, Sie vff dem shälld. Imne
1147 1641 2104 1740 der leydige Tufel, vor dem Gottmengk¬
1140 1687 2091 1792 lich bewar, sines dunckens zum Schwackz
1157 1720 2077 1857 fleydung mannlichen gestallt begegnet
1147 1780 2041 1899 Velcher Inne erstlich Angredt ober mit
1131 1825 2034 1964 Im woll, vnnd nach dem er In gsprochen
1115 1878 2094 2021 Ouch sy daruf wenig mit einanderen gang
1124 1932 2054 2059 en, haber Imme angemutet, sich Imme
1141 1957 2097 2121 zuergäbenn, mit versprächenn, fals er das
1147 2013 2049 2167 thuye, Imme an gallt kein mangel ge¬
1139 2071 2081 2224 laßenn, mit meren liebbosennden worten
1137 2113 2040 2274 Innmaßen er sich eundtlich weyder breden
1142 2177 2033 2342 laßenn, sie vff solches, vonn Gott sinein
1127 2218 2015 2385 Schöpfen Abgfallenn, dennselben ver¬
1114 2287 2020 2456 elougnet, vnnd dem bösen Geist sich nit
1139 2350 2090 2505 nun Allenklich ergäbenn, sonndern auch zur
1134 2384 1995 2552 bystätigung imme die enst keißt, nach
1142 2461 2075 2610 olchem haben Im io batzen gaben, zue
1122 2464 2044 2678 das Wambsel abzogenn, unnd vff der
1142 2564 2092 2731 ingkenn schulterenn zeichnet. volgents
1134 2584 2035 2794 vom bodenn vfgehept, vnnd durch die Lüft
