4000 3000
51 44 924 189 Wire auch so er ainfengklich weg
160 129 933 246 erbeschuldigt worden geg
169 175 861 300 hete, niemalen Vßtratten
857 234 945 313 6
85 278 942 437 acl des Bubman betriff.
162 361 933 469 befragt worden, was magen
158 405 943 517 wungen beschaffen sie, hat a
162 456 947 555 meldet, wanner solches bn
163 506 943 611 brūcht. habe er In mit einer ec
139 560 933 658 denmund verheben unnd mit
153 605 921 704 annderen, den halß auch dieg
163 658 952 761 riben unnd mit ein tünw ws
163 704 947 820 buchtrucken musen, vntzit d
162 762 936 858 brin worden unnd imme ufzehr
154 818 942 905 dütet endtzwüschen sie er mit
160 873 931 965 lincken hand, Inn sinein hoste
157 919 955 1018 tack gab uwrüwig gsin unnd hab
159 977 942 1066 zwerongangs libt gwüsn
145 1024 946 1118 der s dammit gmeint nachwe
158 1072 942 1150 aber gespurt, das er syn Manli
125 1127 934 1217 samen von ihmme trilfen sonste
163 1179 932 1273 habe der z ime nützit unzimlich
155 1234 937 1325 Augemutet, das er ime dem
169 1281 949 1377 junge knaben zugfurt haben sol
163 1333 941 1426 Ir einnußverstand, wyl deß
162 1386 920 1464 anderen Pnncktern Räbman
176 1428 932 1531 solches gethan, der sie noch bishe
176 1481 944 1583 nit ihm verhafftung gnon worden.
270 1548 913 1699 Hunon Auni
115 1645 939 1818 Demnach Sunon suntz sich an sine
164 1765 938 1880 gehepten grichts oder zupoten dins
155 1805 920 1920 so unteüwlich vethalten, das mun
164 1856 935 1978 gnedig herren unnd ohberen ist
152 1904 934 2042 den gungsamen ursachen, innet
168 1956 930 2092 enndtsetzt unnd daby alles ernst
147 1991 931 2150 Vermant, denn Jeigen denen
145 2064 919 2211 etwas inzogen, das ir zuhande
128 2111 921 2267 zestellen unnd sy unclagbar gen
124 2176 923 2331 Auch die sachen, derenhalb er sichen
128 2226 941 2375 Im rethtgestelt, furderlichst
109 2283 912 2424 gneundzetryben, an weliche
89 2331 917 2479 Allei aber er so seimfelligers
121 2375 912 2542 das sither und erschidliche klegt
111 2431 928 2603 hochgenanten innen zgfurh
120 2492 921 2661 worden, inmassen ir g bernet
66 2508 912 2709 funtz gfürigfeich ynhiechen lassen
110 2580 916 2762 unnd iren dienern Großl
101 2625 921 2830 unnd Grichtscheyber daruff be
1954 54 2049 119 35
1025 67 1906 234 Ime ein warhaffte rechenschafft
1088 140 2043 257 siner verrichtung unnd wie erbißher
1061 191 2001 288 mit der Burgerschafft vmbgangen
1076 235 2019 328 unnd was er den einen undandern
1022 291 2011 391 inderhalten haben möchte abnor
1027 334 2044 420 bern  habent bemelte ir g diener
1060 375 2046 488 disen inn ufgelegten bemelch gepürend.
1076 429 2017 507 magen verrichtet unnd berürte
1040 471 1993 592 Anntz alles ernsts, die Warheydt
1048 527 1700 642 Anzūzeigen Vermandt
1013 616 2002 741 Der hat vber den ersten Ime furge¬
993 700 1972 789 haltnen auneten s Feidrich vonn
968 748 2055 856 Warderwyl betreffendt geantwordt,
1069 795 1986 884 et wie das er luth eines ime vom
1067 844 1921 940 berurtem Junckern zugestalten
1070 889 1975 983 gwaltbriefs vann einer gwüsen
1050 938 1957 1019 person zu Tzun ein summagelt
1059 988 2023 1086 ynzogen unnd hernach ein theyl der
1060 1037 1957 1134 selben dem Junckern Ampoten,
1045 1096 2020 1184 welches er wyl die nit volkommen
1063 1138 1984 1233 bysamen gsin, nit nemen wollen
1042 1211 1989 1295 die habe er daruff, nach vnnd nach
1054 1250 1999 1338 Verthan Inmasen der S deßsinen
1066 1301 1970 1400 ein gnede gy usstan mußen syn
1048 1342 1143 1410 Ain
1163 1362 1946 1446 gen eehwyb aber habt dite
1094 1377 1165 1429 1
1051 1398 1971 1492 zum unlangst deß infrauwen
1056 1446 1999 1549 gut gemacht unnd bezalt verhoffent,
1050 1505 2018 1594 lich es werde deßhalb kein wytere
1076 1540 1497 1643 klag kommen.
1021 1597 1146 1700 V
970 1658 1941 1778 Was fürs ander Wylend s Jacob
1051 1739 1948 1836 Killiers deß jungern felligen ver
1051 1797 1941 1884 laßne wurb berur, könne er nit
1033 1857 1989 1941 Vornemen das er vonnder frauwen
1005 1886 1999 2011 Vorzweyen Jharen angferlich zwei
1024 1951 2048 2077 Vnderschidlich gwaldt briefen empfang
1004 2013 1975 2101 aberkeingellt unnd sonl den
1055 2065 2007 2164 ersten so uff einen zu eignouwaut
1058 2119 1920 2223 belang, hab er denselben rechtlich
971 2169 2008 2277 Angriffen Lūth darūmb bÿhander
1044 2218 1989 2337 vrkenndts, häte die sach auch gern zu
1054 2278 2058 2382 unnd triben, wyl er aber glychdaruff
1012 2313 2044 2449 Inn ein schware franckheydt gfallen
1033 2380 1840 2498 abe er das nit thun können,
1041 2433 2003 2564 betreffendt den Anderen gwaldt
972 2470 1972 2609 welcher uff einen vonn Bhurnen
996 2535 1947 2668 Wyse, derumb zue frauw ihme
1019 2591 2024 2724 den hauptbrieff yrgehendigt, nach
1027 2645 2008 2790 Inhaldt deßelbten habe er das deß¬
999 2706 1953 2843 halb Verhafft Vnderphannd then
