4000 3000
248 78 1064 290 vngeacht seines verlaugnens, vnd die
236 145 1031 327 fbenschliche werck mit Ira veruelt,
249 221 1063 425 kindt zu erkent, inan sachen sy zur
1030 298 1083 376 3
250 307 1064 482 jüngling alle umbstendt, deß ene
252 396 1052 553 vnd anderen Vnderanundts erhalt
241 454 1056 614 er sich auch derselben schlechtlich
239 514 1070 688 sprechen können vnd daby ges
232 612 1041 746 das sy beide alhie vmb Iren began
251 669 1060 804 nen fhäler abbüeßen soll vnd
227 755 1063 878 der Jünglung die Cyrnen uß
245 827 1056 950 gfangenschafft, vnd allen eosten
249 895 815 1017 obtragen solle. so
1905 -104 2025 39 90
1173 10 1843 221 s Jacos huenb
1227 87 1605 260 von Mase
1121 151 2017 369 Dennach hienor etwas tagen von m h.
1131 227 2031 435 enferichteren vict fürgetragen worden.
1137 279 2008 491 er das Hans Jacob Firlingß ehewyb
1143 371 2022 551 eies fagierenden murtzentragers
1136 424 2060 615 der sich auch sunst In h. Andres Krony
1129 504 2058 695 sns Matzen Im Wyßenstein mithin
1126 578 2002 756 enthalte ehewyb clagßwyß fürgen
1131 678 1986 814 bracht habe, das bemelter hr eheman
1122 735 2009 889 Hans Jacob Firlung, in irer beider.
1122 811 1974 965 syths verehelichung versprochen habe
1125 877 1986 1041 sy sampt iren kinden mit noth
1127 972 1974 1095 weiiger vndhaltung, gebürlichen
1120 1039 2018 1165 zuuersehen, er Frling aber hin vnd
1129 1115 2038 1223 wider fagiere und noch zumselben
1114 1172 1998 1288 vbell tractiere und schlage auch uff
1130 1256 2022 1346 einmol in einem holtz das wehruber
1121 1326 1976 1449 ygezugek also ds ies sy Ime nit
1128 1414 2013 1511 entrunnen, hotte sy domolen, wol
1125 1481 2044 1583 so boldt syner henden sterben mueßen
1126 1541 1985 1656 Inmaßen sy von synes vngestuemen
1123 1611 2001 1708 labens und wasens, nit wol vor
1115 1665 1989 1770 Imme Ires läbens sicher se zu dem
1131 1719 1962 1843 o habe sy sidthero vernommen, das er
1103 1826 2002 1928 von einer syner vorgehepten frouwe
1103 1868 1950 2005 vor ungfar 3 Jarren sye verruefft
1114 1953 1974 2063 worden, wie sich dan solliches auch zm
1114 2012 1952 2163 horgricht Mannal befunden) und
1100 2076 2029 2221 zu dem noch 3 läbende Wyber
1096 2150 2035 2290 under dnen eine kinder by ime erzilet
1112 2220 1988 2362 hin und wider zue landt haben solle.
1102 2280 1950 2426 so syer auch vor etwas Jaren
1105 2366 2021 2531 mit den Siben hingerichten personen
1091 2441 1989 2590 d Inzogen woden, wegen er do
1117 2502 2026 2676 alen einem by 15 par solen, ge¬
1096 2565 2025 2747 soolen haben sölle und sunst einem
1106 2648 2005 2824 cernen Isewen weggen entzugekt
1095 2697 1905 2906 haben, Vnd deßwegen sy die
1946 2845 1984 2888 d
1126 2766 1707 2954 nschidgung getaut
