<?xml version="1.0" encoding="UTF-8" standalone="yes"?>
<PcGts xmlns="http://schema.primaresearch.org/PAGE/gts/pagecontent/2013-07-15" xmlns:xsi="http://www.w3.org/2001/XMLSchema-instance" xsi:schemaLocation="http://schema.primaresearch.org/PAGE/gts/pagecontent/2013-07-15 http://schema.primaresearch.org/PAGE/gts/pagecontent/2013-07-15/pagecontent.xsd">
    <Metadata>
        <Creator>prov=University of Rostock/Institute of Mathematics/CITlab|PLANET AI GmbH/Gundram Leifert/gundram.leifert@planet-ai.de:name=German_Kurrent_XVI-XVIII_M1(htr_id=19584)::::v=2.6.7
prov=University of Rostock/Institute of Mathematics/CITlab|PLANET AI GmbH/Tobias Gruening/tobias.gruening@planet-ai.de:name=de.uros.citlab.module.baseline2polygon.B2PSeamMultiOriented:v=2.6.7
prov=University of Rostock/Institute of Mathematics/CITlab|PLANET AI GmbH/Gundram Leifert/gundram.leifert@planet-ai.de:name=Turmbücher_StaBe_3_A.Funk(htr_id=27278)::::v=2.6.7
prov=University of Rostock/Institute of Mathematics/CITlab|PLANET AI GmbH/Tobias Gruening/tobias.gruening@planet-ai.de:name=de.uros.citlab.module.baseline2polygon.B2PSeamMultiOriented:v=2.6.7
prov=University of Rostock/Institute of Mathematics/CITlab|PLANET AI GmbH/Tobias Gruening/tobias.gruening@planet-ai.de:name=/net_tf/LA73_249_0mod360.pb:de.uros.citlab.segmentation.CITlab_LA_ML:v=2.6.6
Transkribus</Creator>
        <Created>2020-10-03T12:26:28.883+02:00</Created>
        <LastChange>2022-09-12T14:26:34.954+02:00</LastChange>
        <TranskribusMetadata docId="1334811" pageId="52359750" pageNr="176" tsid="114641503" status="IN_PROGRESS" userId="9570" imgUrl="https://files.transkribus.eu/Get?id=NIJAEYZMJUSPPGHXHDIUTTEZ&amp;fileType=view" xmlUrl="https://files.transkribus.eu/Get?id=GVWLMRUPFWRTNPVCDKMQTOBZ" imageId="15998043"/>
    </Metadata>
    <Page imageFilename="BIX461_173v,174r_x.jpg" imageWidth="4000" imageHeight="3000">
        <ReadingOrder>
            <OrderedGroup id="ro_1687513821438" caption="Regions reading order">
                <RegionRefIndexed index="0" regionRef="r1"/>
                <RegionRefIndexed index="1" regionRef="r2"/>
                <RegionRefIndexed index="2" regionRef="r3"/>
                <RegionRefIndexed index="3" regionRef="r4"/>
                <RegionRefIndexed index="4" regionRef="r5"/>
            </OrderedGroup>
        </ReadingOrder>
        <TextRegion orientation="0.0" id="r1" custom="readingOrder {index:0;}">
            <Coords points="92,490 92,643 111,643 111,490"/>
            <TextLine id="r1l1" custom="readingOrder {index:0;}">
                <Coords points="87,603 101,603 108,607 110,605 114,607 120,606 108,535 99,536 91,531 85,532 82,537 76,538"/>
                <Baseline points="92,593 111,590"/>
                <TextEquiv>
                    <Unicode>3</Unicode>
                </TextEquiv>
            </TextLine>
            <TextEquiv>
                <Unicode>3</Unicode>
            </TextEquiv>
        </TextRegion>
        <TextRegion orientation="0.0" id="r2" custom="readingOrder {index:1;}">
            <Coords points="38,2535 38,2713 215,2713 215,2535"/>
            <TextLine id="r2l1" custom="readingOrder {index:0;}">
                <Coords points="34,2592 52,2589 65,2594 86,2573 109,2574 119,2581 125,2574 141,2578 167,2567 188,2572 186,2530 152,2538 95,2500 56,2543 31,2553"/>
                <Baseline points="38,2567 66,2564 95,2562 124,2559 153,2557 182,2555"/>
                <TextEquiv>
                    <Unicode>also das er</Unicode>
                </TextEquiv>
            </TextLine>
            <TextLine id="r2l2" custom="readingOrder {index:1;}">
                <Coords points="37,2628 103,2608 132,2608 160,2628 177,2628 201,2602 222,2601 218,2550 194,2552 180,2568 153,2569 119,2587 83,2578 67,2593 34,2592"/>
                <Baseline points="42,2607 70,2603 99,2601 128,2600 157,2597 186,2597 215,2594"/>
                <TextEquiv>
                    <Unicode>nit wüße</Unicode>
                </TextEquiv>
            </TextLine>
            <TextLine id="r2l3" custom="readingOrder {index:2;}">
                <Coords points="37,2667 54,2662 61,2668 85,2659 104,2664 128,2652 149,2658 174,2649 204,2648 201,2609 192,2610 177,2628 142,2620 114,2634 85,2629 66,2638 34,2637"/>
                <Baseline points="42,2652 67,2651 93,2649 119,2647 145,2644 171,2642 197,2639"/>
                <TextEquiv>
                    <Unicode>wie vil</Unicode>
                </TextEquiv>
            </TextLine>
            <TextLine id="r2l4" custom="readingOrder {index:3;}">
                <Coords points="41,2720 95,2707 125,2724 156,2708 175,2716 170,2667 129,2655 118,2660 111,2657 102,2667 95,2661 76,2665 71,2661 58,2674 36,2675"/>
                <Baseline points="45,2703 75,2700 106,2698 136,2694 167,2690"/>
                <TextEquiv>
                    <Unicode>es sye</Unicode>
                </TextEquiv>
            </TextLine>
            <TextEquiv>
                <Unicode>also das er
nit wüße
wie vil
es sye</Unicode>
            </TextEquiv>
        </TextRegion>
        <TextRegion orientation="0.0" id="r3" custom="readingOrder {index:2;}">
            <Coords points="200,51 200,2854 944,2854 944,51"/>
            <TextLine id="r3l1" custom="readingOrder {index:0;}">
                <Coords points="229,110 283,93 310,110 363,94 414,121 524,104 601,121 652,164 705,143 902,225 916,153 863,123 794,141 708,122 590,67 487,81 382,56 353,23 240,47"/>
                <Baseline points="240,81 273,81 306,83 339,83 372,86 405,88 438,92 471,95 504,100 537,105 571,110 604,117 637,124 670,131 703,139 736,147 769,156 802,165 835,175 868,185 902,195"/>
                <TextEquiv>
                    <Unicode>geehen anen</Unicode>
                </TextEquiv>
            </TextLine>
            <TextLine id="r3l2" custom="readingOrder {index:1;}">
                <Coords points="243,167 307,161 340,192 390,167 538,207 631,198 662,221 729,209 803,229 839,279 871,269 931,297 942,236 871,203 745,194 684,158 624,163 580,119 529,109 458,139 365,94 289,124 255,102"/>
                <Baseline points="252,152 285,152 319,152 353,153 387,154 421,157 455,159 489,164 523,168 557,173 591,179 624,184 658,192 692,200 726,208 760,217 794,226 828,235 862,246 896,257 930,269"/>
                <TextEquiv>
                    <Unicode>Im syne huß noch einen schlaff</Unicode>
                </TextEquiv>
            </TextLine>
            <TextLine id="r3l3" custom="readingOrder {index:2;}">
                <Coords points="227,229 309,248 417,231 519,263 573,247 651,285 689,272 744,309 825,307 925,344 931,296 842,281 810,240 763,260 707,222 614,233 489,193 364,206 309,170 236,169"/>
                <Baseline points="234,222 268,222 302,222 337,224 371,225 405,226 440,229 474,233 508,235 543,241 577,245 611,250 646,255 680,262 714,270 749,277 783,286 817,295 852,305 886,316 921,327"/>
                <TextEquiv>
                    <Unicode>Zethten laßen wolle, das er</Unicode>
                </TextEquiv>
            </TextLine>
            <TextLine id="r3l4" custom="readingOrder {index:3;}">
                <Coords points="247,313 367,333 436,302 473,328 701,338 767,371 856,371 929,418 943,354 840,344 709,292 593,295 553,258 257,249"/>
                <Baseline points="257,288 290,291 324,294 357,296 391,299 425,302 458,304 492,307 526,311 559,313 593,318 627,323 660,328 694,333 728,340 761,348 795,357 829,367 862,377 896,391 930,404"/>
                <TextEquiv>
                    <Unicode>vff syin begieren als seiem ge</Unicode>
                </TextEquiv>
            </TextLine>
            <TextLine id="r3l5" custom="readingOrder {index:4;}">
                <Coords points="232,367 361,382 434,428 577,394 673,427 749,417 815,458 896,454 927,476 940,425 902,426 858,389 807,401 701,339 624,372 496,325 406,351 324,313 267,342 237,327"/>
                <Baseline points="239,363 273,365 308,365 342,367 377,369 411,371 446,373 480,376 515,379 549,383 584,387 619,392 653,398 688,404 722,410 757,417 791,424 826,432 860,440 895,449 930,459"/>
                <TextEquiv>
                    <Unicode>mit abschlachen förne, habe a</Unicode>
                </TextEquiv>
            </TextLine>
            <TextLine id="r3l6" custom="readingOrder {index:5;}">
                <Coords points="239,443 665,473 734,530 796,496 850,554 905,526 912,463 804,460 740,418 652,446 549,420 506,434 243,405"/>
                <Baseline points="246,434 278,437 311,439 344,440 376,442 409,444 442,447 474,448 507,450 540,454 573,456 605,460 638,463 671,467 703,472 736,477 769,484 801,490 834,497 867,506 900,515"/>
                <TextEquiv>
                    <Unicode>von der wirmen mitgewüßen</Unicode>
                </TextEquiv>
            </TextLine>
            <TextLine id="r3l7" custom="readingOrder {index:6;}">
                <Coords points="198,545 371,521 491,577 556,535 655,576 818,572 905,605 926,536 851,555 793,496 734,530 592,470 530,498 474,461 413,487 205,462"/>
                <Baseline points="207,516 242,516 277,516 313,518 348,518 384,519 419,521 454,522 490,525 525,527 561,530 596,533 631,536 667,541 702,546 738,550 773,556 808,561 844,569 879,575 915,584"/>
                <TextEquiv>
                    <Unicode>Vnd als sy mit einanderen</Unicode>
                </TextEquiv>
            </TextLine>
            <TextLine id="r3l8" custom="readingOrder {index:7;}">
                <Coords points="232,618 423,611 500,655 548,621 618,611 648,635 692,615 742,642 855,632 934,662 938,615 817,572 616,588 536,548 490,578 375,527 301,558 239,527"/>
                <Baseline points="240,596 274,594 308,594 343,594 377,594 412,594 446,594 481,596 515,597 550,599 584,600 618,603 653,605 687,609 722,613 756,618 791,623 825,629 860,635 894,641 929,648"/>
                <TextEquiv>
                    <Unicode>In syn haß gangen, vnd der</Unicode>
                </TextEquiv>
            </TextLine>
            <TextLine id="r3l9" custom="readingOrder {index:8;}">
                <Coords points="225,701 364,670 486,673 504,694 655,680 780,691 831,732 870,708 920,720 924,670 856,632 640,660 577,633 501,653 350,643 298,601 230,621"/>
                <Baseline points="234,662 268,662 302,663 336,665 370,665 404,666 438,666 472,668 506,669 540,671 574,672 608,675 642,676 676,679 710,683 744,686 778,690 812,694 846,699 880,705 915,713"/>
                <TextEquiv>
                    <Unicode>gfatter sich Im nebentgaden</Unicode>
                </TextEquiv>
            </TextLine>
            <TextLine id="r3l10" custom="readingOrder {index:9;}">
                <Coords points="227,740 271,777 347,746 456,767 517,746 741,793 787,770 937,816 939,773 861,714 829,732 800,704 730,735 649,690 605,715 452,679 406,717 314,683 229,706"/>
                <Baseline points="233,729 269,734 306,737 343,738 380,740 416,741 453,741 490,741 527,741 564,743 600,743 637,744 674,746 711,750 748,754 784,760 821,766 858,775 895,786 932,798"/>
                <TextEquiv>
                    <Unicode>vff einen Trog zuschlassen,</Unicode>
                </TextEquiv>
            </TextLine>
            <TextLine id="r3l11" custom="readingOrder {index:10;}">
                <Coords points="233,816 391,840 465,821 510,841 556,821 727,833 781,862 846,844 934,887 944,836 890,809 839,825 726,808 695,775 631,766 464,797 417,762 365,780 329,753 295,780 236,763"/>
                <Baseline points="239,804 273,807 308,809 343,811 378,812 413,813 447,813 482,815 517,815 552,816 587,818 621,819 656,821 691,824 726,827 761,831 795,836 830,842 865,850 900,858 935,869"/>
                <TextEquiv>
                    <Unicode>legt komne die Cirnen wylden</Unicode>
                </TextEquiv>
            </TextLine>
            <TextLine id="r3l12" custom="readingOrder {index:11;}">
                <Coords points="226,891 486,919 517,898 619,925 695,899 729,938 781,913 897,950 938,936 941,889 892,867 846,884 802,855 732,879 501,837 417,867 228,867"/>
                <Baseline points="233,879 269,881 306,882 343,883 380,884 416,884 453,885 490,885 527,887 564,887 600,889 637,891 674,894 711,897 748,901 784,905 821,910 858,918 895,925 932,935"/>
                <TextEquiv>
                    <Unicode>ren offen dahar, vnd setzes</Unicode>
                </TextEquiv>
            </TextLine>
            <TextLine id="r3l13" custom="readingOrder {index:12;}">
                <Coords points="230,964 345,962 457,994 541,978 587,1022 732,994 800,1037 856,987 936,1013 938,956 749,957 695,899 630,944 567,916 535,942 456,933 409,899 347,935 322,915 232,935"/>
                <Baseline points="237,950 271,952 306,953 340,954 375,956 410,957 444,959 479,960 514,962 548,963 583,965 618,967 652,969 687,972 722,975 756,978 791,981 826,986 860,990 895,996 930,1001"/>
                <TextEquiv>
                    <Unicode>nebent Zundem suren, welche</Unicode>
                </TextEquiv>
            </TextLine>
            <TextLine id="r3l14" custom="readingOrder {index:13;}">
                <Coords points="218,1036 362,1057 532,1037 571,1065 709,1042 732,1066 808,1047 903,1070 923,1023 884,999 811,1029 679,999 601,1024 480,975 390,1011 219,1003"/>
                <Baseline points="225,1023 259,1025 294,1026 328,1028 363,1029 397,1030 432,1031 466,1032 501,1032 535,1034 570,1034 604,1035 639,1036 673,1038 708,1040 742,1042 777,1045 811,1047 846,1051 880,1056 915,1061"/>
                <TextEquiv>
                    <Unicode>dan mit einnanderen geredt</Unicode>
                </TextEquiv>
            </TextLine>
            <TextLine id="r3l15" custom="readingOrder {index:14;} person {offset:17; length:5;}">
                <Coords points="236,1122 382,1101 450,1127 531,1107 651,1133 723,1109 917,1155 920,1088 812,1099 765,1052 677,1076 598,1051 571,1065 531,1037 446,1074 377,1083 352,1062 292,1085 239,1062"/>
                <Baseline points="243,1097 276,1098 309,1099 343,1100 376,1101 410,1101 443,1103 477,1103 510,1103 544,1104 577,1104 610,1106 644,1106 677,1107 711,1109 744,1112 778,1114 811,1117 845,1121 878,1125 912,1131"/>
                <TextEquiv>
                    <Unicode>In dem komme deß Buren</Unicode>
                </TextEquiv>
            </TextLine>
            <TextLine id="r3l16" custom="readingOrder {index:15;}">
                <Coords points="227,1188 287,1207 333,1188 387,1221 508,1174 556,1202 599,1176 643,1193 775,1176 929,1222 930,1174 822,1128 689,1155 662,1129 531,1147 470,1118 378,1155 311,1129 229,1137"/>
                <Baseline points="234,1169 268,1169 303,1169 337,1170 372,1170 406,1170 441,1169 475,1169 510,1169 544,1169 579,1169 613,1169 648,1170 682,1172 717,1172 751,1174 786,1177 820,1180 855,1183 889,1187 924,1191"/>
                <TextEquiv>
                    <Unicode>dahar, vnd schlache die Tirnen</Unicode>
                </TextEquiv>
            </TextLine>
            <TextLine id="r3l17" custom="readingOrder {index:16;}">
                <Coords points="219,1259 376,1284 458,1249 516,1275 557,1248 734,1251 843,1286 874,1257 927,1270 928,1235 761,1220 720,1189 669,1217 614,1180 571,1213 524,1180 454,1218 312,1190 278,1213 220,1204"/>
                <Baseline points="225,1244 259,1244 294,1244 329,1244 364,1243 399,1242 433,1242 468,1243 503,1244 538,1244 573,1244 607,1245 642,1245 677,1247 712,1248 747,1248 781,1250 816,1253 851,1254 886,1257 921,1260"/>
                <TextEquiv>
                    <Unicode>das sy aber etwas ungepurt</Unicode>
                </TextEquiv>
            </TextLine>
            <TextLine id="r3l18" custom="readingOrder {index:17;}">
                <Coords points="223,1326 298,1348 487,1325 524,1347 573,1317 663,1313 767,1368 804,1334 838,1349 920,1328 920,1280 879,1257 821,1292 712,1274 504,1299 334,1295 311,1273 224,1287"/>
                <Baseline points="230,1311 264,1313 298,1313 332,1314 366,1314 401,1314 435,1314 469,1314 503,1314 537,1313 572,1313 606,1313 640,1311 674,1311 708,1313 743,1313 777,1314 811,1315 845,1317 879,1319 914,1323"/>
                <TextEquiv>
                    <Unicode>liches von zuen beiden gesehen</Unicode>
                </TextEquiv>
            </TextLine>
            <TextLine id="r3l19" custom="readingOrder {index:18;}">
                <Coords points="237,1396 305,1394 372,1429 543,1379 768,1384 845,1390 890,1435 945,1399 945,1334 925,1324 850,1355 803,1338 769,1367 737,1337 673,1359 625,1319 483,1360 392,1329 349,1350 237,1329"/>
                <Baseline points="243,1385 277,1385 312,1385 347,1385 382,1385 417,1384 451,1383 486,1383 521,1382 556,1382 591,1382 625,1382 660,1382 695,1382 730,1382 765,1382 799,1383 834,1384 869,1385 904,1388 939,1389"/>
                <TextEquiv>
                    <Unicode>oder das sy gewüßt, das es deßsu</Unicode>
                </TextEquiv>
            </TextLine>
            <TextLine id="r3l20" custom="readingOrder {index:19;}">
                <Coords points="227,1474 321,1458 389,1477 430,1457 493,1505 590,1461 626,1485 706,1452 800,1484 924,1464 924,1439 857,1401 808,1420 773,1391 708,1436 582,1382 505,1429 463,1398 390,1437 330,1405 227,1414"/>
                <Baseline points="233,1455 267,1455 301,1455 335,1455 370,1455 404,1455 438,1455 472,1454 507,1454 541,1454 575,1453 609,1452 644,1452 678,1452 712,1452 746,1452 781,1453 815,1454 849,1455 883,1456 918,1458"/>
                <TextEquiv>
                    <Unicode>Tirnen sye, werde sach nit er¬</Unicode>
                </TextEquiv>
            </TextLine>
            <TextLine id="r3l21" custom="readingOrder {index:20;}">
                <Coords points="240,1537 352,1524 414,1562 448,1536 613,1552 665,1527 796,1567 822,1540 912,1531 911,1499 874,1482 749,1486 699,1459 642,1486 592,1460 493,1505 427,1457 373,1508 298,1463 239,1473"/>
                <Baseline points="245,1523 278,1524 311,1524 344,1525 377,1525 410,1524 443,1524 476,1523 509,1523 542,1521 575,1521 608,1520 641,1518 674,1518 707,1517 740,1517 773,1517 806,1517 839,1517 872,1518 905,1520"/>
                <TextEquiv>
                    <Unicode>find konmit auch deselben</Unicode>
                </TextEquiv>
            </TextLine>
            <TextLine id="r3l22" custom="readingOrder {index:21;}">
                <Coords points="239,1598 320,1594 380,1631 450,1601 494,1617 603,1603 627,1618 708,1578 707,1548 582,1540 568,1553 548,1541 486,1565 448,1536 384,1563 346,1532 312,1528 238,1570"/>
                <Baseline points="245,1583 270,1584 295,1586 321,1586 346,1587 371,1586 397,1586 422,1586 447,1585 473,1583 498,1582 523,1581 549,1580 574,1578 599,1577 625,1576 650,1575 675,1575 701,1574"/>
                <TextEquiv>
                    <Unicode>mit gestendig sy</Unicode>
                </TextEquiv>
            </TextLine>
            <TextLine id="r3l23" custom="readingOrder {index:22;}">
                <Coords points="209,1686 604,1680 642,1711 691,1677 866,1688 921,1662 919,1587 662,1630 579,1613 531,1645 434,1616 351,1651 288,1648 207,1602"/>
                <Baseline points="215,1673 251,1676 288,1677 325,1677 362,1678 398,1677 435,1677 472,1677 509,1676 546,1674 582,1673 619,1671 656,1669 693,1668 730,1666 766,1665 803,1664 840,1663 877,1662 914,1662"/>
                <TextEquiv>
                    <Unicode>Das entwente gelt belanget.</Unicode>
                </TextEquiv>
            </TextLine>
            <TextLine id="r3l24" custom="readingOrder {index:23;}">
                <Coords points="196,1791 303,1737 462,1758 592,1731 780,1753 854,1724 936,1734 941,1644 875,1685 712,1710 464,1718 394,1683 318,1713 243,1685 193,1697"/>
                <Baseline points="200,1742 236,1742 273,1742 310,1740 347,1740 384,1739 421,1737 458,1736 495,1734 532,1734 569,1732 605,1731 642,1730 679,1728 716,1728 753,1727 790,1725 827,1725 864,1725 901,1724 938,1724"/>
                <TextEquiv>
                    <Unicode>sye nit weniger den das er strife</Unicode>
                </TextEquiv>
            </TextLine>
            <TextLine id="r3l25" custom="readingOrder {index:24;}">
                <Coords points="228,1830 275,1852 336,1816 379,1829 428,1806 527,1839 600,1806 662,1831 716,1791 921,1790 918,1731 860,1724 804,1753 736,1734 608,1766 528,1740 433,1789 366,1751 226,1784"/>
                <Baseline points="234,1814 268,1812 302,1811 336,1809 370,1808 404,1806 438,1804 472,1802 506,1800 540,1797 574,1795 608,1793 642,1791 676,1789 710,1787 744,1785 778,1784 812,1782 846,1782 880,1781 914,1781"/>
                <TextEquiv>
                    <Unicode>vff syner Ih anhalten leid so</Unicode>
                </TextEquiv>
            </TextLine>
            <TextLine id="r3l26" custom="readingOrder {index:25;} person {offset:18; length:7;}">
                <Coords points="237,1905 397,1889 441,1910 478,1876 584,1899 708,1873 777,1889 857,1852 939,1867 949,1826 887,1789 831,1814 723,1792 662,1830 583,1823 542,1849 502,1823 425,1860 367,1863 334,1838 286,1866 234,1856"/>
                <Baseline points="242,1886 277,1884 312,1884 347,1882 382,1880 417,1878 452,1875 487,1874 522,1872 557,1869 593,1867 628,1864 663,1863 698,1860 733,1859 768,1856 803,1854 838,1852 873,1851 908,1850 944,1848"/>
                <TextEquiv>
                    <Unicode>vil vergeßen, der Gaßerih einen</Unicode>
                </TextEquiv>
            </TextLine>
            <TextLine id="r3l27" custom="readingOrder {index:26;}">
                <Coords points="229,2001 278,1968 355,1991 384,1962 441,1981 500,1947 695,1939 731,1964 759,1944 825,1974 903,1935 899,1855 860,1882 815,1874 784,1906 668,1900 622,1923 540,1930 460,1894 331,1944 225,1922"/>
                <Baseline points="233,1961 266,1961 299,1959 332,1958 365,1955 399,1953 432,1951 465,1949 498,1947 531,1946 565,1943 598,1941 631,1938 664,1937 697,1934 731,1934 764,1932 797,1929 830,1928 863,1928 897,1926"/>
                <TextEquiv>
                    <Unicode>Ira gelichten wor geoffnet</Unicode>
                </TextEquiv>
            </TextLine>
            <TextLine id="r3l28" custom="readingOrder {index:27;}">
                <Coords points="209,2058 467,2032 593,2069 664,2015 855,2022 888,1994 930,2002 923,1907 781,1990 668,1950 574,1952 502,2000 359,2010 253,1986 206,2010"/>
                <Baseline points="215,2043 250,2040 285,2036 321,2033 356,2029 392,2027 427,2024 462,2022 498,2021 533,2018 569,2016 604,2015 639,2013 675,2011 710,2008 746,2005 781,2002 816,1998 852,1995 887,1990 923,1985"/>
                <TextEquiv>
                    <Unicode>und daruß ihra an der Zaal</Unicode>
                </TextEquiv>
            </TextLine>
            <TextLine id="r3l29" custom="readingOrder {index:28;}">
                <Coords points="224,2142 362,2096 416,2115 575,2094 616,2121 679,2082 713,2106 763,2078 819,2104 863,2064 948,2054 946,2024 822,2043 786,2016 704,2041 670,2019 598,2069 481,2050 442,2078 219,2078"/>
                <Baseline points="228,2112 263,2109 299,2106 334,2103 370,2100 406,2097 441,2096 477,2093 513,2092 548,2090 584,2087 620,2085 655,2082 691,2080 727,2076 762,2073 798,2069 834,2064 869,2059 905,2052 941,2046"/>
                <TextEquiv>
                    <Unicode>Ime vnbewust gelt gewier¬</Unicode>
                </TextEquiv>
            </TextLine>
            <TextLine id="r3l30" custom="readingOrder {index:29;}">
                <Coords points="233,2208 385,2210 437,2169 563,2166 601,2186 819,2130 887,2140 938,2119 935,2090 796,2122 706,2107 668,2134 627,2117 594,2143 484,2118 427,2141 396,2120 348,2158 281,2133 229,2172"/>
                <Baseline points="237,2187 271,2184 306,2181 341,2178 376,2175 410,2172 445,2169 480,2166 515,2163 549,2160 584,2157 619,2153 654,2150 688,2147 723,2143 758,2138 793,2134 827,2130 862,2124 897,2119 932,2114"/>
                <TextEquiv>
                    <Unicode>auch 12 ellen wullen 3 ellen</Unicode>
                </TextEquiv>
            </TextLine>
            <TextLine id="r3l31" custom="readingOrder {index:30;}">
                <Coords points="240,2287 277,2257 373,2242 446,2243 517,2282 628,2228 740,2206 875,2235 936,2197 932,2161 834,2158 802,2185 581,2184 539,2211 444,2168 396,2206 233,2214"/>
                <Baseline points="243,2253 277,2251 311,2248 345,2244 380,2241 414,2239 448,2236 483,2233 517,2230 551,2227 586,2225 620,2222 654,2218 688,2216 723,2212 757,2207 791,2204 826,2199 860,2193 894,2188 929,2183"/>
                <TextEquiv>
                    <Unicode>gebleichtstuch, wie auch gue</Unicode>
                </TextEquiv>
            </TextLine>
            <TextLine id="r3l32" custom="readingOrder {index:31;}">
                <Coords points="243,2348 353,2346 400,2313 471,2330 490,2310 705,2277 769,2296 912,2256 909,2231 860,2249 792,2231 753,2254 481,2275 430,2297 280,2258 237,2291"/>
                <Baseline points="248,2333 280,2328 313,2323 346,2319 379,2316 412,2312 445,2308 478,2304 511,2301 544,2297 577,2293 609,2290 642,2286 675,2283 708,2279 741,2276 774,2271 807,2268 840,2263 873,2259 906,2255"/>
                <TextEquiv>
                    <Unicode>fagen genomen, daruon</Unicode>
                </TextEquiv>
            </TextLine>
            <TextLine id="r3l33" custom="readingOrder {index:32;}">
                <Coords points="248,2423 305,2388 359,2404 441,2370 467,2390 920,2338 910,2260 776,2320 662,2282 534,2352 405,2342 328,2372 242,2371"/>
                <Baseline points="251,2399 284,2396 317,2392 350,2389 383,2384 416,2381 449,2376 482,2372 515,2367 548,2364 581,2359 614,2356 647,2351 680,2347 713,2343 746,2338 779,2335 812,2331 845,2327 878,2324 911,2321"/>
                <TextEquiv>
                    <Unicode>er 6  minder 2 bz verthe</Unicode>
                </TextEquiv>
            </TextLine>
            <TextLine id="r3l34" custom="readingOrder {index:33;} person {offset:26; length:4; continued:true;}">
                <Coords points="221,2489 326,2487 452,2445 756,2432 935,2391 927,2333 875,2334 644,2410 410,2386 348,2433 215,2440"/>
                <Baseline points="225,2475 260,2470 295,2466 330,2462 365,2458 400,2453 435,2450 470,2446 505,2442 540,2438 576,2433 611,2429 646,2425 681,2420 716,2415 751,2409 786,2403 821,2397 856,2389 891,2382 927,2373"/>
                <TextEquiv>
                    <Unicode>das ander werde durch den Cha¬</Unicode>
                </TextEquiv>
            </TextLine>
            <TextLine id="r3l35" custom="readingOrder {index:34;} person {offset:0; length:7; continued:true;}">
                <Coords points="238,2566 311,2548 481,2562 579,2512 659,2529 734,2478 820,2508 901,2445 928,2452 921,2402 840,2405 771,2458 688,2442 615,2483 530,2445 464,2495 319,2499 232,2530"/>
                <Baseline points="240,2544 274,2541 308,2539 342,2535 376,2531 410,2528 444,2523 478,2519 512,2515 546,2509 580,2504 614,2498 648,2493 682,2488 716,2481 750,2476 784,2469 818,2462 852,2456 886,2449 920,2441"/>
                <TextEquiv>
                    <Unicode>weibell vß bemelch in. f. mich</Unicode>
                </TextEquiv>
            </TextLine>
            <TextLine id="r3l36" custom="readingOrder {index:35;} person {offset:11; length:5; continued:true;}">
                <Coords points="236,2663 350,2615 485,2633 534,2601 701,2599 922,2499 912,2437 840,2503 738,2532 647,2524 561,2565 500,2544 441,2580 225,2593"/>
                <Baseline points="236,2621 270,2618 304,2613 338,2610 372,2605 406,2602 440,2597 474,2594 508,2589 542,2584 576,2579 610,2574 644,2569 678,2563 712,2556 746,2549 780,2542 814,2534 848,2525 882,2516 917,2505"/>
                <TextEquiv>
                    <Unicode>geenen gen begnt</Unicode>
                </TextEquiv>
            </TextLine>
            <TextLine id="r3l37" custom="readingOrder {index:36;} person {offset:0; length:6; continued:true;}">
                <Coords points="234,2741 280,2701 360,2689 405,2716 462,2681 554,2691 626,2656 848,2625 917,2585 909,2535 872,2527 815,2584 675,2602 643,2628 609,2611 463,2637 409,2613 358,2656 257,2647 222,2670"/>
                <Baseline points="234,2708 267,2702 301,2696 335,2691 369,2685 403,2679 437,2674 470,2669 504,2663 538,2658 572,2653 606,2648 640,2641 674,2635 707,2629 741,2622 775,2615 809,2609 843,2601 877,2592 911,2583"/>
                <TextEquiv>
                    <Unicode>sernch  hen  </Unicode>
                </TextEquiv>
            </TextLine>
            <TextLine id="r3l38" custom="readingOrder {index:37;} place {offset:23; length:4; continued:true;}">
                <Coords points="239,2798 298,2770 389,2776 413,2747 716,2717 792,2679 834,2693 879,2655 871,2613 802,2622 720,2662 627,2656 446,2718 284,2701 230,2747"/>
                <Baseline points="240,2772 271,2766 303,2761 334,2756 366,2750 398,2746 429,2741 461,2735 492,2730 524,2726 556,2721 587,2715 619,2709 650,2704 682,2699 714,2691 745,2685 777,2676 808,2669 840,2660 872,2651"/>
                <TextEquiv>
                    <Unicode>sollichen diebstal die Thu¬</Unicode>
                </TextEquiv>
            </TextLine>
            <TextLine id="r3l39" custom="readingOrder {index:38;} place {offset:0; length:1; continued:true;}">
                <Coords points="232,2874 678,2771 730,2791 854,2779 888,2761 869,2664 712,2732 601,2721 579,2742 219,2808"/>
                <Baseline points="231,2838 263,2833 295,2829 327,2824 359,2819 391,2813 423,2808 455,2804 487,2798 519,2792 551,2787 583,2780 615,2774 647,2767 679,2761 711,2753 743,2744 775,2736 807,2728 839,2719 872,2708"/>
                <TextEquiv>
                    <Unicode>n n d </Unicode>
                </TextEquiv>
            </TextLine>
            <TextEquiv>
                <Unicode>geehen anen
Im syne huß noch einen schlaff
Zethten laßen wolle, das er
vff syin begieren als seiem ge
mit abschlachen förne, habe a
von der wirmen mitgewüßen
Vnd als sy mit einanderen
In syn haß gangen, vnd der
gfatter sich Im nebentgaden
vff einen Trog zuschlassen,
legt komne die Cirnen wylden
ren offen dahar, vnd setzes
nebent Zundem suren, welche
dan mit einnanderen geredt
In dem komme deß Buren
dahar, vnd schlache die Tirnen
das sy aber etwas ungepurt
liches von zuen beiden gesehen
oder das sy gewüßt, das es deßsu
Tirnen sye, werde sach nit er¬
find konmit auch deselben
mit gestendig sy
Das entwente gelt belanget.
sye nit weniger den das er strife
vff syner Ih anhalten leid so
vil vergeßen, der Gaßerih einen
Ira gelichten wor geoffnet
und daruß ihra an der Zaal
Ime vnbewust gelt gewier¬
auch 12 ellen wullen 3 ellen
gebleichtstuch, wie auch gue
fagen genomen, daruon
er 6  minder 2 bz verthe
das ander werde durch den Cha¬
weibell vß bemelch in. f. mich
geenen gen begnt
sernch  hen  
sollichen diebstal die Thu¬
n n d </Unicode>
            </TextEquiv>
        </TextRegion>
        <TextRegion orientation="0.0" id="r4" custom="readingOrder {index:3;}">
            <Coords points="1016,33 1016,2972 2010,2972 2010,33"/>
            <TextLine id="r4l1" custom="readingOrder {index:0;}">
                <Coords points="1020,196 1077,207 1171,152 1380,120 1533,130 1593,101 1630,126 1681,96 1725,122 1789,82 1942,74 1938,44 1841,32 1806,60 1752,37 1687,70 1623,53 1553,90 1352,79 1271,116 1182,84 1119,140 1063,117 1015,156"/>
                <Baseline points="1026,189 1071,175 1116,163 1162,152 1207,142 1253,135 1298,128 1343,122 1389,117 1434,112 1480,108 1525,105 1570,101 1616,97 1661,94 1707,90 1752,86 1797,81 1843,75 1888,68 1934,62"/>
                <TextEquiv>
                    <Unicode>Schencklen vilmalen syn handt</Unicode>
                </TextEquiv>
            </TextLine>
            <TextLine id="r4l2" custom="readingOrder {index:1;}">
                <Coords points="1047,254 1281,194 1384,189 1419,218 1630,164 1712,191 1906,143 1902,91 1752,140 1706,113 1650,142 1597,112 1499,161 1428,137 1393,169 1347,142 1192,148 1131,201 1044,221"/>
                <Baseline points="1052,239 1094,227 1136,217 1179,210 1221,201 1264,195 1306,190 1349,185 1391,182 1434,179 1476,176 1518,172 1561,170 1603,168 1646,166 1688,164 1731,161 1773,158 1816,154 1858,151 1901,147"/>
                <TextEquiv>
                    <Unicode>werck nit bruhen unnd hiemit</Unicode>
                </TextEquiv>
            </TextLine>
            <TextLine id="r4l3" custom="readingOrder {index:2;}">
                <Coords points="1036,309 1119,286 1175,320 1235,286 1279,309 1320,264 1432,238 1653,240 1698,267 1753,236 1893,247 1935,238 1933,209 1771,167 1654,221 1488,184 1432,225 1187,249 1149,228 1034,281"/>
                <Baseline points="1041,303 1085,294 1129,283 1174,276 1218,268 1262,262 1307,256 1351,251 1395,248 1440,243 1484,241 1528,239 1573,236 1617,234 1661,234 1706,233 1750,233 1794,231 1839,231 1883,231 1928,231"/>
                <TextEquiv>
                    <Unicode>wenig gerinnen können, getriben,</Unicode>
                </TextEquiv>
            </TextLine>
            <TextLine id="r4l4" custom="readingOrder {index:3;}">
                <Coords points="1034,375 1277,324 1340,345 1661,310 1709,349 1787,305 1926,305 1915,233 1837,276 1755,246 1709,270 1515,246 1451,286 1349,256 1280,308 1030,313"/>
                <Baseline points="1040,362 1086,352 1132,344 1178,337 1225,330 1271,325 1317,320 1363,316 1410,312 1456,309 1502,307 1548,305 1595,303 1641,300 1687,299 1733,297 1780,296 1826,293 1872,291 1919,288"/>
                <TextEquiv>
                    <Unicode>hätte ab gottnnd vgerub</Unicode>
                </TextEquiv>
            </TextLine>
            <TextLine id="r4l5" custom="readingOrder {index:4;}">
                <Coords points="1047,467 1158,471 1230,419 1349,425 1500,375 1601,413 1679,368 1858,383 1915,353 1911,307 1710,349 1578,310 1514,360 1361,341 1303,378 1040,396"/>
                <Baseline points="1050,438 1093,430 1136,423 1179,416 1222,409 1265,403 1308,398 1351,393 1394,389 1437,384 1480,381 1523,377 1566,374 1609,372 1652,369 1695,368 1738,365 1781,363 1824,363 1867,362 1910,360"/>
                <TextEquiv>
                    <Unicode>sezgehung. Item so sye er auch</Unicode>
                </TextEquiv>
            </TextLine>
            <TextLine id="r4l6" custom="readingOrder {index:5;}">
                <Coords points="1035,526 1095,543 1173,492 1254,521 1427,453 1631,461 1676,493 1738,443 1820,479 1942,446 1938,398 1876,376 1823,411 1691,402 1646,429 1608,407 1333,450 1275,426 1032,485"/>
                <Baseline points="1040,506 1084,498 1129,491 1174,485 1218,480 1263,474 1308,470 1352,465 1397,462 1442,458 1487,455 1531,452 1576,449 1621,446 1665,444 1710,441 1755,439 1799,436 1844,434 1889,431 1934,428"/>
                <TextEquiv>
                    <Unicode>ungfar vor 5 wüschen von glych</Unicode>
                </TextEquiv>
            </TextLine>
            <TextLine id="r4l7" custom="readingOrder {index:6;}">
                <Coords points="1038,589 1183,562 1243,584 1522,522 1577,549 1725,509 1965,547 2016,504 2011,437 1950,428 1848,489 1767,442 1695,496 1209,508 1035,546"/>
                <Baseline points="1044,579 1092,570 1140,562 1188,554 1237,548 1285,542 1333,537 1382,532 1430,528 1478,525 1527,522 1575,519 1623,516 1671,515 1720,513 1768,511 1816,509 1865,507 1913,504 1961,501 2010,498"/>
                <TextEquiv>
                    <Unicode>Vrsich wegen einem synem Nach¬ Vt</Unicode>
                </TextEquiv>
            </TextLine>
            <TextLine id="r4l8" custom="readingOrder {index:7;}">
                <Coords points="1039,677 1138,645 1249,659 1372,608 1494,663 1580,596 1698,635 1747,598 1899,597 1896,559 1775,522 1636,574 1540,523 1428,583 1388,566 1324,591 1271,563 1036,631"/>
                <Baseline points="1044,654 1086,645 1128,638 1171,632 1213,626 1256,621 1298,615 1340,611 1383,608 1425,604 1468,601 1510,598 1552,595 1595,593 1637,591 1680,590 1722,588 1764,587 1807,585 1849,584 1892,584"/>
                <TextEquiv>
                    <Unicode>gren Vß anlaß syner G Iu</Unicode>
                </TextEquiv>
            </TextLine>
            <TextLine id="r4l9" custom="readingOrder {index:8;}">
                <Coords points="1052,747 1242,694 1459,710 1756,664 1883,673 1946,632 1556,636 1491,664 1416,639 1230,675 1185,650 1115,696 1047,678"/>
                <Baseline points="1056,723 1100,715 1144,707 1188,702 1232,696 1277,691 1321,688 1365,685 1409,683 1453,680 1498,678 1542,675 1586,674 1630,672 1674,670 1719,668 1763,665 1807,661 1851,657 1895,651 1940,647"/>
                <TextEquiv>
                    <Unicode>zn Kaller geebrochen, der meinen</Unicode>
                </TextEquiv>
            </TextLine>
            <TextLine id="r4l10" custom="readingOrder {index:9;}">
                <Coords points="1025,825 1174,770 1743,764 1942,730 1953,654 1684,688 1646,725 1398,696 1313,731 1223,697 1022,773"/>
                <Baseline points="1029,798 1075,789 1121,781 1167,773 1213,767 1259,762 1305,758 1352,755 1398,752 1444,749 1490,747 1536,745 1582,743 1628,741 1675,738 1721,735 1767,732 1813,729 1859,724 1905,719 1952,711"/>
                <TextEquiv>
                    <Unicode>froch und kuß darin zufunden</Unicode>
                </TextEquiv>
            </TextLine>
            <TextLine id="r4l11" custom="readingOrder {index:10;}">
                <Coords points="1036,892 1249,838 1930,819 1962,803 1957,721 1863,730 1807,792 1559,764 1477,798 1415,748 1366,797 1318,767 1219,773 1033,838"/>
                <Baseline points="1040,863 1085,855 1131,848 1177,842 1223,836 1268,832 1314,828 1360,825 1406,823 1451,821 1497,819 1543,818 1589,816 1634,815 1680,814 1726,813 1772,812 1817,810 1863,808 1909,805 1955,801"/>
                <TextEquiv>
                    <Unicode>habe aber anders nüt den ein stuckt</Unicode>
                </TextEquiv>
            </TextLine>
            <TextLine id="r4l12" custom="readingOrder {index:11;}">
                <Coords points="1035,961 1306,905 1374,931 1495,899 1564,945 1682,894 1830,916 1895,886 1929,903 1927,847 1873,863 1826,829 1756,874 1655,853 1327,885 1244,855 1137,899 1033,897"/>
                <Baseline points="1040,936 1084,929 1128,922 1172,916 1216,911 1260,905 1304,902 1349,899 1393,897 1437,896 1481,894 1525,893 1569,892 1613,891 1658,891 1702,890 1746,890 1790,890 1834,888 1878,887 1923,885"/>
                <TextEquiv>
                    <Unicode>ziger, das er genomen, darin ge¬</Unicode>
                </TextEquiv>
            </TextLine>
            <TextLine id="r4l13" custom="readingOrder {index:12;}">
                <Coords points="1047,1015 1170,984 1279,1014 1486,963 1729,958 1776,990 1912,951 1971,980 1969,866 1854,940 1564,946 1431,901 1374,933 1264,923 1199,971 1110,935 1045,975"/>
                <Baseline points="1053,1002 1098,996 1144,990 1190,984 1235,980 1281,975 1327,972 1372,969 1418,966 1464,964 1510,963 1555,960 1601,959 1647,958 1692,957 1738,956 1784,954 1829,953 1875,951 1921,950 1967,948"/>
                <TextEquiv>
                    <Unicode>fundt. Wye aber Ime von grundt</Unicode>
                </TextEquiv>
            </TextLine>
            <TextLine id="r4l14" custom="readingOrder {index:13;}">
                <Coords points="1039,1080 1184,1059 1248,1082 1446,1039 1845,1052 1885,1036 1882,966 1707,1015 1495,964 1356,1031 1312,1006 1208,1016 1172,985 1114,1050 1037,1042"/>
                <Baseline points="1044,1074 1085,1069 1127,1065 1169,1059 1210,1056 1252,1053 1294,1050 1335,1047 1377,1045 1419,1044 1461,1041 1502,1040 1544,1038 1586,1037 1627,1037 1669,1035 1711,1034 1752,1032 1794,1031 1836,1030 1878,1029"/>
                <TextEquiv>
                    <Unicode>vnes hertzens beidt, bätte aber</Unicode>
                </TextEquiv>
            </TextLine>
            <TextLine id="r4l15" custom="readingOrder {index:14;}">
                <Coords points="1017,1164 1304,1124 1418,1172 1497,1109 1555,1144 1656,1108 1730,1157 1802,1116 1913,1109 1877,1071 1704,1060 1593,1090 1487,1046 1239,1105 1107,1112 1066,1082 1015,1107"/>
                <Baseline points="1022,1143 1066,1138 1110,1134 1154,1130 1199,1125 1243,1122 1287,1120 1331,1118 1376,1115 1420,1113 1464,1112 1508,1110 1553,1109 1597,1107 1641,1107 1685,1106 1730,1106 1774,1104 1818,1104 1862,1103 1907,1103"/>
                <TextEquiv>
                    <Unicode>Gott vnd V. g. zubedt taler</Unicode>
                </TextEquiv>
            </TextLine>
            <TextLine id="r4l16" custom="readingOrder {index:15;}">
                <Coords points="1025,1224 1167,1201 1195,1223 1314,1232 1400,1195 1464,1207 1489,1187 1488,1161 1468,1157 1417,1171 1336,1153 1295,1173 1241,1133 1198,1163 1133,1162 1091,1187 1023,1172"/>
                <Baseline points="1031,1208 1056,1206 1081,1205 1106,1204 1131,1202 1156,1201 1182,1199 1207,1197 1232,1195 1257,1193 1282,1192 1307,1190 1333,1189 1358,1187 1383,1187 1408,1185 1433,1185 1458,1185 1484,1187"/>
                <TextEquiv>
                    <Unicode>umb verzychnung</Unicode>
                </TextEquiv>
            </TextLine>
            <TextLine id="r4l17" custom="readingOrder {index:16;}">
                <Coords points="1011,1331 1094,1302 1168,1336 1231,1298 1279,1332 1488,1277 1771,1322 1816,1281 1859,1314 1856,1223 1748,1209 1690,1241 1549,1244 1416,1203 1300,1260 1227,1222 1168,1258 1088,1251 1051,1217 1007,1235"/>
                <Baseline points="1016,1301 1057,1297 1099,1294 1141,1292 1183,1290 1224,1288 1266,1286 1308,1284 1350,1282 1391,1281 1433,1280 1475,1278 1517,1277 1558,1275 1600,1275 1642,1274 1684,1272 1725,1272 1767,1271 1809,1271 1851,1269"/>
                <TextEquiv>
                    <Unicode>Die f ist kantlich, das sy der</Unicode>
                </TextEquiv>
            </TextLine>
            <TextLine id="r4l18" custom="readingOrder {index:17;}">
                <Coords points="1035,1365 1250,1383 1298,1357 1530,1355 1601,1379 1731,1367 1765,1392 1849,1353 1835,1299 1630,1323 1501,1282 1350,1337 1233,1299 1163,1342 1034,1319"/>
                <Baseline points="1041,1361 1081,1359 1121,1358 1161,1356 1201,1353 1241,1352 1281,1351 1321,1349 1361,1347 1401,1347 1441,1346 1481,1344 1521,1343 1561,1343 1601,1341 1641,1340 1681,1340 1721,1338 1761,1338 1801,1337 1842,1337"/>
                <TextEquiv>
                    <Unicode>Man zum diebstal, wegen der</Unicode>
                </TextEquiv>
            </TextLine>
            <TextLine id="r4l19" custom="readingOrder {index:18;}">
                <Coords points="1042,1445 1097,1479 1133,1441 1206,1437 1240,1467 1428,1419 1527,1469 1588,1417 1888,1424 1887,1394 1765,1395 1725,1368 1553,1398 1392,1354 1326,1388 1040,1373"/>
                <Baseline points="1047,1425 1088,1425 1130,1425 1172,1425 1213,1424 1255,1424 1297,1422 1338,1421 1380,1419 1422,1418 1464,1418 1505,1416 1547,1415 1589,1413 1630,1413 1672,1413 1714,1413 1755,1413 1797,1413 1839,1415 1881,1416"/>
                <TextEquiv>
                    <Unicode>Churen Zyt vnd Irer 2 keinen</Unicode>
                </TextEquiv>
            </TextLine>
            <TextLine id="r4l20" custom="readingOrder {index:19;}">
                <Coords points="1046,1511 1179,1542 1284,1489 1353,1522 1530,1487 1639,1522 1715,1491 1843,1522 1942,1491 1941,1436 1900,1433 1730,1470 1677,1444 1511,1468 1356,1428 1240,1467 1206,1437 1155,1445 1098,1480 1045,1451"/>
                <Baseline points="1052,1493 1096,1493 1140,1492 1184,1491 1228,1491 1272,1490 1316,1488 1361,1488 1405,1487 1449,1487 1493,1485 1537,1485 1581,1484 1625,1484 1670,1482 1714,1482 1758,1482 1802,1482 1846,1484 1890,1484 1935,1485"/>
                <TextEquiv>
                    <Unicode>funden denen sy kein mahrung ghan</Unicode>
                </TextEquiv>
            </TextLine>
            <TextLine id="r4l21" custom="readingOrder {index:20;}">
                <Coords points="1046,1557 1126,1584 1167,1560 1220,1575 1277,1562 1313,1597 1356,1564 1380,1575 1455,1560 1455,1534 1430,1535 1413,1518 1331,1526 1289,1492 1262,1497 1211,1538 1156,1542 1105,1515 1047,1529"/>
                <Baseline points="1052,1551 1078,1551 1104,1551 1131,1552 1157,1553 1184,1554 1210,1556 1237,1556 1263,1557 1290,1557 1316,1557 1343,1559 1369,1557 1396,1556 1422,1556 1449,1553"/>
                <TextEquiv>
                    <Unicode>anzwisen habe.</Unicode>
                </TextEquiv>
            </TextLine>
            <TextLine id="r4l22" custom="readingOrder {index:21;}">
                <Coords points="1058,1627 1173,1620 1236,1665 1307,1616 1479,1640 1528,1614 1619,1655 1697,1608 1878,1618 1914,1571 1845,1551 1700,1580 1637,1533 1504,1587 1392,1568 1308,1594 1248,1565 1152,1596 1056,1564"/>
                <Baseline points="1064,1610 1106,1613 1148,1614 1190,1616 1232,1616 1275,1616 1317,1616 1359,1614 1401,1613 1443,1611 1486,1609 1528,1607 1570,1604 1612,1602 1654,1601 1697,1599 1739,1598 1781,1596 1823,1595 1865,1595 1908,1596"/>
                <TextEquiv>
                    <Unicode>stein das sy 36 d 10 f. vub welche</Unicode>
                </TextEquiv>
            </TextLine>
            <TextLine id="r4l23" custom="readingOrder {index:22;} person {offset:5; length:15;}">
                <Coords points="1053,1687 1339,1715 1380,1683 1449,1707 1662,1679 1859,1698 1881,1691 1881,1594 1788,1650 1719,1610 1574,1660 1308,1615 1235,1666 1053,1647"/>
                <Baseline points="1059,1668 1099,1672 1140,1674 1181,1676 1222,1677 1263,1679 1303,1680 1344,1680 1385,1680 1426,1680 1467,1679 1507,1679 1548,1678 1589,1677 1630,1676 1671,1676 1711,1675 1752,1674 1793,1674 1834,1673 1875,1673"/>
                <TextEquiv>
                    <Unicode>willen Elßbeth Cappiet, mit</Unicode>
                </TextEquiv>
            </TextLine>
            <TextLine id="r4l24" custom="readingOrder {index:23;} person {offset:14; length:13;}">
                <Coords points="1040,1762 1163,1742 1260,1779 1303,1756 1444,1806 1538,1764 1629,1810 1752,1761 1910,1760 1861,1715 1787,1728 1688,1681 1597,1720 1390,1684 1336,1718 1164,1692 1103,1721 1042,1692"/>
                <Baseline points="1047,1736 1089,1738 1132,1740 1175,1742 1218,1745 1261,1746 1304,1748 1346,1749 1389,1751 1432,1752 1475,1754 1518,1754 1561,1755 1604,1755 1646,1756 1689,1757 1732,1757 1775,1757 1818,1757 1861,1757 1904,1757"/>
                <TextEquiv>
                    <Unicode>Irem Stieff vas Peter Pfister, In</Unicode>
                </TextEquiv>
            </TextLine>
            <TextLine id="r4l25" custom="readingOrder {index:24;}">
                <Coords points="1047,1821 1342,1852 1856,1831 1887,1854 1947,1832 1948,1787 1903,1773 1822,1807 1742,1780 1627,1811 1589,1776 1471,1808 1267,1781 1220,1805 1149,1760 1110,1784 1048,1762"/>
                <Baseline points="1053,1802 1097,1807 1141,1811 1186,1815 1230,1818 1275,1820 1319,1823 1363,1823 1408,1824 1452,1826 1497,1826 1541,1826 1585,1826 1630,1826 1674,1826 1719,1825 1763,1824 1807,1824 1852,1824 1896,1823 1941,1823"/>
                <TextEquiv>
                    <Unicode>Rechtsnebung, auch hernach Solhie</Unicode>
                </TextEquiv>
            </TextLine>
            <TextLine id="r4l26" custom="readingOrder {index:25;}">
                <Coords points="1042,1890 1110,1892 1140,1924 1324,1899 1373,1936 1429,1903 1511,1939 1597,1896 1709,1925 1794,1907 1833,1934 1889,1913 1880,1874 1618,1878 1515,1836 1285,1870 1204,1824 1129,1862 1044,1838"/>
                <Baseline points="1049,1872 1090,1876 1132,1878 1174,1880 1216,1883 1257,1884 1299,1887 1341,1889 1383,1890 1424,1890 1466,1892 1508,1893 1550,1893 1591,1895 1633,1896 1675,1896 1717,1896 1758,1897 1800,1898 1842,1898 1884,1898"/>
                <TextEquiv>
                    <Unicode>zu gfangenschafft komen, wege</Unicode>
                </TextEquiv>
            </TextLine>
            <TextLine id="r4l27" custom="readingOrder {index:26;}">
                <Coords points="1055,1963 1246,1963 1348,2008 1612,1969 1944,1993 1957,1941 1884,1914 1836,1950 1759,1950 1686,1905 1515,1948 1437,1909 1374,1936 1332,1902 1266,1929 1212,1897 1151,1931 1057,1906"/>
                <Baseline points="1062,1935 1106,1940 1150,1944 1195,1948 1239,1952 1284,1955 1328,1957 1372,1960 1417,1962 1461,1963 1506,1964 1550,1965 1594,1967 1639,1968 1683,1968 1728,1970 1772,1971 1816,1971 1861,1973 1905,1974 1950,1976"/>
                <TextEquiv>
                    <Unicode>gemelter Pfister de Cappietene</Unicode>
                </TextEquiv>
            </TextLine>
            <TextLine id="r4l28" custom="readingOrder {index:27;}">
                <Coords points="1052,2021 1197,2065 1593,2052 1732,2081 1910,2041 1911,2014 1813,2022 1769,1996 1630,2030 1430,1987 1286,1999 1247,1963 1212,1991 1054,1979"/>
                <Baseline points="1059,2003 1101,2009 1143,2014 1185,2020 1228,2025 1270,2028 1312,2032 1354,2034 1397,2037 1439,2039 1481,2040 1523,2040 1566,2042 1608,2042 1650,2042 1692,2042 1735,2042 1777,2042 1819,2040 1861,2040 1904,2040"/>
                <TextEquiv>
                    <Unicode>anclagt, das sy zurr nd ihner</Unicode>
                </TextEquiv>
            </TextLine>
            <TextLine id="r4l29" custom="readingOrder {index:28;} person {offset:16; length:10;}">
                <Coords points="1042,2128 1105,2094 1322,2146 1764,2108 1815,2135 1925,2120 1928,2037 1762,2098 1654,2093 1606,2049 1503,2049 1456,2084 1358,2056 1307,2090 1045,2035"/>
                <Baseline points="1050,2078 1093,2085 1137,2091 1180,2096 1224,2100 1267,2103 1311,2106 1354,2108 1398,2109 1441,2111 1485,2111 1528,2111 1572,2112 1615,2112 1659,2112 1702,2112 1746,2112 1789,2112 1833,2112 1876,2112 1920,2114"/>
                <TextEquiv>
                    <Unicode>Frouwen, Ihra der Barbli Mut</Unicode>
                </TextEquiv>
            </TextLine>
            <TextLine id="r4l30" custom="readingOrder {index:29;}">
                <Coords points="1066,2167 1579,2239 1674,2205 1803,2232 1875,2199 1980,2214 1983,2143 1907,2123 1802,2138 1753,2108 1704,2143 1659,2116 1614,2149 1432,2160 1069,2102"/>
                <Baseline points="1073,2142 1118,2149 1163,2156 1208,2162 1253,2166 1298,2171 1343,2173 1388,2178 1433,2180 1478,2183 1523,2184 1568,2186 1613,2187 1658,2189 1703,2190 1748,2192 1793,2192 1838,2193 1883,2195 1928,2196 1974,2198"/>
                <TextEquiv>
                    <Unicode>solig, dieselbigen den ff ethwendt</Unicode>
                </TextEquiv>
            </TextLine>
            <TextLine id="r4l31" custom="readingOrder {index:30;}">
                <Coords points="1054,2245 1258,2269 1369,2243 1397,2275 1636,2264 1763,2296 1958,2286 1961,2240 1816,2254 1739,2210 1658,2242 1360,2232 1238,2177 1058,2177"/>
                <Baseline points="1062,2214 1106,2222 1151,2228 1195,2233 1240,2238 1284,2242 1329,2246 1373,2249 1418,2252 1462,2254 1507,2256 1552,2258 1596,2260 1641,2262 1685,2264 1730,2265 1774,2267 1819,2269 1863,2271 1908,2273 1953,2276"/>
                <TextEquiv>
                    <Unicode>haben solte zu einem Stroūw¬</Unicode>
                </TextEquiv>
            </TextLine>
            <TextLine id="r4l32" custom="readingOrder {index:31;}">
                <Coords points="1063,2311 1269,2347 1321,2317 1444,2349 1491,2331 1620,2378 1759,2351 1844,2389 1949,2368 1951,2334 1847,2322 1804,2285 1529,2273 1402,2311 1068,2242"/>
                <Baseline points="1071,2282 1114,2293 1158,2302 1201,2309 1245,2314 1289,2320 1332,2324 1376,2328 1420,2331 1463,2333 1507,2335 1551,2336 1594,2338 1638,2340 1682,2342 1725,2343 1769,2345 1813,2348 1856,2352 1900,2355 1944,2360"/>
                <TextEquiv>
                    <Unicode>Sack nach Irer Mut todt ge¬</Unicode>
                </TextEquiv>
            </TextLine>
            <TextLine id="r4l33" custom="readingOrder {index:32;}">
                <Coords points="1070,2380 1479,2419 1671,2409 1734,2456 1802,2426 1892,2439 1895,2390 1864,2373 1609,2384 1511,2348 1372,2371 1299,2338 1247,2364 1140,2312 1074,2325"/>
                <Baseline points="1077,2357 1117,2365 1157,2372 1198,2377 1238,2383 1279,2387 1319,2391 1360,2393 1400,2396 1441,2399 1481,2402 1521,2403 1562,2405 1602,2407 1643,2409 1683,2411 1724,2413 1764,2417 1805,2420 1845,2423 1886,2429"/>
                <TextEquiv>
                    <Unicode>fundt vnd dieselben behalten</Unicode>
                </TextEquiv>
            </TextLine>
            <TextLine id="r4l34" custom="readingOrder {index:33;} person {offset:15; length:6;}">
                <Coords points="1058,2452 1142,2440 1219,2480 1273,2463 1381,2498 1508,2474 1963,2509 1966,2460 1887,2438 1826,2465 1567,2426 1500,2452 1323,2427 1211,2376 1156,2408 1062,2389"/>
                <Baseline points="1065,2426 1109,2434 1154,2442 1198,2449 1243,2455 1288,2459 1332,2463 1377,2466 1422,2469 1466,2471 1511,2474 1556,2475 1600,2477 1645,2477 1690,2478 1734,2480 1779,2481 1824,2483 1868,2486 1913,2488 1958,2492"/>
                <TextEquiv>
                    <Unicode>habe. Und sy die Barbli aber do¬</Unicode>
                </TextEquiv>
            </TextLine>
            <TextLine id="r4l35" custom="readingOrder {index:34;} person {offset:18; length:13; continued:true;}">
                <Coords points="1059,2482 1368,2565 1544,2550 1698,2607 1785,2572 1890,2604 1979,2572 1982,2527 1940,2517 1721,2531 1682,2488 1541,2529 1062,2452"/>
                <Baseline points="1065,2480 1110,2492 1155,2503 1201,2512 1246,2519 1292,2526 1337,2532 1382,2536 1428,2540 1473,2543 1519,2544 1564,2546 1609,2548 1655,2550 1700,2551 1746,2553 1791,2555 1836,2556 1882,2559 1927,2562 1973,2567"/>
                <TextEquiv>
                    <Unicode>walen als sy darumb Calhie E pa</Unicode>
                </TextEquiv>
            </TextLine>
            <TextLine id="r4l36" custom="readingOrder {index:35;} person {offset:0; length:4; continued:true;}">
                <Coords points="1054,2563 1244,2594 1274,2630 1336,2604 1488,2623 1527,2659 1587,2626 1743,2636 1831,2676 1945,2654 1918,2606 1887,2623 1791,2573 1655,2607 1562,2565 1492,2602 1431,2549 1365,2578 1271,2535 1195,2559 1061,2493"/>
                <Baseline points="1061,2547 1107,2558 1153,2568 1199,2578 1246,2586 1292,2593 1338,2599 1384,2605 1431,2610 1477,2615 1523,2618 1569,2621 1616,2624 1662,2627 1708,2629 1754,2633 1801,2635 1847,2639 1893,2641 1940,2645"/>
                <TextEquiv>
                    <Unicode>Gnemet, der Stueff var ab habe</Unicode>
                </TextEquiv>
            </TextLine>
            <TextLine id="r4l37" custom="readingOrder {index:36;}">
                <Coords points="1056,2619 1101,2620 1156,2673 1225,2652 1552,2695 1639,2747 1719,2706 1772,2728 1778,2683 1707,2647 1610,2633 1537,2670 1472,2666 1361,2616 1275,2631 1248,2601 1063,2567"/>
                <Baseline points="1065,2601 1100,2613 1135,2623 1170,2633 1205,2641 1241,2649 1276,2655 1311,2661 1346,2666 1381,2671 1417,2675 1452,2679 1487,2681 1522,2684 1557,2687 1593,2690 1628,2693 1663,2696 1698,2698 1733,2701 1769,2705"/>
                <TextEquiv>
                    <Unicode>das sy dieselben mit habe</Unicode>
                </TextEquiv>
            </TextLine>
            <TextLine id="r4l38" custom="readingOrder {index:37;}">
                <Coords points="1058,2680 1298,2780 1369,2757 1555,2791 1676,2771 1760,2834 1850,2789 1973,2796 1979,2744 1857,2755 1729,2714 1639,2751 1604,2718 1323,2673 1251,2704 1065,2618"/>
                <Baseline points="1065,2672 1110,2688 1155,2702 1200,2715 1245,2725 1290,2734 1335,2741 1381,2748 1426,2753 1471,2757 1516,2762 1561,2764 1606,2766 1651,2769 1697,2771 1742,2773 1787,2774 1832,2777 1877,2779 1922,2781 1968,2786"/>
                <TextEquiv>
                    <Unicode>diget auch dhoch vnd v g. vmb</Unicode>
                </TextEquiv>
            </TextLine>
            <TextLine id="r4l39" custom="readingOrder {index:38;}">
                <Coords points="1054,2759 1177,2803 1209,2844 1337,2817 1453,2857 1551,2853 1594,2897 1748,2882 1783,2914 1861,2915 1877,2800 1773,2848 1659,2806 1276,2788 1065,2684"/>
                <Baseline points="1061,2748 1103,2763 1145,2775 1187,2786 1229,2795 1271,2805 1313,2813 1355,2819 1397,2825 1439,2831 1481,2836 1523,2840 1565,2844 1607,2849 1649,2852 1691,2856 1733,2860 1775,2864 1817,2868 1860,2873"/>
                <TextEquiv>
                    <Unicode>Gichung vnd das der glychens</Unicode>
                </TextEquiv>
            </TextLine>
            <TextLine id="r4l40" custom="readingOrder {index:39;}">
                <Coords points="1061,2808 1176,2874 1210,2862 1395,2922 1445,2899 1628,2945 1667,2932 1684,2955 1820,2955 1825,2925 1715,2894 1621,2904 1567,2862 1478,2889 1357,2849 1286,2861 1142,2817 1104,2770 1067,2777"/>
                <Baseline points="1067,2813 1104,2825 1141,2837 1179,2850 1216,2859 1253,2869 1291,2877 1328,2885 1365,2892 1403,2899 1440,2904 1477,2910 1515,2916 1552,2920 1589,2925 1627,2930 1664,2933 1701,2937 1739,2941 1776,2945 1814,2949"/>
                <TextEquiv>
                    <Unicode>von Imen bendt mit wyner</Unicode>
                </TextEquiv>
            </TextLine>
            <TextLine id="r4l41" custom="readingOrder {index:40;}">
                <Coords points="1045,2911 1072,2914 1076,2920 1107,2912 1130,2923 1146,2913 1171,2924 1178,2870 1168,2867 1161,2858 1151,2857 1138,2843 1121,2837 1093,2854 1063,2835 1054,2836"/>
                <Baseline points="1053,2900 1081,2898 1110,2901 1138,2906 1167,2912"/>
                <TextEquiv>
                    <Unicode>höh</Unicode>
                </TextEquiv>
            </TextLine>
            <TextLine id="r4l42" custom="readingOrder {index:41;}">
                <Coords points="1218,2936 1225,2937 1234,2948 1262,2956 1269,2964 1294,2960 1306,2968 1353,2972 1359,2929 1324,2927 1310,2934 1298,2930 1292,2934 1274,2924 1263,2928 1222,2909"/>
                <Baseline points="1224,2936 1249,2942 1274,2946 1299,2951 1324,2952 1350,2954"/>
                <TextEquiv>
                    <Unicode>verden</Unicode>
                </TextEquiv>
            </TextLine>
            <TextLine id="r4l43" custom="readingOrder {index:42;}">
                <Coords points="1437,2987 1459,2987 1470,2999 1478,2999 1485,2932 1479,2931 1469,2940 1459,2935 1454,2928 1443,2926"/>
                <Baseline points="1446,2957 1476,2960"/>
                <TextEquiv>
                    <Unicode></Unicode>
                </TextEquiv>
            </TextLine>
            <TextEquiv>
                <Unicode>Schencklen vilmalen syn handt
werck nit bruhen unnd hiemit
wenig gerinnen können, getriben,
hätte ab gottnnd vgerub
sezgehung. Item so sye er auch
ungfar vor 5 wüschen von glych
Vrsich wegen einem synem Nach¬ Vt
gren Vß anlaß syner G Iu
zn Kaller geebrochen, der meinen
froch und kuß darin zufunden
habe aber anders nüt den ein stuckt
ziger, das er genomen, darin ge¬
fundt. Wye aber Ime von grundt
vnes hertzens beidt, bätte aber
Gott vnd V. g. zubedt taler
umb verzychnung
Die f ist kantlich, das sy der
Man zum diebstal, wegen der
Churen Zyt vnd Irer 2 keinen
funden denen sy kein mahrung ghan
anzwisen habe.
stein das sy 36 d 10 f. vub welche
willen Elßbeth Cappiet, mit
Irem Stieff vas Peter Pfister, In
Rechtsnebung, auch hernach Solhie
zu gfangenschafft komen, wege
gemelter Pfister de Cappietene
anclagt, das sy zurr nd ihner
Frouwen, Ihra der Barbli Mut
solig, dieselbigen den ff ethwendt
haben solte zu einem Stroūw¬
Sack nach Irer Mut todt ge¬
fundt vnd dieselben behalten
habe. Und sy die Barbli aber do¬
walen als sy darumb Calhie E pa
Gnemet, der Stueff var ab habe
das sy dieselben mit habe
diget auch dhoch vnd v g. vmb
Gichung vnd das der glychens
von Imen bendt mit wyner
höh
verden
</Unicode>
            </TextEquiv>
        </TextRegion>
        <TextRegion orientation="0.0" id="r5" custom="readingOrder {index:4;}">
            <Coords points="1989,2468 1989,2618 2010,2618 2010,2468"/>
            <TextLine id="r5l1" custom="readingOrder {index:0;}">
                <Coords points="1984,2611 1993,2611 2003,2621 2016,2618 2016,2518 2007,2520 1997,2514 1990,2519 1984,2519"/>
                <Baseline points="1989,2568 2010,2568"/>
                <TextEquiv>
                    <Unicode></Unicode>
                </TextEquiv>
            </TextLine>
            <TextEquiv>
                <Unicode></Unicode>
            </TextEquiv>
        </TextRegion>
    </Page>
</PcGts>
