4000 3000
169 91 1006 266 Blycherwyß habe er auch letstlich sechs muß
218 169 996 320 Roggen, deren Jedes, er einem Imme vnte
216 210 993 387 kanten Bueßman umb vner underrhalen
227 274 845 374 batzen verkaufft endtragen
174 377 1012 603 Etstlichen Owol Wolffgung Jost der kei
180 494 1020 668 vregmeldet diser gefasngne gefihm vnlen
210 547 960 699 ein stuck bütelth sch, so ee ime abgezagt
226 636 1010 754 namen. Item uß des gefangnen eignen worten
973 659 1023 709 gt.
212 670 985 802 das er sidt erster gfangenschafft, nit mehr
216 732 1018 869 alls einem Meisten gedienet, abzenemen, das
206 803 993 940 er noch vill diebstäl unnd unthaten hegan
218 855 959 973 haben werde, darumber vermandt
199 928 1001 1051 worden, die warheit volkomenlich anzuzeig
210 983 1007 1099 hatter doch uizit wylders bekhennen
123 1026 515 1136 wöllen tc.
386 1270 1020 1404 Diser Bücher Wyl merenteg
401 1359 1015 1446 bekanndter diebstalen ersetzt
372 1417 1010 1491 wordenn. Ward unntzit uff
375 1454 993 1532 Gnadmmner G herren vnnd
342 1507 1032 1576 Ohberen, Inn dz Schallenpers
405 1552 1001 1635 gethan. Denn 2. Marti
872 1599 1002 1666 162
756 1837 1024 2037 schv
270 1887 767 2037 Mali Bor
426 1989 1011 2102 Deewyl ein junger knat
102 2109 1016 2230 Durch herren Großweybel Brocher unnd miche
187 2175 1003 2293 grichtschryber ward auch Bläsi hörch zubt
189 2232 986 2342 wyl pfeldig, deßen valter wonet jetz zu
192 2293 1005 2408 Ziegelreed ein junger knab by 13 oder 14 ja
182 2351 989 2446 aleg, wyl er einem oberlender ein seckelm
194 2401 987 2512 geltt zum Gerberen verschinen faßnacht
170 2450 998 2583 zu fälen vnderstanden sepammsert, dies
184 2547 363 2641 bekendt,
132 2549 984 2719 Er habe zwahr biß verschinen wienachten gedi
176 2620 965 2751 nerhere aber nit, inn dem syent nachvolge
166 2648 994 2812 böse beben zu Meßen ungfarvor. w
1150 85 2017 287 so füme komen unnd inne bredt, das er
1159 140 2034 327 zwilliget mit inm diebstäl zeuerbringen.
1153 235 1483 401 gensheeff
1133 289 2049 466 zu kanseren jn Hanns Schluppen altgen
1157 345 2049 498 unbewonten huß uß einem frog sogm ober
1155 383 2070 556 geden gestanden B E. dauon iemne m bate
1149 458 1480 591 wndes gesolt.
1142 525 2045 668 ei Hungerberg by fromwenbrunen, siendt sy
1162 601 2047 724 zum tach gn in ein spycher gstigee un und
1131 651 2036 770 hauß einhalben mitt komn, so sy zu Burg
1146 704 2064 827 dorff verkonfft, dauon ime suh bat worden,
1146 769 2016 883 diete mit synen gsellen verspiltt, entrager
1124 882 2075 1019 Den schmid zu Mülchi nächtlichr wyl uß der
1125 959 2099 1050 werckstatt zwen stäbysen, die sy zu Burgdorff
1130 1014 2059 1123 vmb 24 hz. davon Ime 2 worden, endt¬
1128 1082 1321 1187 frömbdet,
1097 1145 2048 1269 Wytter haber synem vatter, alls er von Gricht
1124 1226 2034 1328 shon uß synem Röckli funffbatz endtzueft
1102 1320 2034 1439 synem binder so zu Zerischwanden dienen hab er
1134 1382 2014 1483 nit nun ein gurtel sonderen auch verschinen wie
1124 1436 1995 1542 nachten, syn rerdienten lohn, der se In einem
1117 1494 1814 1600 seckel ghopt ze stälen understanden,
1094 1568 2036 1710 Hanns Bärtnen synem geherten Mëyfer habe
1106 1655 1420 1746 der ein gurtzel
1082 1723 1965 1830 deßglychen zwey maß Eychen endtwendt,
1122 1812 1870 1923 Volgent Jyure gesoanen namen
1076 1910 2002 2067 Hanns Rodt von Raperßwyl sie noch ein gar
1092 1994 1972 2112 junger knab trage wyßlynen hosee unnd
1087 2043 1262 2130 Wansel
1089 2115 2003 2275 Ulli Gegg sye zu Ettißwyl daheim ein junger
1092 2186 2003 2328 boß zemsich lenge, trage wyß wüllen hosen
1087 2225 1356 2326 und wanste
1080 2303 2007 2524 Ulli Schnägg von Münchringen, habe einschwartze
1091 2359 1985 2562 deeflechten barttt, trage wyß lyumshosten
1081 2428 1346 2536 unnd wansel
1070 2477 2046 2721 Ulli kunde sie zu Egenkonen in hochen grichten
1083 2563 1992 2749 daheim, sie er kurtzer alter man habt ein
1084 2630 1994 2830 genuse baret, trage wyß wellen hosenn
1080 2683 1962 2894 vnndem grau wollin wamselbus
2041 26 2101 79 110
