4000 3000
291 51 1031 323 ude eendeg
328 177 1003 360 ner Pfaff vßern Sundtgome¬
203 212 1045 481 Densesten tange s
268 333 1020 526 vogt von Caullion ein verloffnen
239 402 1048 620 Pfaff ußem sandtzimer ür t s
611 495 768 567 gefeng eu
249 515 1027 661 Losch genampt, nebent alhar geschick
281 562 1033 711 worden mit einerem bricht, wie das h
240 612 1031 774 Bartbeine Wyß vß Mallis Inn
264 684 1029 846 durch schryben verwarnet, wi d
262 753 1025 905 gesagte Pfaff hieuor zu Sichen zu
242 846 1028 976 Wollis etliche rebellische, vnd müg
267 926 1013 1047 wortt habe ußgoßen, als solte die
251 974 1036 1125 Landt, Wallis Innert wenig mo¬
279 1047 1044 1184 naten, dem Kunig Im Spanren vnd
276 1132 1034 1269 würffig und zngnomen werden
269 1197 1040 1325 nebent anderen mugischen, vnd vff
266 1303 1033 1383 enerischen wortten, wie den In des
257 1347 1041 1454 bigen schryben mit mehrerem r
264 1425 1028 1509 griffen. Defwegen salleerht
228 1480 1033 1583 Landtmatenn von welches
267 1556 1038 1644 thwegen, er Ingezogen, vnd der
273 1624 1003 1723 er aber ein gristlicher, sye er de
234 1683 1040 1808 Bischoff uberantworttet worden, der
273 1764 1047 1869 aber Inne glych daruff ohne ieggen
251 1831 1032 1950 examen vnd straff ledige gelaßen
257 1894 1035 1992 habeende vnd vß dem Landtge¬
262 1946 1030 2072 schickt habe. Deßwegen sen
250 2010 1034 2123 he landtvogt, wan der gemet
248 2087 1036 2213 Pfaff alda furpaßieren wurde, zu
258 2142 1045 2266 Inn verwahrung bis vff erclärung
243 2210 1035 2354 syner ußgoßnen reden vffzehalten
253 2281 1022 2432 solle, Welliches er den auchgeth
243 2350 1038 2502 habe. und nach dem er der londtv
242 2415 1044 2578 Inne den Pfaffen vmb die Jur¬
247 2489 1002 2665 schickte anslagen, so wol mit
244 2532 1034 2723 fründtlichen worggen, als auch nit
237 2629 1036 2775 betroüwung der Marter exammis
231 2674 1036 2871 habe er der Pfaff zu der nacht doraf
1059 1428 1103 1479 en
1057 1475 1097 1511 d
1118 24 1994 234 Er firgenomen vß der gfangenschafft
1114 107 1979 292 gbrechen, die Teckenen Herschmigen
1111 174 1975 338 und sich durch ein loch gegenste
1118 242 1982 434 esher laßen wollen, aber vnder dem
1115 317 1911 473 hoch sich versteckt, also das er durch
1120 369 1953 524 einei schiltwechter erhört, hiemit
1125 470 1936 589 wider jaher gezogen worden unnd
1127 528 2021 662 dewyl er sich also saluieren wollen,
1117 581 1992 736 hmeine er der landtvogt, es möchte
1119 675 1955 794 vil fhüller prättigken noch hinder
1111 755 1966 885 zut stecken, ob glych wol er der
1120 801 1953 940 inne fürgehaltner anklegten nit
1123 886 1958 1014 gestendige syn wollen. deswegen
1114 926 1980 1077 hene v g gwarsamlich zugeschickt.
1120 1024 1994 1128 damit wo etwas gefarliches nochhin
1118 1099 2004 1195 hmme stecken wurde der gepür nach gegen
1117 1153 2000 1259 hme procediert wurde. Vff wellichen
1127 1219 1985 1322 daß hr landtvogts bricht ud ger ut
1128 1292 1926 1410 befundtn, einen vß Ihr g mittlen
1124 1348 2015 1461 zurordnen, der den gemelten Pfaff
1139 1427 1956 1525 der gepur nach exammiere, das
1140 1500 1936 1598 nun vff Sambstag den 9. Marti
1121 1551 1940 1663 dis jars In der mannenfefi durch
1122 1627 1950 1730 den fromen Furnemen, fürechtig
1125 1690 1947 1808 brsamen und seysen H Rudolff
1131 1756 1946 1853 Horn. deß Keinen Rhats vnd R h.
1130 1831 1982 1940 Großweibel Kilchbergers gegen Ime
1122 1891 2012 2014 verrichtet worden. Welcher Pfaff
1142 1957 1991 2072 ob der Jenigen wortten nit also ge¬
1133 2043 2024 2144 stendig syn wellen, als daz er also rauw
1147 2104 1972 2213 geredt habe, das Iunert zwüßer Zyeh
1145 2183 2022 2297 die Wolliser vom König zu Spannen
1146 2238 2010 2339 werdnit vberfallen vnd zugnomen
1145 2320 1986 2418 werden. Sonder als er zu Dortman
1151 2378 2005 2483 In Wallies alls ein prester gedienet
1151 2436 2024 2549 e er etliche mal mit einem Wirth
1149 2522 2051 2641 so sich schwytzer namse zn disputa¬
1146 2572 1932 2685 tionen, vnd gspräch komen, wege
1156 2627 2014 2778 bschaffenheit der Walliseren und irer
1160 2709 2061 2832 neingkeit da möhte er wol gwed
1156 2761 1943 2911 haben, wan die Wolliser nit beße
