4000 3000
202 47 978 262 keine fandtvögt, wie sy vnd we
201 139 987 318 Irem einer etwas handets habe, deis
211 193 988 388 sy nit zuvor für jre landtvögt
213 247 959 420 kehren, wie ab 19, sonder könnet
210 327 927 471 fur Ire h. vnd Oberen komen
117 467 941 596 Eetstlich ist er auch befragt worden.
215 532 969 679 nit dem jenigen, so diser ußgoßn
947 575 982 626 b
220 591 986 758 reden vß beuelch deß Landts, nachte
227 660 948 781 sollen, etwas habe wellen verehren
952 753 990 811 den
222 729 974 861 er schwyge. Darüber zeigt er e
189 799 986 932 sye seiner syner frundt zu Ime h
185 856 979 1007 und imme anzeigt, er solle dem jen
231 933 983 1072 so diser sachen nachfragen sollen
196 997 983 1137 verehren, damit er Imme die sach, sich
205 1079 966 1199 In clagt werde, dest munder ußbringen
209 1134 981 1276 Er Berybredt habe aber selbiges
216 1233 991 1333 thun wollen, wyl er wol gwüße
215 1285 990 1387 das er deß orts unschuldig und del
219 1357 975 1473 rung wider ein oberkeit noch de
209 1439 975 1536 hlandtvogt nit than habe.
1924 19 2002 88 44
1869 49 1922 108 1
1113 50 1941 258 Damel von Koiderhu¬
1191 157 1871 296 eren geweßner Brugg
1217 236 1773 348 knecht zu Nydome.
1086 329 1980 485 uff smbstag den 12. maii diß 1621 jars
1094 393 1890 549 In bywahen vnd anhören, deß fromen
1071 456 1929 620 furnemen, fursichtigen, ersamen vnd
1087 523 1998 654 wysen herren Vinrentz Spätigß deß kleiner
1077 593 1977 741 ghats Philippkammet, der burgeren mi
1081 661 1978 783 Hans Brochers Großweibels auch etlicher
1068 733 1893 843 weiblen mngh und oberen dieneren
1067 760 2001 904 ward damel von Niderhüsern, geweß
1088 863 1982 959 ner Brüggknecht uber hernach folgende
1077 921 1921 1050 gezigne liebstäl zu Marzili mit und
1092 983 1907 1106 hne marter ernstig befragt worden
1067 1082 1930 1189 deß ersten ob er nit uff ein zyt einem
1091 1147 1991 1230 hiener auch einen langwirigen rechtshandell
1066 1200 1968 1286 mit imme gehept, ein roß ab der weidt ent
1078 1262 1931 1341 füert und veruntrüwet habe und hernach
1079 1330 1919 1414 vmselbigen widerumb ersotzung thun, vnd
1067 1386 1494 1481 das Stoß bezalen mueße.
1068 1431 1932 1540 darüber gibt er einen solchen bscheidt, er habe
1055 1498 1958 1580 zur selbigen Zyt von einer gwußen person
1067 1569 1972 1639 vnfher In einem dorff von Nydauw, eine
1071 1606 1945 1705 Doß erkaufft, welches aber, wan er daßelbige
1071 1658 1945 1745 zu Weidt glaßen, stätz widerumb heim vnd
1070 1725 1945 1819 zu syner alten herberg geloffen. Also daz er es
1064 1779 1930 1888 vilmalen daselbst reichen mueßen, Vff ein
1060 1833 1988 1921 zyth nun als er früey vor tag von Nydau
1073 1881 2008 1996 nach Hern Reißen wollen, vnd In großer verwir¬
1066 1937 1938 2058 rung wegen synes langwirigen tröls gsen
1079 1998 2013 2119 also das er vilmalen von beinnernus wegen nit
1076 2058 2012 2170 gwüßt, was er gemacht, habe er ein roß in einer
1070 2126 1990 2258 gaßen by einene zum vff der Weidt gefunden,
1066 2189 2000 2301 und anderst nit vermeint, den es werde syn roß
1075 2231 1996 2368 hie, dan es dem synigen, mit zZeichen vnd der
1047 2300 1969 2439 farb gar wol gelichen, habe es derwegen ge
1075 2362 1994 2488 nommen, daruf geseßen, vnd also vortag, bis
1064 2415 1998 2564 fur Arberg hinnß gefharen, als es nuntag
1072 2489 1994 2641 worden habe er erst gsechen, das es nit syn roß
1081 2526 2010 2679 nit destweniger sye er leider, in söllicher syner
1058 2582 2029 2771 unnüt, wyl er nit gwüßt, weß das roß syn möchte
1062 2651 1962 2823 darmit fort vnd nach Bern gefharen, Alda
1075 2724 2013 2883 er synen bruder Peter v Niderhüseren zu Lon
1066 2763 1979 2950 strff warhafft fundtn, dem er es auch geben
