4000 3000
202 152 1019 275 ouch in berüetem brichtschrybe
205 216 1039 334 vermeldet, sols chützen eehwyb für
213 259 1033 376 hafft bestedigst, as sie ahnen ahngflar .
224 328 1006 412 zweyen Jaren Schutz, nachts so
206 357 1066 485 unbsint heimkomen, das er syn i
215 405 1041 523 Vmbringen wellen habe nachw
214 461 1000 557 auch derglychen than, alls wellt
1013 532 1058 574 er
233 519 885 608 sichselb lyblag machen etc.
180 565 1048 688 wetliches alles villgemelte sh
210 616 1071 746 Inn bysyn Herren Dilliers vorgeng
193 676 1033 776 H Jacoben Brumgarters unnd
215 729 1038 848 Großweybel Srachers vff Zigte
215 786 995 887 Den 110 oembris diß 10 15 ars
164 842 1004 936 Warzilli erammiert worden,
179 901 1056 1003 Der hat syn vorgeunde bekanndtun
230 960 1057 1072 nit nun widerofert, sonndern auch
221 1013 1056 1111 nhast Allerdings bestürzigt, allein
219 1074 1077 1161 das erden gegen h. Chorschryber Sum
215 1136 1063 1230 verügten bschiß erlütert, inn dene
228 1180 1068 1271 worten, er habe Ihm niemalen Ver¬
221 1238 1046 1337 meldet das er bernet hauptgentze
227 1291 1071 1392 ynzogen, sonndern ime denn beiff
221 1348 1062 1446 fürgeltig widerumb zugstellt, doch
220 1409 1067 1505 Werde h. Simer, oder die Schnldner
216 1474 1078 1555 dise lsum an syn schützen wyb, wy
238 1518 1052 1618 sy einerbin ihtres vatters sie inn
204 1576 1010 1671 Ansechen derselb das hauptgud
232 1630 1071 1742 empfangen, zu erholen., vnnd werde
208 1694 1051 1800 Also diser sum halb niemand nützi
215 1763 763 1852 zu verlieren haben
168 1853 1058 1984 Was dannochin s schaffner zinder
190 1936 1029 2049 deßglychen s Burtler unnd l
203 2008 1059 2103 haūptman Jeiner, oder sÿn Schwi
204 2061 1058 2158 beträffe, mit denen vnvnd andern
224 2116 1049 2217 so Ime etwas zeuo odern habent,
207 2178 1002 2269 begere er frundtlich zerechnen
209 2221 1076 2328 auch erpittig jeden umb das so
201 2277 1063 2393 Inen schuldig verblyben möcht, hn
183 2313 1051 2450 einen halben thar, ze bezahlenuß
178 2382 1050 2504 dem toman ihme hin vnnd wide
205 2467 517 2569 schnldig fir
117 2522 1069 2665 at somst keiner anndern vntet
203 2569 1063 2717 nach das er gemants wyter nit
186 2620 1074 2768 ynzogen betrogen, hun keinen w
174 2684 1060 2836 ggestendig syn wellen. Guchdes
2087 34 2152 94 61
1207 90 2095 271 nit, so imme nach zunhalt daß letstenn
1189 147 2082 323 Schrybens, das er denn buten, mit
1202 201 2101 347 denen er gehandlet der warheyt
1182 247 2120 419 Abgsin, auch deß ergangnen märits
1202 303 2086 468 gegen Petter hiesing, noch das er
1197 354 2121 515 imme ein müt haber hinderhalten,
1215 418 2133 551 unnd letstlich deßenhalb, so syn wyb
1197 461 2163 610 uff inne klagt fürgehalten worden
1215 533 1975 670 Pitzet hiemit umb Gnad
1194 587 2135 764 Ist einmal Tarvfzogen worden,
1164 841 2031 953 Diser pauli Schütz, sol sine gleübiger
1180 885 2087 1004 zuuert einem monat, vmb Inen Zethunde
1199 934 2153 1054 Summen gälts eintweders bezahlen, oder
1196 1003 2100 1089 Aber so sy nit erwunnden woldten, miner
1175 1046 2111 1150 G Herren vnnd Ozberen Launden vnd ge¬
1175 1081 2129 1206 pieten. Innhaldt zr g Satzungen, mit dem
1179 1161 1757 1279 syd verwisenn werdenn.
1238 1408 1980 1657 Shiem Bera
1176 1618 2169 1741 Dise Frena Periat zu Salouoe im Wisten
1187 1722 2101 1780 lach ist zwar uff frytag denn 27. obr2i5
1196 1767 2174 1831 deß 1618 Jars durch herrenn Zeuuer des
1186 1796 2189 1899 Raths, Bispfenniger Koch vnnd Großweyb¬
1215 1855 2182 1954 el Brocher zu Marzili mit Marterexa
1196 1903 2167 2008 mmmert wordenn, hat aber deß dem H
1200 1956 2148 2074 Seckelschryber eundtwendten gälts halb,
1184 2008 2168 2122 das es solches vermuteuwet. Im keinen wag
1211 2053 2197 2163 gsteundtig noch Anneeed syn wollen vnnd wie¬
1194 2105 2168 2216 wol dise magt glych wie zuuer, den hinde
1199 2163 2201 2285 In gefundne große Schlußel ghöre zu einem
1179 2200 2132 2317 trog, so zm wistennlach zum siner muter
1199 2255 2180 2387 hus sie, Jedoch Alls syeundtlich mit des
1194 2310 2191 2436 hr lanndtvogts von Witlispungs Schryb¬
1205 2360 2143 2488 en vberwisenn worden, das Ir furgaben
1218 2407 2137 2540 nit wahr sie hat sy enndtlich bekenndt.
1213 2454 2203 2611 diser schlüsel sie der allten frauw Gotsch
1186 2529 2183 2649 etwann gsin ghöre zu einem wrag, daronn
1228 2557 2191 2711 y Iu silbergschir, vnnd anndere sachen ghallte
1215 2611 2150 2782 unnd werde zu Nüwenburg sinder ires
