4000 3000
29 2480 195 2567 also das er
33 2535 216 2614 nit wüßen
30 2595 213 2648 wie vil
29 2642 163 2710 es sye
290 2 1020 201 gesprochen, ob er inne mit s
291 53 1028 241 Ine syn huß noch einen schlaß
280 123 1027 309 hethtenn laßen wolle, daser
288 205 991 369 vff Syin begeren als synemg
277 267 993 415 mit abschlachen körne, habe
273 352 993 512 von der Cirnen mit gewüßen
984 382 1037 443 2
261 405 1001 564 Vnd als sy mit ein anderen
140 473 1031 618 seine I eyn hieß gangen, vnd der
261 551 1019 693 gfatter sach Im nebentgaden
268 632 1045 777 vff einen woge zuschlassen
259 702 1036 841 legt Emne die Cirnen wyl d
262 774 1046 918 Luren affen dahar, vnd sotzest
274 844 1025 996 nebent Zundem Buren, welche
266 921 993 1032 dan mit einnanderen geredt
254 988 1012 1120 In dem komme deß Burensch
261 1068 1018 1184 dahar, vnd schlache die Tienen
252 1134 1010 1254 das sy aber etwas ungepür.
264 1223 1011 1327 liches von Iuen beide gesechen
260 1275 1033 1402 oder das sy gewußt, das es deß Bur
267 1340 1014 1460 Tirnen sye, werde sich nit er¬
272 1415 996 1535 findn konmit auch deselben
264 1481 798 1586 nit gestendig syn.
281 1561 1001 1678 as entwente gelt belanget
205 1622 1032 1752 sye nit weniger den das er striken
218 1696 1005 1815 uff syner i anhalten leide so
256 1763 1025 1874 vil vergeßen, der Gaßerin eine
250 1839 979 1966 Ira gelichtnen Trog geoffnet
228 1881 1010 2044 Vnd daruß Ihro an der Zaal
239 1994 1024 2116 Ime vnbewußt gelt gewier
252 2079 1013 2185 auch 12 ellen wullin 3 ellen
256 2146 1010 2268 gebleichtsauch, wie aūch ginen
254 2222 1008 2338 fragen genomen, daruo
249 2261 1021 2396 er 6 lf uinder 2 bz verthan
236 2325 1024 2471 das ander werde durch den Chor¬
243 2407 1000 2548 weibell vß bemelch in. C. no
243 2445 1009 2638 In einem irem trag noch sen
237 2539 1002 2731 haben) Es habe zmne oberk¬
248 2640 969 2786 sollichem diebstal die Ther
218 2676 974 2894 zytt, vnd das er wegen bese
958 232 1027 292 b
1103 0 1981 170 schencklen vilemalen syn handt
1130 56 1938 221 wrck nit bruhen, vnd hiemit
1127 132 1968 277 reng gerinnen können, getriben
1113 206 1962 336 heige ab Ggott nd vn gevmb
1113 265 1950 428 Eghunge. Item so sye er auch
1102 337 1988 504 angfar vor 5 wüschen von glych
1112 407 1966 555 Vrschwegen einem synem Nach¬
1112 475 1947 643 paren Iß anlaß syner G In
1134 518 2012 706 zu Käller geebrachen, der mein
1109 613 1994 793 froth und käß darin zufunden
1114 681 2012 854 habe aber anders nüt den ein stuck
1105 797 1995 914 ziger, das er genomen, darin ge¬
1116 824 2039 989 funden. Sye aber ime von grundtsy
1114 920 1955 1039 synes hertzens leidt, bägge aber
1101 1004 1979 1126 Hoth vnd V. g. zubedt zeles
1104 1092 1546 1195 vmb verzychnūng
1088 1161 1938 1299 Die f ist kantlich das syder
1124 1243 1920 1348 Man zum diebstal, wegen der
1109 1318 1943 1445 Thuren Zyg vnd Irer 2 keinen
1122 1386 2012 1507 fanden denec sy kein mahrung ghon
1129 1453 1515 1558 anzwisen habe
1125 1486 1966 1630 Item das y 36 d 1 f vmb welch
1124 1565 1957 1676 willen Elßbeth Cappiet, mit
1124 1642 1973 1769 Irem Stieff vas Peter Pfister, In
1137 1733 2019 1818 Rechtsnebung, auch hernach Salhie
1134 1792 1964 1905 zu gfangenschafft komen, wege
1134 1866 2034 1976 gemelter Pfister de Cappietenen
1140 1934 1995 2044 anclagt, das sy iuer oder yner
1121 1997 2006 2121 Frouwien Ihra der Barbli Mut
1143 2073 2022 2210 solig, dieselbigen den 9f einthwei
1142 2160 2027 2262 haben solte Zn einem Stroūw.
1141 2233 2032 2357 Sach nach Irer Mut todt ge¬
1151 2299 1969 2434 fundt vnd dieselben behalte
1134 2368 1884 2487 habe und sy die barbe abe
1159 2452 2065 2590 malen als sÿ darūmb (alhie E xa
1138 2501 1927 2649 Cnemet, der Stieff vatab
1145 2579 1852 2736 das sy dieselben mit habe
1151 2636 1895 2812 bihet auch dhocg vnd vd g
1170 2714 1923 2912 eychnng und das der glychen
1159 2785 1266 2872 16
1321 2860 1539 2943 er beiden
2018 401 2057 476 e
