4000 3000
215 62 1053 202 züget Erliche lüthgsen Könneer zue
222 124 1048 246 wider dise vstag nützit erdenn, sonnder
223 170 1049 296 laße derhalbenn die für warhafft geige
216 219 1059 344 vnnd blybenn, er wüste sich aber eygen
220 274 1043 381 lich nit zuerzuneren, Ober das maßer
238 317 1026 426 mit welchem er denn wurth gestochen
216 361 1049 482 Alls derselb Inne wider verhoffen, Wil
236 418 1068 547 er syn gfater isin gschlagen, anfengich
237 466 1008 579 Im ermel oder dem hoensack gha
225 516 1058 633 zugehiemit an Gott, wann der wir
230 564 1041 676 jalig inne nit so hardt ungriffen, mit
231 619 1019 719 füstenn vff Inn gsorungen, unnd bim
233 663 1036 773 halserwütscht, häte er Im ouch nicht
508 710 1056 830 viln das aber, Wie erzel
239 740 378 811 gethan.
242 763 1017 882 beschächenn, habe er leyder, uß Horen
227 814 1026 915 berürtmaser, so des wirtstöchter
220 865 1019 955 lins gsin, wider inne brucht, unnd
216 917 1033 1017 Inne damit solchermaßen verletzt
234 975 1026 1063 das er destwagenn syn läben winder
216 1024 1035 1130 vnnd laßen müßen, das sie Im Aber
226 1073 639 1171 vonn Hertzen leyd.
202 1144 1049 1260 hiemit sie er ouch bekanndtlich, Das
231 1217 1021 1298 neben dem obgemälten maßer, ouch
231 1265 1059 1350 etwas wenig Saltzes. Welches Im blutz
212 1320 1017 1390 das eundtlygten gsechen worden, ge¬
212 1372 1050 1454 Ab dem disch genommen, Willens das
218 1426 597 1511 heinzetragenn
226 1504 1058 1610 ditenmalnnn vß vorgemehter Kundt¬
227 1583 1031 1678 Bufftsag sich heyten beschinnen, Das
208 1635 1058 1725 gegenwurtiger Oberli, dem endtlye¬
176 1690 1058 1772 sen Wurth anlaß gäbet. Inne mit der
199 1742 1034 1832 funst zeschlachenn, Derselb ouch Ieme
202 1781 1048 1884 mit dergstallten, wie er aber fürgäbe
201 1841 1038 1916 mißhanndlet, unnd derhalben e
203 1885 1056 1994 nit gnugsame ursach gehept, dennselbe
834 1941 1048 2028 a so habent
137 1959 606 2060 Eyblos. Zemachen
187 1997 1023 2098 hochgenannt nun gnedig herren und
200 2045 1047 2147 Ihberen, Schūltheis. Räth, vnnd St
191 2093 1039 2217 diser Toplichenn Statt Bern, vff Iren C
192 2174 957 2266 zurecht erkenndt unnd gesprochen.
178 2235 1044 2329 das man Inne dem Nachrichter beuelchen,
176 2284 1029 2390 der Inne Obenns vffgwonliche Richt¬
127 2338 1037 2459 statt führen, Inne Allda. alls einem
132 2379 1012 2498 Mieerlichen Todtschleger syn haup
156 2416 1035 2564 schlachen unnd allso mit dem schwöll
177 2464 1049 2590 voh laben zum thodt nach keyseelch
173 2574 788 2666 rechten, richtenn sölle e.
2033 15 2105 89 55
1264 87 1924 219 lhe wei
1482 182 1784 281 Vorgemelt
1116 272 2116 429 Demnach, gegenwurtiger Michel Oberei
1173 331 2110 439 zu grunenn im gricht simistwalld fürt-
1166 384 2132 469 vor einer gutenn anzahl jaren mit Melcher
1153 419 2127 544 haltbrunner byläben wirth zu Smmistwalld.
1150 468 2148 593 aneinem by Imme gehaltnenn, vnnd verzugten
1171 523 2126 631 hochzytmal, Iun solche vneinigkeyt gerohten
1176 574 2118 675 das sy einannderen angriffen, vnnd hillt¬
1168 628 2097 723 brinner, vonn etlich empfangnen, mit einem
1171 678 2085 788 mäßer beschechnen stichen, syn läben ufgäben
1159 722 2046 814 äunden unnd verlieren müßen, hat zwar
1149 773 2096 874 Herr Franntz Buder der ellter des kleynen
1157 830 2065 921 raths, domals lanndtvogt zu drachstell
1133 863 2111 976 woll ußschuldigkeyt sines getragnen ampts-
1162 935 2135 1028 diß leydig beschechnenn Godtschlagshalb gepur¬
1151 983 2133 1070 eundermaßen kundtschafft unnd bricht ynge.
1144 1034 2136 1120 nommen, vnnd hernach solche des vmbkommen
1160 1087 2114 1174 fründtschafft uff br ernnstiges anhaldten, ver-
1686 1135 2049 1216 welche sy minen
1155 1136 1661 1223 schloßenn zugestaldt.
1144 1179 2118 1250 Gnedigen hocheerenden herren, vnnd Ohberen
1163 1230 2152 1310 schultheisten unnd rath diser Coplichen Statt
1151 1280 2142 1375 Bernn, zugebracht, vnnd väterliche hilff wider
1169 1335 1575 1402 denn läter begenth.
1691 1339 2136 1418 Vyln Aber derselb
1163 1394 2161 1474 flüchtigen fustgesetzt unnd sich ein zytt lang.
1170 1432 2074 1520 vonn einem Ordt. An das Annder begäben
1157 1488 2136 1575 Ist vßgwüßen Vrsachen, Alls das diser todt¬
1146 1535 2064 1612 schlag mit einem mäßer beschechen, kein
1138 1584 2117 1670 lanndttag gehaldten worden, vnnd dise sach,
1138 1635 2128 1744 unntzitzetz. das man zun gfengklich yn¬
1158 1688 1657 1777 zogen, Annstan verbliben
1811 1704 2152 1784 Somin oban¬
1146 1755 2092 1853 zogne ufgenomme kundtschafftsag, welche
1145 1801 2073 1902 denn 14. Marty Anno 1590. verhördt Inn
1151 1850 2092 1954 Schrifft verfaßt, Vnnd vonn den Gezugen.
1163 1904 2133 2009 mit uferhabtem zu gott dem allmechtigen
1156 1965 2030 2068 geschwornen lyd bestättigt worden, zum
1120 2017 2083 2136 olchen Wortenn bestadt. Alls an einem bey
1151 2061 2109 2187 dem umbkommen gehaltnen hochzydten Oberli
1155 2120 2104 2280 der Cäter, vnnd Hanns Hunig, so seidther ge¬
1152 2173 2155 2317 storbenn gyget habe nach verzegtem morgen
1147 2236 2084 2376 brot, vnnd nachtmal, ouch etwas genoßnen
1156 2292 2111 2436 nachwyns, der wirthselig, sy die Gyger
1156 2338 2106 2483 zu vnnderschidenlichen malen sonderlich dann
1150 2393 2115 2552 väter mit vermelden es sie nam zytt habent
1157 2450 2124 2599 ouch gnugsam gräßen unnd truncken, Heinche
1132 2526 2126 2675 han vermant. Welches aber er der luter
