4000 3000
216 67 981 273 mit vermelden, das es imme an einer schuld
201 138 954 308 der schatzung worden sye, jedach dirffte wilh
206 199 928 356 einer nahm komen, der es widerumb ge¬
201 248 903 390 dem sölle er es geben Wie den nit lan
209 292 313 345 Jenig
630 335 856 405 als er den aaß
194 309 935 449 der deßen das Roß gsen, vnd vernomen,
888 365 957 424 h
209 379 977 533 es berye buich nahm komen, er hab
190 432 939 573 syn roß nit widrumb empfachen welle,
215 492 950 643 es habe syn bruder demselben zn synen
204 552 975 730 ein anders anstatt kauffen müeßen, als
205 617 943 773 derselbige nüt wygers von deß roßer
205 668 910 818 vordere. Sye aber im münsten nit
200 742 886 879 er dzs vff der Weidt gefundne Roß
906 731 991 830 1
890 816 962 871 fürs
210 798 950 935 wyß entfrömbden wollen, den er ander
186 873 978 1025 vermeint, dan es das synig sye, bis dn es es
204 935 961 1048 tag worden, er sye aber auch domalenzu
188 998 979 1132 verwierung gsee, also das er velmalen nit
211 1064 543 1154 was er mache.
149 1107 976 1250 Zum anderen ist er auch befragt worden, obe
197 1211 974 1306 nit dem jetzigen herren landtvogt zu
216 1272 974 1362 r, als er noch am Brüggknechten den
198 1324 970 1410 gson, ein gwuße anzal korn entfrömlde
176 1378 977 1496 Also das er mit imme sprüchen und imme für
182 1441 982 1553 vrnntrüwet Lorn 60 l entrichten mi
177 1513 975 1591 So hat er doch anfangs im münsten nit g
186 1570 966 1648 stridig syn wellen dem h landtvogt
200 1626 983 1721 noch Jemandts anderen einher fastellis
176 1682 980 1767 buntrüwret zuhaben, ob glychwol zur de
196 1740 969 1829 warheit Zubekennen starck angehalten
201 1792 975 1876 worden. Sonder anzeigt er habe wol mit
197 1849 971 1964 dem jetzegen hr landtvogt ein rechnen
200 1911 971 2008 troffen, dan der h landtvogt zmm zu
195 1976 970 2074 nemlangwirigen wolhandell gelt wo
186 2023 978 2139 auch korn fürgesetzt und iyeer acht
179 2096 969 2211 bußen verfallen gsen, daruff den vffanh
174 2158 963 2287 deß Nenners zu Nydaur ein sprucht
163 2203 981 2329 In wellichem dem h landtvogt, das ergehen
185 2272 977 2392 ne ime entrichten sölle, sovil als b
163 2352 947 2456 Welichen spruch den sy beider yths ange¬
156 2389 981 2533 Endtlichen ab als er an de Marter geseen
173 2472 978 2594 und einnal lähr ufzogen worden, hat er bette
167 2497 984 2655 das der gemachte spruch von vernntrünweten
173 2577 975 2730 wegen geschehen sye, den er sye vilmalen
167 2622 982 2774 das kornhuß oben durch einem laden hinge
160 2704 951 2851 aldan mit der wannen korn genommen
118 2740 983 2934 daselbige zu ein darzu geferst, groß Solth
951 251 998 331 d
1873 -75 1970 61 175
1097 12 2005 253 dermitwyc vom Larnhuß in einem einter
1079 86 2011 300 mnckell, darzu sehen gehept geschülzet und daßel
1090 155 1972 355 age synem wüßen nach allei zweimal ge¬
1086 221 1994 429 filt, er möchtt aber woll mehr genommen haben,
1066 280 1829 471 oer könne es ob nit eigentlich wüßen.
1079 360 1956 552 und als er auch befragt worden, ob er es mit
1081 442 1928 604 andern h landtvögten nit auch etwan
1077 489 1932 647 uff die form gemacht habe. Hat er dor
1060 556 1948 706 deßen nit gestendig syn wollen, sonder sich
1073 619 1971 770 uff dieselben preferiert, das er sich underden
1074 672 1973 840 selben stätz frombklich und ehrlich verhalten
1076 742 1960 887 also das sy niemalen nüt ob imme gerlagt
1060 836 1990 968 Endtlichen ist er befragt worden, ob nit uffein
1065 902 1971 1047 zyt, imme ein gwißer Kouffman, vil gantz
1066 971 1934 1071 batzen Zoll geben, in den Zollstock zelegen
1060 1020 1971 1156 Als man aber hernach den Zollstock vfthan
1069 1094 1962 1198 habe man keine oder doch gar wenig der selben
1072 1149 1971 1257 gantzen batzen darin fundt, Ob er zomalen
1070 1217 1923 1315 nit gferdt beucht und dieselben urlicht zu
1066 1270 1941 1378 synen Sack gestoßen habe, Zeigt an habe
1066 1347 1952 1422 vilmalen, silber goldt, gantz batzen und
1064 1398 1976 1496 andere muntzen fur den Zoll, von durch
1059 1468 1955 1563 paßierend empfangen, habe aber alwen
1058 1527 1985 1614 getruwlich darmit gehandtet vnd dz Je¬
1076 1590 1944 1682 iige, so imme worden getrüwlich by haller
1058 1638 1968 1745 vnd xf In Zollstock gelegt, vnd niemaln
1073 1710 1956 1816 kein gferdt darin gebrucht, anders werden
1073 1773 1369 1876 sach nit erfind
1043 1842 1946 1972 eicget vdr g gantz demirtig umb gnad
1067 1921 1371 2036 vnd Gzichūng
1035 2007 1984 2136 Ist uff 14 maii erkent, diewyl er den jeng
1058 2085 1970 2206 denen er etwas veruntrünret, guugsame er
1059 2132 1973 2275 setzung gethan, also das dieselben nüt wyczers
1066 2212 1979 2314 klagen, das man inne uff abtrach eostens und
1069 2268 1985 2414 einer guten cenrur wegen syner ehrlichen
1035 2306 1817 2474 fründt uß und ledig laßen möge
