4000 3000
248 9 1012 219 das sy dem lidt ubersehen, in dem
248 74 967 262 alts sy kein broth und zu
232 145 1019 352 gehept, irer schwester aber gelt
940 230 1010 283 se
256 231 987 410 geben fra alhie In der tag,
236 288 978 466 zekouffen, demselbigen nun
261 363 1007 554 hölligen vor dem Buegeren
245 451 906 589 gewarctet, vnd aber lan
930 557 1011 621 nit
252 542 1015 708 komen wollen, sye sy endtliche
247 614 1011 793 für dazs burgeren Zi In deß Spie
241 678 1010 841 Matten hiyn gangen, vnd er
243 765 1006 927 brüt zuäßen gefölet, dis
232 837 980 1000 vnd andere Ire begangne
222 904 987 1039 Fhaler syent aber gra von
229 974 968 1105 grundt Ires hertzens leid
232 1055 993 1196 briget deshalben, Gott vnd
224 1127 1019 1295 und g umb gnedige verzychnn
233 1218 1007 1368 Vnd will also keiner wygere
227 1307 954 1419 außethaten gestendig gyn.
203 1395 985 1498 Ist das erstmahl lär und de
212 1458 962 1579 sand mit dem kleinen stern
221 1528 674 1613 uffzogen worden.
212 1613 981 1730 uff 6 Mai diß jars ist sy die gaßerm
204 1694 978 1792 Verners zu Marzeli uß v gibenelch
255 1747 375 1790 ozeit
218 1751 998 1836 er betraüwung der marter uberbe
217 1804 996 1888 fragt worden. Nemlich wo sy mit dem Heig
206 1855 983 1951 züg allein harkomme, so in iren trog uff der
200 1913 984 2012 landtgarben funden worden. Item ob sy sich
219 1960 988 2048 mit Banli Gugger, mit dem sy verschrouw
216 2021 998 2115 nit auch vergeßen habe. Den zing und hiß
207 2075 984 2171 rhat belanget, habe sy ein Teil von Iren
212 2130 999 2226 elteren ( etliches dan von irem ersten man
195 2187 1000 2278 den sy mit iren Kinderen noch Teillshmut
194 2234 1003 2344 derander dan sye ein theil noch ires abgeschei
205 2291 990 2382 nen mans, dan sy mit demselben noch nit
208 2341 1000 2454 abgetrilt habe. an schulden habe sy, so syzu
208 2400 990 2511 teil von irem mons ererbt anderes dan an
196 2440 975 2552 dienen errberet an dem jungn sybolt 13 lb
203 2502 999 2631 am schulieni uff der landtgarben  s anhans
193 2541 1014 2671 Achß alhie 12 b an frantzßeter zu Knitzh
200 2608 974 2744 außeter Wyß alhie 1t Bauli Guggers
193 2652 978 2799 halber, habe sy mit demselben weken zuschickt
204 2723 992 2837 noch zuschoffen gehept welle, diß alles mit
640 2768 955 2870 biget und d
192 2801 623 2898 der marter erhalten
52 2803 990 2948 Ist mit ruten ußgestriben und mit dem ld
682 2878 921 2970 sen wortn.
1833 7 1941 93 188
1158 25 1659 175 Cristen Hagl
1060 176 1940 343 Dmnach Cristen hugli von Vtzlingn
1066 261 1905 411 von einem Ersamen Thorgricht
1083 333 1909 474 duch schrifftlichen bricht, wie aber
1094 417 1961 523 fürnemlich vom weibel zu vogling.
1090 470 1937 586 als wirth daselbst angeklagt worden
1094 532 1922 656 Es solte er dem bürgemeister zu
1088 603 1891 728 Nydomw zu einer nacht, als er
1098 666 1942 791 mit ime zu Undlungen im Wirtz.
1092 745 1958 860 hußgesen vnd truncken etwas gelts
1092 814 1891 913 entwindt und veruntrüwet haben.
1102 869 1963 982 nebent dm er sinst Ziligen lumb¬
1059 950 1968 1058 dens, sonder vil mehr dem mueßig¬
1094 1009 1911 1135 gang vnd dem Spilen underworffen
1101 1089 1922 1194 ye. Deßwegen er Ingezogen vnd
1076 1144 1926 1270 doh vß vg benelch vershumer tag
1082 1230 1890 1348 durch h Margnart Zehender als
1088 1298 1941 1394 sinen h exetumatorn zu Mar
1091 1370 1895 1479 hil, mit beder ernsthafften wortten
1091 1428 1908 1526 und betroüwung der Marter über das
1098 1502 1829 1596 ein und andr erforehet worden.
1088 1570 1917 1650 Welcher aber domalen deß gezegnen
1094 1627 1930 1705 wie auch anderer gezignen des¬
1109 1690 1942 1791 stalen, im munsten nit gestendig,
1092 1764 1971 1853 deß spilens halber, das er nit etliche
1091 1826 1930 1944 mal gespilt nit absyn kännen
1105 1894 1950 2026 Vnnd diewyl er aber deß diebstol¬
1103 1958 1972 2074 gegen Burgemeister von Nydome
1100 2025 1970 2163 mechtig verargwonet, habent V. g
1112 2088 1900 2208 nit an syi verricht komen wellen
1100 2154 1932 2299 sonder vorgemelter synen h
1091 2221 1911 2355 Exammatoren benolshen, Inne
1079 2317 1962 2445 Verners zu Marzel zu exa
1112 2397 1921 2539 mineren und mit der Marter
1108 2458 1915 2600 pfegoken zulasen. Das ist nun
1109 2523 1917 2671 4. Man diß 1622 jarb der
1098 2612 1929 2747 sur nach gegen ime grstaget
1107 2688 1257 2756 Mond
