4000 3000
223 21 990 233 behertziget nach zu gnuet gefe
220 117 1001 313 den er sich Leider vber aller as
237 167 995 361 sich nach verners vnd wytter
232 250 988 421 geßen und unlangst hienor s
260 331 958 476 ruchen, Wolffgang Josten
215 377 1001 569 Krämer einen hochen hat es
948 450 1004 494 den
223 473 982 617 synem laden entfrömbdt u
232 525 994 684 etliche tag hernach, als er mit
236 592 995 753 dem entwendten hut wider alhe
235 675 1008 847 In die Statt komen, vnd vnges
241 731 884 862 fürgemelts hostem lade.
881 827 997 905 gangen
236 808 984 956 habe derselbige synen Imeent
244 880 1002 1029 wendten het, widerumb vmbs
251 956 994 1094 erkent Ime Bucher denselbigen
239 1044 989 1169 ab di Kopffgerißen, also d
229 1106 1006 1255 dem Krämer widerūmb wordn
208 1184 996 1309 Item so habe er auch etwas zagn
233 1254 973 1388 darfor sybeldt dem schummacher
240 1331 998 1434 uß syner werckstatt auch einbas
256 1399 979 1522 ihn entfrömbdet, die ime ab
245 1471 995 1584 auch kentwidumb abgewagt wr
222 1551 971 1643 Dise syne begaugne diebstäl
245 1596 980 1712 wie sauch die vorgehenden unnd
245 1670 989 1782 vbertrettung deß geschwornenn
231 1738 990 1847 vrphedts sye imme von grundt
222 1808 1002 1930 synes hertzens leidt bittet hiemit
220 1877 1008 2003 gott und uch m g h und ober
218 1960 1001 2080 und gnedige verzychung und das ju
364 2034 467 2093 mne
203 2031 963 2160 Bic dise syne vbertregung
224 2103 995 2213 nochmalen uß gnad und barm
220 2162 1002 2302 hertzigkeit verzychen wolle, som
219 2252 981 2365 büttet er sich nun mehr derglych
223 2315 966 2443 mißethaten abzethun, also d
221 2406 964 2517 nüt verners sölle von jum
220 2436 979 2589 clagt werden, will also  sed
227 2500 995 2671 geschwornem urphed, keiner wich
216 2565 995 2736 ren dan diser 2 diebstälen beb
214 2718 436 2800 lich syn
186 2685 954 2902 Ist allem lahr uffzogen worden.
1896 22 1961 105 18
1130 71 1895 204 Wilhele Gottier
1127 185 1622 301 von Rötschmundt
1076 290 1979 428 vff den 28. Marti 1622 Wilhalm
1104 352 2009 481 Hocher wegen dß dritten fhalers
1098 426 1952 537 den eidt nach let der sotzung uß
1073 502 1910 643 ihr g landt und gepiet geben.
1082 579 1941 702 Jnoch bis nechst meien imme zi
1046 646 1917 777 geladen worden, als an soll er sich
1085 703 1740 841 ußem landtmachen.
1178 867 1686 1034 Harso Giecher
1061 1017 1971 1156 Diewyl vdi g hieuor an deß gefang¬
1103 1113 1958 1210 nen Hanns Buchers von Vthniger
1098 1180 1946 1295 abgelaßnen vergricht nit undbe
1110 1239 1842 1334 kantnuß nit komen mann.
1105 1307 1945 1418 habent N. g. damit dieselbe vff
1100 1382 1970 1476 dn rechten grundt der warheit fant¬
1080 1448 1957 1527 vnd ob noch wythers dn er bekennt
1096 1514 2022 1629 hinder imme stecken möchte nathwendig
1107 1581 1952 1696 erachtet, das er noch wygers gan
1088 1661 2023 1760 Marzili gefüert, nit allei mit ernst
1110 1709 2017 1829 hofften wortten, sonder auch mit noth
1107 1789 1995 1919 wendiger marter, ob er nit wynders
1109 1878 1972 1988 In was er hieuor bekent, nach dem
1096 1932 1990 2067 zu Chun geschwornen vrphedt, ver¬
1102 2006 1988 2135 untrünret oder uns begangen f
1100 2091 1993 2220 examiniert werde. als ist nun
1096 2161 1989 2296 uff montag den 1. aprilis diß 1622
1111 2243 1990 2376 duch den fromen für. fursichtig.
1096 2288 1960 2450 ersammen, wy en eh HoHanß Megger
1110 2375 1986 2528 dß keinen Rhats 18 inselmeister
1586 2470 1688 2546 vnd
1108 2444 2029 2597 Hrtbrach der burgeren Uelant Lili
1114 2513 1992 2678 Begers Größweibels zu Marceli
1114 2589 1986 2772 gegen Ime Bucher A. g. beuelch
1137 2653 1617 2842 Bechts worde
