4000 3000
163 43 1086 248 Sonnsten sie der buse Geist, Amnr Jederzi
217 135 1061 264 begegnet, balld wie ein Wolff balld
221 191 1098 336 wie ein ku unnnd zn annderer dergliche
160 236 1067 355 Tieren gstallt, mit unableßigem de
191 284 1092 424 haldtenn, so wol by tag aills zu nach
204 319 1082 466 zemorden, vnnd andere derglichen gri¬
213 371 746 465 liche Sunden zebegan,
879 408 1086 513 ölersi
202 422 1076 557 Aber darinn Vnghorsam erzeigt, habe
208 476 1048 601 Inn vilmalen übel gschlagen, gstoßen
212 524 1074 657 vnnd gworffen, sounderlich Aber necht
205 581 1081 713 licherwyl, dergstallten bemurüwget
224 629 1076 747 das er keinen Schlaff gehegt, sonder
193 681 1069 801 immerdar mit imme zancken unnd balee
227 731 1039 829 mußen, Inmaßen inn keine Meister
206 781 994 884 by Inen Gulden, noch Eyden mögen
188 850 1065 991 So vater ouch bekenndt, Alls er Vnlang
164 929 1022 1043 est vonn Chin aach Bern gangen, sie
203 979 1032 1075 ime ein Person mit griner kleydung
236 1030 1032 1123 sich für ein student ustgäben, vnn
176 1055 1037 1173 mr Hammerli genamset begegnet.
199 1142 1046 1218 Welcher Alls sy einannderen bekent
201 1182 1026 1272 Was gstalltenn Jeder sich dem bäsen
181 1253 1069 1314 Geist ergäbenn sich mit imme verglichen
199 1286 1053 1365 Anns Wälschlannd zehreyßen unnd
208 1333 1053 1421 daselbsten zestälen sounderlich Aber
203 1383 1059 1467 vff die Roshenndler zewarten und
205 1440 705 1520 dieselben vßzezuchen.
720 1441 1073 1515 Wyl Aber M
200 1500 1052 1552 Hanns der Nachrichter Allhie Inne ge¬
200 1544 1047 1603 fanngnen beherbenget, der Ander Abe
195 1584 1063 1654 zum Bären übernacht gsin und morg
187 1628 1055 1713 enns früfort gangen, allso das er inn
206 1681 1080 1740 nit wyter antroffenn, sie uß irem vor
157 1727 735 1808 haben nützit wordenn
179 1776 1019 1870 Kndtlichen bekennt er, das er sich
183 1830 1059 1947 leyden. Inn sirem schmechlichen dienst
190 1896 1072 1996 etlichergstallt, wider gepur verhalten
175 1944 1059 2048 sonnderlich Aber Zun dem, das er et¬
169 2012 1032 2088 liche hüt, die er vmbgepürenden lohn
161 2059 1027 2153 Vszuchen vnnd denen so des Abganget
163 2092 1066 2185 Nych gehörig gsin zustellen sollen, sonder
163 2150 1054 2237 lich Aber Letstlichenn ein einem Are¬
160 2205 1019 2294 man zu mesen gehörige hut einem
127 2248 1029 2357 Bärben zu Burgdorff verkanft,
124 2333 1079 2480 Vff sölliche des gedachtenn Stoffel Aptebe
91 2408 1051 2525 wider die heylige hoche Maystet Gottes
130 2437 1070 2585 getane Sunden vnnd misthandlungen haben
151 2495 1056 2604 nin d Herren unnd Oberen schs Rat
152 2568 1048 2681 vnnd Burger diser Koplichen Statt des
142 2587 1067 2706 uff dren lyd zu recht erkenndt und gescpi
2048 -4 2090 68 7
1187 45 2159 231 drman Inne demnnachrichter beuelchen dr
1241 82 2115 250 im obenus uffgwannliche richtstatt
1215 139 2119 307 furenn, Iinne daselbsten vß Gnaw vnd
1222 186 2149 354 darmhertzigkeyt, ouch vonn siner zugenit
1216 222 2160 400 wagenn syn houptabschlachen. Demnach den
1199 273 2152 467 Corpel Inn ein Brönnent furwerffen. zu
1218 317 2171 501 hulfer vnnd Aschen verbrönnen, vnnd Allso
1217 391 2139 543 vom läben zum todt nach keyserlichem
1204 459 1746 603 Rechtenn Richtenn solle.
1335 610 2129 757 Obgeschribne Urtheyl ist uff
1385 693 2157 802 sambstag den 12. junii vorge
1389 745 2065 852 meltenn Jars An gesagtem
1415 795 2113 892 Aorell. vollzogenn Vnnd er¬
1718 848 2184 933 stattet worden.
1443 1071 2158 1199 anis juncein
1445 1149 2032 1267 Lanndtstrycher
1217 1303 2181 1388 Demnach gegenwürtiger, HannsZung eines
1222 1367 2168 1452 Sumpentragers vnnd Lanndttrychers Sohn
1213 1398 2181 1487 Welcher vonn keinem Seymet. Zusagen weiß
1219 1461 2144 1554 dann das er zu Schupfenn trufft worden
1238 1512 2144 1607 sie, sich vonn zugent an, keiner Arbeyt
1237 1556 2102 1648 anngeacht vil Personenn, Inne darzu
1224 1612 2136 1682 vermannt, Vnndernemen wellen, sondern
1226 1669 2164 1738 Immerdan, untzit zu gegenwürtiger zytt
1238 1719 2149 1809 dem Pätel vnnd mußiggang nachzogen,
1214 1777 2215 1857 Inmaßen er Biderben lüten, mechtig vber¬
1223 1822 2176 1913 lagenn gsin, vnnd diewyl vß gwüßen
1210 1890 2119 1971 Vmbstenden, bemelter Jung, sich träfflich
1238 1923 2184 2036 verdächtig gemacht, alls sölte er jungst.
1199 1990 2209 2086 abgelofuertagen zu Althistorff, vnnder
1199 2038 2104 2125 halb Burgdorff, für ynngelegt haben
1222 2101 2129 2206 darus leyder ein Jämmerliche Grunst
1236 2144 2151 2249 enntstannden, Ist er deß, ouch annderer
1229 2202 2120 2308 gezigten Vnntaten wägenn, gfengtlich
1209 2253 2141 2365 Vnnzogen, vnnd mnnen Gnädigen herren
1220 2313 2180 2427 unnd ohberen zugeschickt worden, welche
1225 2362 2117 2475 Inne volgemits darüber gepurender.
1231 2421 2146 2536 maßen exammeren vnnd befragenn
1234 2466 1394 2541 laßenn
1688 2498 2186 2614 Der hat uff zinstag
1216 2512 2183 2669 Denn 15. junii diß 16 19 jars iun by
1213 2585 2246 2739 nsyn, vnnd anhoren, der Treimesten, fromen
