4000 3000
137 130 935 265 mit noch zweyenn knaben, die erzu¬
135 213 945 318 niemalen gsechen unnd umb zr schate
123 248 942 368 unnd wanndel kein wüßens trage
136 293 851 408 gfenngklich augnen wordenn,
130 358 934 492 cels uff sölliches mine sherren die
154 449 960 562 examinateren, Inne gefangnen alle
149 497 947 593 erunsts vermannt, anzezeygen. Wi
155 549 931 646 dise bösenn buben, Inn dise Lannd
110 604 955 705 mordt unnd brmnnd zeuerrichten gshin
159 661 963 760 habe. Hat erenntlich anzeigt
167 718 957 805 habennt nachgemelte personen. Ium
161 768 952 860 Ire Annschleg, so wenig alls Ire sun
153 823 949 910 men, erofnenn noch anzeygen wolle
154 873 946 961 Allein erzunere er sich, das uff in
147 924 927 1019 Zÿit. einmann. Coein wÿßlecht
142 978 935 1062 kutenn unnd holtzschuch mit fille
163 1035 950 1128 vberzogenn. Angehept. sie sines v¬
136 1081 942 1179 nachtenns ein ind zu inen kommen
170 1139 957 1241 mit versprächenn Inen Alles das
154 1186 958 1296 Im zubringenn werden. Abzekaufen
188 1248 967 1328 mit vermunen ein teyl sollen Inn das
147 1297 967 1400 välsch. Der Annder wyl Aber Im¬
163 1356 960 1433 Schwytzerlannd, Zuchen. etc. Vermeine
172 1396 973 1501 derhalben es siemit Inn dise Lannd
195 1469 405 1548 zogann
172 1516 979 1636 sinernamse sich dys sie ein lage
175 1589 971 1688 Rechte raue Vnpartete Person. surt
177 1633 975 1732 hanndtwercks ein müller trage wy
182 1688 965 1787 Lynin zerristen hosen unnd wanset
752 1765 784 1830 1
179 1748 736 1841 vnnd eingrauwen hut
101 1804 968 1921 Michel Feidrich so zu Burgdorff by zum
184 1852 985 1974 gsin, sie zimlicher Leunge, Jung beep
198 1914 982 2013 trage grauw wullin hosen, vnd war
192 1954 966 2075 so nach gutz, vnnd mit Schwartzen sch
194 2036 368 2125 bsetzt.
148 2062 985 2175 Der drit heiße Hanns sie auch juug, sin
195 2111 962 2238 hanndtwercks ein Beckh könne Rüts
193 2184 963 2293 vnnd wälsch vnnd fache im an ein
195 2216 966 2330 Schwartz bartlig zewachßenn, trat
174 2300 666 2388 Alltlecht Läderkleyÿd
333 2337 945 2465 nies erachtens sient Inn
440 2413 913 2517 Wälschlaund zogen.
161 2446 987 2600 Einer heiße Boman sie ein langlechter
950 2422 1041 2575 d
187 2521 949 2617 mit einem bonnes langlechten vp
194 2556 949 2677 trage ein Schwartz tuchene gute kley
172 2635 751 2725 unnd ein sytenn weehle
2009 39 2070 104 89
1049 53 2094 259 eiemunderer so auch Michel heiße, sie dannn
1032 133 2107 299 Warthtrage rot hosenn ein wyßwansel
1037 221 1625 359 uund ein sytenn werhte.
1053 268 2032 424 der drit heiße Geörg, sie zimlicher lenge¬
1089 273 2126 465 one gart trag ein brun wamsel schwantz
1065 386 1767 544 hosen, vnnd ein sytann weehe.
1045 462 2099 617 der viert namse sich lyß, sie ouch laung habe
1089 527 2062 653 ein schwartzenn dicken mutzen parrt trag
1076 588 2041 707 ein schwantz läderkleyd unnd ein syten
1043 687 1200 764 weehe.
1194 751 2025 871 Dise Personenn habent vnderhalb
1266 786 2077 907 Strasbūrg vilmordt. vnnd Brannd
1289 887 1510 960 beganngen
1324 897 2062 1008 eß Pitet der gefaungne vmb
1318 975 1882 1065 Gnad unnd verzychung
1892 1010 1957 1078 1
1019 1056 2098 1180 Diser Tretli ist eundtlich uff UAina Januarii
1103 1125 2069 1200 620. ledig glaßenn, durch die prouo¬
1009 1174 2080 1276 sen vff die granntzen inner G her Landt
1066 1223 2087 1309 gefühnt unnd alles ernsts vermant worden
1130 1261 2052 1342 ich ußert demselben zuendthalten unnd inn
1121 1328 1635 1420 vyn hermat gezuchen 1.
1272 1479 2112 1700 Jann Miegerzu
1252 1671 2072 1768 Münster im Münstertahl
1452 1728 1691 1815 pürtig
1106 1812 2052 1940 uff sambstag den 6. novembris diß 16 19
1099 1876 2126 2000 Jars. Inn bysyn vnnd Anhören, der Ehren¬
1096 1918 2030 2044 uestenn, krommen furnemen, fursichtigen
1102 1967 2102 2103 Sysann Herren Anntoni Tilliers des fley
1085 2019 2093 2132 nenn Raths, Abrahem Zeuuers, der Burg
1081 2068 2092 2198 eren Niclaus Brochers Großweybels
1115 2118 2048 2250 ouch etlicher weyblen mmner G herren
1094 2152 1579 2273 unnd oberen dieneren,
1028 2223 2049 2350 Hat gegennürtiger, Hanns Meyer, zu
1097 2272 2099 2412 Münster im münstertalpürtig, welcher
1127 2307 2111 2470 inem Anzeygen nach zu Kouelfingen, vnnd
1119 2345 2103 2501 daumbher, Wyl syn vater so ein kramer
1125 2407 2130 2566 Ism, daselbsten gestorben, vonn siner Muter
1121 2458 2123 2621 erzogenn worden nachvolgennde diebstäl
1131 2496 2122 2690 ouch Abschuchliche grüwliche mißhandlung
1114 2541 2083 2706 bekhenndt, vnnd verzächenn, ouch mit der
1128 2599 2031 2773 marter erhaldtenn unnd bestättiget
