4000 3000
190 69 1067 271 Ursula Hännj vnnd
339 162 1006 318 Stäffan Öler. Muter
378 230 1056 398 vnnd Son. Vonn Löüxingen 1.
211 371 1061 522 Uff zinßstag denn 11. January. 1620
233 426 1075 574 jars, durch die Ehrenuesten fomen,
242 465 1080 624 fürnemmen, fürsüchtigen, wyßen
208 511 1049 648 herren, Dauidt Aman des Kleinen
227 558 1038 687 Rahts, Hanns Rudolff vonn Luter¬
260 618 1037 734 noue vnnd Großweybel Brochen,
242 656 1052 795 wurden die vonn Büren allher
223 708 1039 831 geschickten gfangnen personen,
216 770 1067 903 Mutter und Sohn, zu Martzili ex¬
248 817 488 880 aminiert.
211 871 1056 1012 Vnnd ward erstlich der Mutter für¬
215 966 1072 1062 gehalten was jr Sohn zu Büren,
228 1015 1070 1111 mit vnnd one marter bekanndt,
187 1066 1072 1176 vnnd bistoanhero war syn, erhalten
140 1125 1079 1245 Das Namlichen sy jrem Sohn be
224 1201 1078 1307 uolchen das broth so jmme Jüngst
196 1249 1022 1341 verschiner wienachten by des
193 1309 1061 1396 herren Tisch jnn vsteylung des
198 1349 1050 1428 heilligen Abenntmals wordenn,
232 1395 1058 1487 mit Zeäsen, sonnderen jren heim¬
212 1444 532 1534 zebringen
200 1515 1065 1630 Fürs Annder sölle sy Anzeygen
191 1636 1006 1720 wär den man gsin, so jren vnd
171 1668 1067 1762 dem Sohn, alls sy verschinen
157 1730 1064 1783 Sommers, glych nach irer gfangschafft
164 1774 1053 1861 vonn Solloturn widerumb heim
152 1824 1062 1915 wollen, zu Nennigkoffen by dem
181 1873 1037 1964 wyer begegnet vnnd dem Sohn
164 1930 1060 2019 Angehalten zu jmme zdingen by
193 1974 1065 2076 welchem sy, obglychwol der Sohn
115 2044 1035 2170 fort ganngen, ein wenig verbliben.
141 2127 1039 2218 Demnach fürs drit, alls sy, vnd jr
169 2171 1060 2258 Sohn zum Hag, so ein Dorff ännet
166 2205 1045 2321 der Aren, zu ein jrer Basen gange
115 2249 1047 2360 das jm wider heimwanndlen,
125 2347 165 2404 vniner Löuxingen bim Landtstul,
174 2345 1044 2451 vill köstlicher Lüten, die da
184 2391 1045 2518 getanntzet finden, zu welchen
124 2474 878 2569 sy sich begäben, vnnd hirmit dem
2055 40 2161 108 Sohn fort gan Lasen ./.
1151 88 2114 306 104
1195 152 2056 321 Wyter fürs viert sie ein man so aller¬
1206 200 2059 358 dingen köstlich grün bekleydt gsin,
1178 252 2143 418 mit einer grünen vnnd wyßen
1186 304 2092 462 buschen fäderen, ouch einem beschlag¬
1204 348 2044 493 nen syten weer, zum Anderen
1194 382 2145 549 mal by jrer jm hus gsin, mit
1180 452 2137 588 jren nach gethanen trunckh, hinder
1176 496 2167 641 den offen gsesen, darnach aber jnn
1153 558 2155 691 das beth glegen, sy ouch dan uff glüpfft,
1195 609 2121 718 vnnd syn üppigen Gottlosen willen,
1820 658 1866 693 nit num verbracht, sonnderen ouch
1167 647 2040 766 dem Sohn jnn jrem bysyn stäts
1149 707 2094 829 Angehalten, Zu jmme für ein Laggey
1191 770 2121 880 zedingen, mit versprechen jnne ein
1153 824 2123 934 hanndwerck Lerren zelasen vnd
1170 874 2072 968 entlich zeuerschaffen, das er ein
1186 934 2145 1030 rycher fürnemer herr glych wie er
1130 983 2117 1077 werden müse, welches der Sohn
1171 1030 2094 1132 zwar anfangs wyl diser man jnn
1162 1081 2095 1172 gar frömbd dunckt, vß geschlagen,
1175 1135 2109 1231 nachwärdts aber alls sy die Muter
1146 1180 2133 1278 jmme beuolchen zu disem man zedungen,
1151 1235 2079 1323 habe er jren geuolget welcher
1148 1288 2083 1369 jmme hieruff sines dunckens ein
1164 1331 2067 1426 gutten theill dicken so hernach
1147 1385 2065 1473 aber nur Loub gsin, gäben, jmme
1173 1427 2137 1521 ouch angemutet Gottes des Herren
1175 1482 2125 1578 zeuerlougnen, wellches alles nach
1140 1525 2089 1633 Langem anhalten beschechen sie.
1133 1607 1182 1663 Soward fürs fünfft sy gefangen sich
1128 1625 2110 1772 zuersinen wüsen, das nach disem
1156 1705 2104 1819 Abfal vom Gott, jr Sohn vonn
1138 1726 2088 1866 dem grünn bekleyten man grauw¬
1125 1807 2131 1922 lechten Sammen, vnnd grünlechte
1159 1848 2080 1971 Salben empfangen, damit er
1127 1881 2060 2012 durs jaggin ein grauw Roß jtem
1121 1922 2087 2075 jm archholtz ein Kalb, angsalbet,
1128 1986 2093 2138 vnnd verderbt, denn Sammen.
1128 2050 2077 2177 habe er theyls uff das Bibermos,
1131 2097 2107 2235 vnnd theyls uff anderen Möseren
1127 2124 2112 2302 gegen Goslewyl, ouch uff die
1135 2215 2052 2343 Löüxinger weyd, gesäyt, daselbsen
1120 2268 2106 2427 der Sohn, vonn disem man einmal
1111 2298 2117 2471 übel tractiert, vnnd blauw
1135 2365 2087 2527 geschlagen worden.
