4000 3000
63 753 186 832 Schs
267 55 1027 230 schaundtlicher, Abschuchlicher wyß¬
277 125 1044 275 unnd gsprochen, er förchte weder d
281 171 762 267 noch die Oberkeydt
1044 215 1121 267 e
1039 237 1086 297 o
276 229 1082 382 er glauser dise gottslesterung
906 237 1091 339 vnnd w
276 261 1123 452 glych wie ouch anndere Vorgemelte se
250 328 1072 468 unnd untaten mit sondenbaren f
232 372 1077 523 Weundten vmbstenden, zuuersprechen
268 409 1068 557 vermeint, Ouch ein theyl derselben
274 470 861 564 lougnet, furgreundent.
861 516 1112 629 Das
260 531 1092 665 beganngen, sie mer vß trubsucht, de
264 581 1119 734 besinnte beschechen, Hat Jedoch sich da
277 632 1074 755 sagentheyl gloubwurdig bschinne
264 672 656 764 vnnd befunden,
744 699 1095 814 Anmassen hochen
274 722 1104 870 rannt nun Gnädig herren vnnd Ober¬
250 774 1104 921 Statthalter Rächt vnnd Bueger disen
184 826 873 910 Doplichenn Statt Bernn
963 875 1104 967 wyl k
252 881 1067 1004 Warnen zuchtigenn, mich straffen. A
246 930 1067 1038 dmne Glauser erschoßenn, uff jrei
246 980 1079 1109 Eÿd, zu recht erkenndt vnnd gesprochen
259 1094 1107 1213 das man Inne dem Nachrichter beuebt
272 1146 1073 1259 der Inne Obenns vff gwonnliche
257 1202 1092 1319 ichtstatt furenn. Imme daselbste
265 1261 1091 1375 syn haupt abschlachenn. Unnd allso
263 1320 1081 1420 mit dem Schwärdk vom Läben zum
263 1368 1085 1482 todt nach Keyserlichem Rechten richte
271 1427 398 1493 ölle.
525 1602 1098 1722 Disere urtheyl ztet
577 1692 1091 1777 zimstag denn 26 detb
610 1755 1098 1830 6 19. Jars. an Inne
608 1799 1081 1894 Glauser erstattet
960 1858 1089 1916 wordenn
275 2082 1089 2292 Cuspar Küosser
186 2290 1084 2417 Vorgemelts tags. ouch zum bywasen
217 2376 1073 2491 vorstadt. Ward Caspar Kuoster
176 2426 1071 2552 Gundistwyl im Ampt Arwangen z
183 2485 1056 2607 Diser zytt aber im schachenn by 2
178 2518 1060 2651 Wonnhafft vber nachuolgennde paus
153 2593 987 2697 Allein mit worten exumment,
197 2611 1087 2763 Unnd ward imme erstlich fürgehaldten
203 2686 1078 2818 er nit vor etwas jarenn, alls man
2105 61 2156 112 30
1210 85 2167 320 Potemeiner gweihten wig burersun, mit der er
1265 149 2149 333 sich Inn zurey verganngen, dann Iren vonn
1242 190 2182 371 einen herren denn Terichteren zugesprochnen
1230 259 2086 424 estenn, one wyleren vmbteib zebezalen
1227 302 2123 477 euerschampter lasterlicherwyr ußgeßenn
1204 363 2150 515 vnnd gret, nin G herren Ratind vil, das
1230 478 1421 566 nit solle.
1160 483 1210 564 C
1171 448 2138 657 Giet darüber zu Sscheÿd, er sie, das er dise
1217 533 2123 673 vort Leyden vßgoßenn, gesteundig, Wyle
1214 578 2167 720 Aber bemelte Wypsperson, disenn zuspruch
1211 623 2194 773 zeine hinderruckt, vnnd vnwüstent erlanget.
1234 689 2157 812 ier darab Zoring wordenn, zun welchem
1216 733 2168 872 er, Vnnbedachter wys obstennde Wort guet
1205 784 2146 914 sie siemit im aber vonn hertzen leyd von
1212 842 2176 962 veltheren wägen jr lanndtvogt Steyger
1200 892 2154 1015 Innegan Melchnouw, Da Wylund s. Sen¬
1203 947 2161 1062 dicht Martin selig unnd er, denn urber, dem
1218 999 2100 1102 hus Arwanngen gehörig, bereynigt, be¬
1192 1059 2159 1156 scheydenn, Vnnd nach dem er Ime berurte
1206 1100 2169 1209 ort fürghalltenn, hab er inn zwar gfengk.
1207 1157 2148 1262 lich gen Krwanngen fueren, nach drey¬
1204 1208 2027 1304 tägiger gfaungenschafft Aber, Vff ein
1202 1266 2144 1345 stancke Consur, vnnd vermanung, so bey de
1205 1320 2169 1412 gemelte herrenn. zun bysyn vnnderschidliche
1194 1371 2160 1466 Eelicher Personen, die so man sinen worten
1210 1421 2122 1508 nit gloubenn wellte, hierumb zuzugen
1193 1471 2149 1550 wüstenn imegäben, mit vermelden. Wann
1217 1529 2121 1603 er sich fürhin wol vnnd Erlich verhalldt
1227 1574 2107 1643 verd diser wortenn halb kein Wytere
1224 1619 2128 1729 nachfrag beschachenn, vß vnnd ledlig ge¬
1209 1673 2115 1767 laßenn, Inmaßen er nit anders ver¬
1196 1722 2113 1813 meint, dann diß sie erzeldter maßen ein
1203 1776 2102 1869 Vßgemachte sach, vnnd werd Im Wyter nit
1199 1815 1681 1907 fürgehaldtenn wenden
1185 1874 2169 2010 Vns fürs annder betreffe. Warnuben er
1208 1961 2162 2070 Viderumb Inn gfangenschafft gethan worde
1172 2011 2153 2138 Ouch was Vrsachenn er vß derselben byochen
1203 2061 2134 2179 sie unnd sich flüchtig dauen gemachte ver
1192 2102 2162 2236 hrichter allso, alls onngfar ein jahl
1202 2173 2134 2298 nach obuerlüfner sach, er Hannsen Bienth
1208 2207 2167 2356 inem Schwager, Inn einem Rechtshandel¬
1206 2252 2118 2423 ver wider Non Binndern, wegenn vßge¬
1165 2336 1354 2432 hannden.
1189 2315 2165 2469 schlagner Trruriger Wortenn gehept byge¬
1524 2409 2069 2525 unnd deßhalb by h
1155 2400 2094 2580 lanndtvogt Steyger eingefellt urkenndt
1144 2456 2034 2628 Wellenn besiglen laßenn, habe den h
1134 2487 2152 2671 lanndtuogt Inge uingentz an vermelden, war
1186 2564 2094 2718 umbpfenngklich angenommen unnd inn die
1171 2606 2078 2785 sterckste gfnungenschafft so Im Schloß Ar¬
1170 2648 2115 2852 wanngen sie, loggenn laßen. Vnnd ob¬
