4000 3000
223 120 1032 231 knnder unnd anderen herren
251 190 1038 296 er yenzogen, ze thun widerlößen
189 237 1032 327 nnd s Gimer damit conten
192 297 1063 388 wollen unnd wye wol erzüze
260 331 1078 449 zuth bschrybens fürgubenn erzelen
250 388 1056 495 e Gorschryber inn üuberlichr
260 431 1057 539 euergemelten briefs. Vßtrack
214 478 1104 592 Anzeigt er habe das hauptgug
255 546 1083 647 ynzagen yngenommen, hat er doch
242 580 1078 699 deßenn Jetz noch das er die weg
262 631 1050 735 zu thun ohngeacht, das imme day
246 690 1035 782 Schryben vorgelesen worden
263 740 1079 843 gebrucht inn keinen weggestendig
268 788 1068 885 syn wellen, glycherwys hat er
251 839 1092 937 auch vernemt das wann zherre
256 902 1060 983 oder Wolff Imme den brieff ab¬
250 946 1078 1068 gfordert, er dei einen allwegen
251 1002 1080 1113 zubscheydt geben, er habe solchen
222 1057 871 1168 dem anderen zugstelt
133 1158 1084 1288 Was dannolhin die drysig eronnen so
251 1240 1096 1336 er herren Schaffner genuder Vordert
237 1303 1078 1395 betrifft, hat derselb sich das Schutz
236 1347 1074 1443 imme alls ein füler man ubertüg
236 1402 1083 1499 sich höchlich erclagt, mit vermelden
250 1457 1092 1539 nachdem er mit Schutz allerdingen
239 1512 1060 1603 grechnet vnnd abgschaffet habe
225 1563 1082 1642 doch er schutz annerschampter un
234 1614 1092 1726 fräffner wys ohne einnherbeuelc
235 1682 1068 1773 etliche Zinsen, die er dem Oberen
224 1727 1038 1833 spital verrechnet ynnzogen
144 1787 1062 1881 Wie er das mit sinem registrei
227 1826 1059 1937 unnd rödlen unnd sonsten fals
234 1898 1081 1991 es vonnöten, zu erwysen erpietig
187 1948 1044 2066 Allso das er ime ubersibenzig
213 2011 1053 2136 pfundt ußher ze thun syn werde,
190 2170 1067 2282 hat H Jacob Güetler inne
215 2241 1085 2350 Schutzen mit fürgelegter rächmen
223 2293 1038 2407 solchermasen vnnd errichtet
184 2356 1056 2460 das er bekanndtlich synmusen,
221 2415 1062 2523 er sie vmbby Ime genommen
144 2447 1077 2585 Waren Imme nochzeihen wonn
201 2522 1062 2635 ze thun, unnd das er derhalben
1049 2588 1080 2639 e
207 2578 1047 2690 s güntlerzeihen eronnen
197 2616 1095 2769 Anrechtmesiger Wysgeno
202 2732 412 2820 habe 1
2076 7 2227 90 60
1218 97 2142 255 und wie wol schütz somnderbare vorder
1230 186 2151 285 ringen, soh abraham Jennertnnamen
1231 212 2192 342 Mielanns gatschetsfelligen hinderlaßnen
1231 271 2134 392 sidtib siner schwizt an enne bracht
1231 317 2167 442 mit villen vmbschweyffendenreeden
1229 369 2107 471 nach sinerart zu verblumen, unn
1216 415 2154 525 ufzeheben understanden, hat er doch
1208 464 2164 571 durch fürgelegten schrifften erschent
1208 517 2130 627 Das Schütz einer frauw chwiger
1219 565 2181 675 nach by 300 lb, so er mertheyls ynzogen
1200 608 2127 706 unnd nit überlifert neben einer
1191 666 2085 759 Zumagelts darumb er ein ver¬
1225 702 2157 821 schrybung inhanden ze thunk uund
1229 777 1568 880 schnlag fie.
1165 854 2152 972 Gundtlichen hat mergemelter Schutz
1222 929 2192 1043 auch Anreed vnnd gestendig syn mußen
1198 984 2084 1095 Das erh umbgelter wysen bins
1226 1028 2151 1132 einem gwußen drdt zwen Zinsen
1223 1077 2151 1185 so achtzachen eronnen gethan ynzog
1222 1147 2163 1242 und die imme nit uberleert habe.
1213 1262 2116 1346 Nach dem nungnedig herren Vber
1211 1340 2163 1416 dise vergicht durch iren amptman zu
1207 1387 2174 1482 Chunwyteren bricht gnnammen lagen,
1199 1442 2145 1517 was magen schutz sich zu vtingen wenn
1213 1493 2182 1593 darumb verhalten, Hat inn dem deßhalb
1208 1532 2153 1640 Iegnaden uberschickten schryben sich
1217 1590 2171 1695 nntzit sonnders, so schutzen zu nachtey
1216 1646 2191 1726 gereichen mag, befunden, dann das er
1186 1690 2071 1790 denen personen, mit welchen er
1215 1750 2117 1857 hanndle, der warheydt abstannde
1213 1817 2220 1912 Inmahen man Inne deß mit kundtschafft
1220 1847 2195 1960 bezugen müße, wie das Inn vnnder¬
1201 1907 2147 2023 schidlichen hanndlen sich beschuinen,
1201 1950 2202 2077 insonderheydt aber inn einem märit
1160 2018 2228 2142 Toerlschütz mit petter Hürsingen gethan
1168 2054 2212 2206 welchem ersachen, so im marit vorbehalten
1207 2107 2105 2244 worden unnd aber vonn schützen
1222 2154 2210 2285 fürgäbens wegen eß sie nit nothwendig
1212 2209 2188 2356 das die inn die ufgerichte seilschriffte
1206 2267 2160 2421 verlybet werden Allerdingen ge
1205 2317 2126 2472 laugnet habe, es habe auch furt
1207 2360 2214 2523 annder mergemelter schntberürtem
1213 2439 1249 2481 d.
1218 2406 2197 2587 hirsingen erlaupt ein nüt, haber jun
1234 2453 2142 2645 syl vonn imme erkaufften spycher,
1211 2521 2205 2715 wyl er den nit füren mögen ze stellen
1224 2573 2183 2760 wie auch beschechen, nachwerts alls
1232 2621 2148 2818 erden reichen wellen, habe schutz
1211 2651 2141 2889 den verlaugnet fürs drit werth
