4000 3000
175 90 1045 246 Istem das Ir man, die Alhie Verk¬
202 162 1060 305 schuner zu Ghem Burgdouff Sig
169 210 977 335 unnd sichwartzenburg, luth
981 261 1018 322 3
210 257 1028 376 zedlen zalt styff verblyben
184 301 1056 440 Vermeldet. sÿ habent. sich mit
194 355 1049 486 Roßmarintragen. Ressenen vn
181 406 1041 537 Anderen derglychen sachen du
214 463 1000 560 bracht habe vorhin aūch ein
211 514 999 617 Schaft. so damol geheisen, Vn
206 569 992 691 Geuff pürtig ghin welcher
994 620 1054 692 si
175 633 1047 740 deß Lumpentrages bholfen, Vo
191 681 1041 792 welchem sy zwey kind hab sien
205 746 1072 863 zu Balpf vor sechs garen gstorgen
259 811 1034 930 Ist Zūm anderen mal Cäg
329 876 983 987 Vfzogen wordenn
293 983 1013 1115 Aan Schulz
417 1072 754 1168 ein zu Podt
152 1145 988 1283 Demnach Penli Schütz vor etwas
183 1235 1042 1335 Abgeloffnen Jaren, h Thorschrybe
165 1291 1075 1384 Zumer, vermeldet, er sie zweyhunen
218 1347 1068 1431 pfundt pf hauptguts halb, ruth der
213 1390 1065 1481 byhanden habenden gultuerschryt
158 1442 1075 1538 Wyl denn Namen darin sperificiert
200 1494 1071 1581 Vnderpfandts niemaufs erkhenne
217 1553 1065 1645 nachwüßen well, schlechtlich ver
205 1599 1071 1695 ficheret unnd sie zu befargen, wane.
221 1652 1067 1748 er diser sach nit alles ernsts nach-
191 1709 1046 1805 setzen laß. er werde eundtlich dise
195 1765 1059 1852 Zum Verlieren musen, Inmaßen
193 1823 1039 1893 das bemelter eciter bewegt
167 1871 987 1961 worden, Imme Schutzen beveln
200 1926 1053 2021 zegebenn diser sach ernstlich nach
194 1976 1047 2063 geforschen unnd wie wol schütz
216 2029 1047 2103 nach dem er oder wie erfurgipt
225 2079 270 2113 d
212 2085 1017 2181 syn lschwächer fälig dise lhum
183 2130 1041 2221 vonn Hanns sheeren unnd anthont
146 2197 977 2281 Wolffen zu thun alls besitzeren
194 2239 1057 2339 obanzognen und erpfandts ynzogen
168 2298 1025 2399 herren Tinnern. ohne Vermelden
150 2337 1036 2443 das er die empfangen, Angehalten
181 2405 1024 2516 das er imme die vff versicherung
176 2453 1065 2559 oder uberantwortung eines anderen
130 2508 1045 2624 oerschafften Gültbriefs lyche hat
182 2575 1038 2670 er doch ime endtlich vermeldet
170 2614 1052 2740 habe diß hauptguet nit ynbringen
181 2669 1038 2798 mögen. unnd damit imme dem
169 2709 1045 2861 hauptlrorff, für gültig widerum
2056 5 2151 75 59
1183 77 2102 282 Ingehendigt Inmasen er denselben
1221 151 2105 303 etwas Zÿds dasnach M. Detrich
1198 201 2156 353 Bey dem jungen Burger alhie uber
1168 257 2143 411 ehret, welcher wyl ihmme die jarlicg
1185 303 2074 459 verfallnen Zinsen nit abgericht
1212 343 2118 487 worden, mi Feydrich Büntispergr
1194 419 2100 550 dem grichtspodten, gwalt geben
1196 463 2136 590 dise sÿn Ansprach Vß Krafftberūrt
1183 522 2132 667 Grieffs zuhanden ze zuchen, wie auch
1586 568 2137 668 Herhalben berurte
1205 616 1624 691 beschechen,
1201 606 2158 743 beÿd Personen. Hherren, vnnd Wolff¬
1194 681 2151 805 Inn ansechen sy das haupt guth zwey
1207 720 2162 825 mal zalen mußen, ein Eybhafft wider
1195 772 2164 906 gesagten Schützerlanget auch ium
1176 833 2136 951 jnn der amptgung ehum gfengklich
1195 893 2093 1009 Inleggen lassen, nach wellichem
1208 942 2071 1053 er uß benelch miner gul vnnd
1174 990 2161 1101 Oberen dūrch Ir g. Bimptman denn
1190 1048 2141 1148 herren lschuldtheisen daselbst nit
1173 1101 2184 1200 Allein diser sonderen auch duderer
1202 1157 2145 1256 sachen halb exammert vnnd mit
1197 1205 2183 1303 einem brichtschryben alhergeschickt
1153 1267 2156 1358 worden, Vber weliches vff donstan
1196 1320 2129 1394 den 15. Octobrio 1618. Jarx Ain
1169 1378 2122 1466 Ehrenūesten fromen, fursichtigen
1156 1429 2101 1512 Ersamen Wysen Herren Jacob
1187 1479 2084 1560 Billier des kleinen khats unnd
1199 1530 2173 1623 8. Großweybel Brocher, Inn bysyn
1188 1589 2139 1677 der Jennigen Personen denen er
1157 1636 2170 1727 Vnderschidliche Simen vonn Vnziehens
1190 1692 2180 1799 wegen. vordert. Inne exammnert
1171 1741 2071 1830 vnnd befragt der hat vberstenn
1192 1794 2137 1895 ersten Imme fürgehaltnen Puneten
1170 1846 2192 1961 H Chorfihryber sinner betreffenndt
1177 1900 2174 2019 vermeldet unnd anzeigt er sie zwar
1165 1953 2084 2074 Das sich die sach wie Vorerzellt
1183 2005 2087 2121 Verlūfen. das er namlich das
1189 2068 2166 2179 hauptguth ynzogen unnd ohngeacht
1176 2108 2152 2242 deßen, herren mmer den brieff
1165 2174 2183 2314 wider geben bemed und gesteundig,
1190 2216 2042 2349 er sie aber willens gsin, Inne
1202 2281 2102 2405 entweders Kuth irer Abreed
1189 2318 2177 2475 zeuersichern, oder Ime ein anndern,
1170 2386 2152 2547 verschafft brieff zuzestellen, habe
1189 2461 2125 2591 auch schon albereydt ein brieffen.
1169 2473 2096 2642 deshalb vonn synem schwacher
1191 2546 2171 2697 silligen empfangen ghept, Welchen
1198 2622 2197 2782 er hernach sinem Schwagerglichen
1173 2632 2133 2819 unnd wyler den h vordet ver
1183 2709 2142 2879 setzt mit gelt, so ime zu shaffner
