4000 3000
207 33 1145 268 Dungericht obuerlufner sachen, hat be
317 98 1143 339 Christma sich zun diebstälen Wyler
307 152 1120 355 zumaßen sy deßhalb, widerumb gse¬
321 204 1121 392 ynnzogen. Ouch uff zinstag 2
321 261 715 346 diß 1619 jars.
884 330 1122 447 urch die de
317 310 1112 498 frommen, fursichtigen, Wysen hitz
290 363 1133 558 Amman des kleynen raths, danide
280 413 1121 604 ber der Burgeren Nielans Brochen
292 452 1126 659 Großweybel zu Marzili geperen
269 514 1133 720 maßen exemment worden. de
304 567 837 686 Molgenits bekenndt
277 621 1129 839 Erstlich hab sy zum Kindtlicher zuge¬
291 704 1136 884 Irer Muter 5elltuch, Estglich
293 748 1123 929 dann Nachparen Ops. Ruben, vnd
295 802 1121 974 derglychenn sachen, vitmalen entwe¬
295 859 1119 1042 Dene Stafen soser zu Sigristwylen
281 926 938 1065 Aas. vnnd ein stūck fleisch,
265 1000 1126 1163 Im Tren, by vterndorff Benndicht
251 1072 1094 1204 ers frouw 8 klüngli gärt und
269 1122 467 1196 brodt.
275 1202 1145 1353 Item hab sy vor etwas Abgelofnen wire
281 1277 1139 1402 b Horn des kats allhie, alls syby
278 1329 1130 1423 Imnne furein Spanneren gedienet.
281 1362 925 1445 ein guttuchenen mantel.
283 1430 618 1511 ein tischtuch
239 1475 1016 1590 Item der frouwen, ein Rockh,
258 1556 1120 1663 Mar 5 streungen garn gestolen. Dem
270 1619 1144 1714 Mantel hab sy einem würt zu Schwet
265 1675 1139 1755 enburg, denn Rocth. vnnd ds garn, einer
263 1725 1128 1805 frouwen von Fryburg, so sy nit namse
263 1769 1125 1848 könn verkouft unnd us aillem by i
275 1821 1132 1915 erlößt, uß dem tischtms hab sy 2 ked
261 1877 705 1973 dechli gemacht.
235 1940 1130 2023 Wyter hab sy bemaltem Heinmalem
228 1994 1127 2097 wagen genommen ghept. denselben her¬
254 2040 1125 2140 nach aber, widerumb an syn ortgeta
175 2101 1125 2206 Obgemeltem Wirth zu Schwartzenbur
241 2160 1130 2263 hab sy by 28 strangen garn uerunteüt,
223 2215 1053 2303 die sient imme aber wider worden
254 2261 1126 2388 Vnnd wiewol Hanns vnd Cristefi
211 2331 1107 2445 inger zu Sigristwyl seshaft zun einer
208 2360 1113 2504 dem grichtschryber zugeschickten Sche
209 2397 1122 2554 bemelte Christma gezigenn, Alls solte
214 2477 1113 2580 dem einen, ein Beth, vnnd dem Anderen
235 2516 1097 2664 ilberne Schulen vnndt frömbdet haben
224 2562 1117 2699 hat sy dob, weder diser noch annder
217 2613 1122 2777 hultegenn, gsteundig syn wollen, Dan
218 2668 1083 2828 s se sich zu vnnderschidlichen mahen)
202 2780 654 2862 herg, v ganngen
294 2765 1130 2956 Ist einmal Car dmnacheinmel
332 2839 1088 2975 mit dem kleinsten stein ufzoge,
847 2909 1074 2996 worden
1354 36 2164 276 ee
1380 93 2126 316 geat geet
1393 142 2109 352 ledig glaßenn, vnnd Alles ernsts
1385 217 2073 388 vermannt worden, sich Inn Iren
1392 222 2198 455 beymet mit ver hanndarbeyt zeen.
1384 282 2190 485 halftenn, daruf der zu Schs zu thun
1398 343 2104 506 mit flys sechenn sel unnd tals
1396 364 2148 558 dise warenung nit erschießlich, syy
1411 433 2194 615 gfenngklich annemen und deß nun
1388 533 1806 665 Gth b brichtem.
1337 651 2090 864 tosel Rocelem
1403 797 1832 915 Wasenmeister
1222 873 2180 1063 Demnach gegennwurtiger Stoffel Aprell
1275 929 2217 1086 ein wasenmeister, Im Allgow, zu Kauff¬
1264 996 2217 1131 büren fürtig, welches in vater dahelbste
1257 1056 2176 1187 Nachrichter gsin ab Maria Meyer mein
1265 1099 2159 1223 schwyb, unnd imgegentheyl sy ab ime
1267 1161 2144 1271 so hoche vnnd schware clegtenn gefuhrt
1266 1214 2187 1317 das h Hanns Hallervogt zu landtshut
1266 1282 2161 1391 vß schuldigkeyt tragennden Ampts, beyde
1255 1332 2185 1426 Personenn gfengklich ynziechen, vnnd inner
1235 1380 2201 1470 Gnedigenn Herren vnnd Ohberen, mit einen
1262 1430 2168 1519 brichtschryben, zuschickenn laßen. Haben
1263 1488 2186 1581 Ir g Volgennts nachgemelten herren be¬
1256 1547 2165 1641 wolchenn, sy hieruber gepurendermaßn
1275 1594 2169 1687 herpammneren, Inn Welchem exsamen
1277 1652 2194 1741 gemelter Aprell, so sich sonnsten Iun disen
1247 1700 2174 1809 Hannden, Geörg Krieger genamset, vff
1254 1763 2223 1858 Mitwuchenn denn 5. junii diß 1619 jarb
1271 1803 2214 1907 Inn bysÿn, vnnd Anhören. Der Ehren Edel¬
1262 1852 2219 1963 vestenn, Frommen fursichtigen. Wysen herr
1262 1908 2177 2010 Hanns RudolffHoris deß kleynen raths
1243 1943 2111 2071 jr Josues von Mülinen der Burgeren
1270 1993 2202 2146 Niclans Brachers Großweybels, auch
1276 2051 2222 2200 etlicher Weyblen, hochgenanter miner G¬
1261 2095 2229 2259 herren vnnd Oberen dieneren, zu Marzil¬
1268 2144 2140 2322 verzächenn unnd bekennt. Auch mit der
1284 2199 2131 2392 marter erhaldtenn vnnd bestättigen
1256 2272 2132 2473 Seß Crstenn alls erbeigfar vor vier Jaren,
1263 2345 2228 2538 us dem piemont vonn sinem meister, welche
1271 2388 2216 2586 Wnnder des hr obersten am kynsRege.
1261 2440 2211 2628 emennt für ein scharpfrichter gedient wi
1264 2478 2203 2692 derumb nach disen Frunden gezogen, vnnd
1273 2546 2229 2759 by Bellitz zwenn Furstmannen, so Grotz
1276 2574 2185 2820 tragenn, angetroffenn, habe er dieselben
