4000 3000
184 37 1023 170 begerth, Ist er hernach vff feyegen
203 98 1049 206 17 vorgemelts monass unnd
187 161 1055 302 harüber wyczer befragt, worhe
185 217 1052 363 Der hate hieruf inn der alenung
191 265 929 375 bekenndt undd verzahen,
181 335 1048 490 die urstich das er zu Lentzbürg gfenchen
199 399 1030 519 beunden sich einkledige gedas
178 460 984 554 Imme vermeldet er werde jnn
191 512 1054 650 angestelte züchtigung er des
191 576 1029 676 wercks genamset werde konnen
192 633 1042 752 daselbsten sye vnsagliche arbeys
206 698 1050 806 wenignarung inmaßen er jinnen
185 747 1048 888 gubeldet unnd für unmüglich gegh
187 806 1023 919 das er solches werde erlyden in
221 886 1046 981 Sonsten habe Inn niemandts
186 931 1041 1060 gewiten, nach im uß Baundenge
218 992 474 1098 holffenn
203 1063 1041 1176 hemannderen wy Bernhart h
203 1132 1055 1234 der wurth zu senn en denn kellen
210 1171 1049 1292 schlüßel, inn ein lfonderbar im
209 1250 1055 1353 gefangnen bewiest doch verborgen
203 1315 1059 1409 haber dennselben genomen, vnd
218 1362 1040 1467 zu dreyen unnderschidenlichen
215 1423 1042 1523 nn einem kübel beachte maßen
208 1477 1043 1582 unnd 2 leyb broth daruß tragen.
215 1541 1050 1635 unnd veruntrücket, doch habe
217 1596 1043 1700 janne dem wurth vilmalen dien
216 1663 1050 1757 darumb er Inn schlechtlich belonen
214 1716 1047 1819 verhoffetlich syn belommng wan
209 1773 1047 1876 die grechnet werden soltt, deur
219 1842 1040 1942 mer dan das foer ußgetragen
211 1902 470 1998 bringen
187 1967 1055 2107 zumdeiten was er zu Hans Bahre
225 2050 1048 2164 von Sallwyl halb hienor zu Lentzbur
222 2113 1047 2225 bekhenndt, sye wahr, unnd derhalbe
214 2167 1040 2276 solches nochmalen wideröferet
214 2236 1047 2337 solchen worten, alls er ein dryse
189 2301 1039 2416 rger knab afin sie obgemelt
176 2342 1053 2476 Räbman zanktgenant welche
191 2417 991 2556 diser sydt zun einem dienste sie
172 2469 1051 2588 imme kommen, mit vermelden s
175 2541 1042 2666 beger mit ihme zureden söll der
190 2610 1039 2737 zu imme kommen, welches er ab
189 2653 1040 2811 ufscham nit thun dörffen ube
186 2736 1038 2877 ein wyl alls er ein melsackh
185 2791 1057 2921 die mili tragen unnd nebend
2065 41 2135 111 27
1143 77 2121 234 fur wellen, sie Ii berurter Räbman
1181 146 2081 259 nachgluffen, Inne deßen hoerwie
1181 206 2141 321 obgemelt mit ihmme gredte erzunneret
1188 266 2105 376 unnd vermant mit imme zeganm
1187 317 2115 420 mit vertrösfen soer im volg werd
1184 379 2124 490 er deß syn Lebenlang zugefueßen
1169 433 2077 542 haben, habe allso sich uß disem
1180 503 2081 593 unnd aineren glaten worten
1186 554 2069 640 Alls einnstunger Vnwußender
1183 604 2053 710 knab bererden laßen, sich hieruß
1199 670 2129 753 mit dem Eabman nach dem schlos
1193 719 2004 825 beguben, unnd den  ff der
1177 774 2120 889 Bruggstehen funden, welcher zu imme
1181 844 2096 948 gsprochen, er habe etwas mit im
1163 885 2088 1006 zu reeden, sient daruf Inn das
1180 961 2102 1074 Schloß inn ein sondderbargmach
1189 1017 2114 1118 ganngen unnd weye bald sy darynn
1180 1078 2024 1191 kommen, habe der Rabman ein
1186 1133 2115 1239 Rolbeth furzogen, daruf sich der zu
1202 1189 2112 1296 nit nun gelegt, sonndern ouch durch
1181 1251 2127 1355 den Räbman beyde heilichermel
1201 1311 2114 1405 hinder den erlbogen machen laßen
1192 1369 2086 1456 vnnd habe der Räbman Imme
1199 1427 2078 1537 flysig, znzesechen vermant, daruf
1194 1490 2052 1571 er alls balle dem G das mick
1193 1547 2106 1652 verharten am halfs umbhergfaren,
1200 1613 2072 1706 vnd Kratzlet vnnzit erbrun¬
1166 1671 2087 1760 wordenn, nach wellichem er zune
1178 1725 2114 1822 gefangnen, mit vilfaltigen vermane
1176 1784 2129 1878 bewegte das er mit großer Schamein
1190 1845 2078 1946 glychs ann zun verrichtet unnd gethan
1172 1900 2045 2002 darumb der z alls er vonn ime
1185 1961 2083 2060 gangen, Imme ein goldtstuck, so sy batz
1193 2016 2123 2123 wardte gsin, vereeret deß furgebenng
1193 2076 2061 2173 mann ursachen wie oberzelte, so sy
1187 2128 2078 2238 sonnste das wurgen genamset, bruch
1200 2186 2131 2293 verlaße Inn das dn Iueme habent
1187 2251 2099 2352 Wech. hernach habe nit Allein er
1186 2303 2129 2414 gefangne sonderen auch syn Abgestorben
1163 2361 2149 2471 seer bruder, so Hanns Caspargeheißen
1183 2414 2136 2531 An dem Gwyf syn begeren anzohne
1192 2477 2117 2577 sach vilmalen an underschidenlichen
1181 2533 2088 2655 orten gebrucht unnd verrichtet
1191 2595 2073 2706 unnd habe der  inen beyden
1189 2635 2133 2775 gebeideren uff ein syet alls sy mit
1178 2720 2154 2832 imme gan Zürich greiet jedemein
1181 2775 2037 2891 Stuks vorliger kramet und
1193 2838 1470 2939 verrehrt
