<?xml version="1.0" encoding="UTF-8" standalone="yes"?>
<PcGts xmlns="http://schema.primaresearch.org/PAGE/gts/pagecontent/2013-07-15" xmlns:xsi="http://www.w3.org/2001/XMLSchema-instance" xsi:schemaLocation="http://schema.primaresearch.org/PAGE/gts/pagecontent/2013-07-15 http://schema.primaresearch.org/PAGE/gts/pagecontent/2013-07-15/pagecontent.xsd">
    <Metadata>
        <Creator>prov=University of Rostock/Institute of Mathematics/CITlab|PLANET AI GmbH/Gundram Leifert/gundram.leifert@planet-ai.de:name=German_Kurrent_XVI-XVIII_M1(htr_id=19584)::::v=2.6.7
prov=University of Rostock/Institute of Mathematics/CITlab|PLANET AI GmbH/Tobias Gruening/tobias.gruening@planet-ai.de:name=de.uros.citlab.module.baseline2polygon.B2PSeamMultiOriented:v=2.6.7
prov=University of Rostock/Institute of Mathematics/CITlab|PLANET AI GmbH/Gundram Leifert/gundram.leifert@planet-ai.de:name=Turmbücher_StaBe_3_A.Funk(htr_id=27278)::::v=2.6.7
prov=University of Rostock/Institute of Mathematics/CITlab|PLANET AI GmbH/Tobias Gruening/tobias.gruening@planet-ai.de:name=de.uros.citlab.module.baseline2polygon.B2PSeamMultiOriented:v=2.6.7
prov=University of Rostock/Institute of Mathematics/CITlab|PLANET AI GmbH/Tobias Gruening/tobias.gruening@planet-ai.de:name=/net_tf/LA73_249_0mod360.pb:de.uros.citlab.segmentation.CITlab_LA_ML:v=2.6.6
Transkribus</Creator>
        <Created>2020-10-03T12:26:27.948+02:00</Created>
        <LastChange>2022-09-12T14:26:07.369+02:00</LastChange>
        <TranskribusMetadata docId="1334811" pageId="52359657" pageNr="161" tsid="114641408" status="IN_PROGRESS" userId="9570" imgUrl="https://files.transkribus.eu/Get?id=LDKSPNIRXFWVXRAWPMLQYCBF&amp;fileType=view" xmlUrl="https://files.transkribus.eu/Get?id=FWCJMLZIGEBOOCOLQNAYYEMZ" imageId="15998028"/>
    </Metadata>
    <Page imageFilename="BIX461_159v,160r.jpg" imageWidth="4000" imageHeight="3000">
        <ReadingOrder>
            <OrderedGroup id="ro_1687513820977" caption="Regions reading order">
                <RegionRefIndexed index="0" regionRef="r1"/>
                <RegionRefIndexed index="1" regionRef="r2"/>
                <RegionRefIndexed index="2" regionRef="r3"/>
                <RegionRefIndexed index="3" regionRef="r4"/>
                <RegionRefIndexed index="4" regionRef="r5"/>
            </OrderedGroup>
        </ReadingOrder>
        <TextRegion orientation="0.0" id="r1" custom="readingOrder {index:0;}">
            <Coords points="194,79 194,2819 1026,2819 1026,79"/>
            <TextLine id="r1l1" custom="readingOrder {index:0;}">
                <Coords points="251,134 416,133 465,171 615,136 670,184 835,199 871,224 923,210 927,186 677,77 612,113 532,59 431,84 364,19 262,61"/>
                <Baseline points="261,108 293,111 326,115 359,119 392,122 425,126 457,129 490,133 523,136 556,140 589,144 621,149 654,154 687,159 720,164 752,170 785,178 818,185 851,193 884,203 917,213"/>
                <TextEquiv>
                    <Unicode>Dost Schle</Unicode>
                </TextEquiv>
            </TextLine>
            <TextLine id="r1l2" custom="readingOrder {index:1;} person {offset:0; length:13;}">
                <Coords points="310,193 423,209 477,258 566,243 623,274 734,248 927,304 951,305 955,282 883,229 820,248 786,214 685,199 660,172 624,183 586,142 484,176 441,149 397,170 319,141"/>
                <Baseline points="318,183 349,189 380,193 412,198 443,203 475,206 506,210 538,215 569,220 601,225 632,228 663,234 695,239 726,244 758,250 789,256 821,263 852,270 884,278 915,285 947,294"/>
                <TextEquiv>
                    <Unicode>Merti Slihens i de</Unicode>
                </TextEquiv>
            </TextLine>
            <TextLine id="r1l3" custom="readingOrder {index:2;} place {offset:0; length:8;}">
                <Coords points="367,268 465,274 573,314 647,303 782,365 848,340 953,377 959,342 889,330 844,266 798,280 738,254 649,282 582,250 476,258 431,222 374,229"/>
                <Baseline points="375,258 403,262 432,266 461,269 490,274 518,278 547,281 576,286 605,290 633,295 662,298 691,304 720,308 748,313 777,319 806,325 835,332 863,338 892,345 921,353 950,360"/>
                <TextEquiv>
                    <Unicode>Rümligen hußfrome</Unicode>
                </TextEquiv>
            </TextLine>
            <TextLine id="r1l4" custom="readingOrder {index:3;}">
                <Coords points="264,389 392,438 549,407 573,429 695,425 810,466 881,461 988,512 997,446 968,429 833,414 800,385 561,378 279,285"/>
                <Baseline points="272,378 307,380 343,382 379,384 415,387 450,390 486,393 522,398 558,401 593,406 629,411 665,416 701,422 736,428 772,434 808,441 844,448 879,455 915,463 951,470 987,477"/>
                <TextEquiv>
                    <Unicode>Mheyeng and dat</Unicode>
                </TextEquiv>
            </TextLine>
            <TextLine id="r1l5" custom="readingOrder {index:4;} person {offset:4; length:22;}">
                <Coords points="241,483 413,468 524,523 626,494 791,509 865,572 940,577 948,491 873,502 846,467 803,489 750,452 693,472 615,434 520,453 411,425 340,439 251,402"/>
                <Baseline points="251,450 285,452 319,453 354,455 388,456 423,459 457,461 491,464 526,466 560,470 595,474 629,478 663,483 698,488 732,494 767,499 801,507 835,513 870,521 904,529 939,537"/>
                <TextEquiv>
                    <Unicode>Ist eichtli Schärer Marthi spr</Unicode>
                </TextEquiv>
            </TextLine>
            <TextLine id="r1l6" custom="readingOrder {index:5;} place {offset:3; length:11;}">
                <Coords points="239,529 322,518 462,554 558,540 608,588 751,574 794,612 896,593 957,618 961,587 853,566 791,508 693,535 620,513 524,522 385,478 311,507 244,483"/>
                <Baseline points="246,516 281,517 316,520 352,521 387,524 422,526 458,527 493,530 528,533 564,536 599,540 634,543 670,548 705,553 740,559 776,564 811,570 846,577 882,585 917,592 953,602"/>
                <TextEquiv>
                    <Unicode>zu Obersummlig hußfrome.</Unicode>
                </TextEquiv>
            </TextLine>
            <TextLine id="r1l7" custom="readingOrder {index:6;} person {offset:0; length:6;} person {offset:20; length:7; continued:true;}">
                <Coords points="241,594 346,642 537,609 664,620 692,649 789,632 884,691 975,685 985,589 938,621 901,594 852,622 710,588 682,605 245,557"/>
                <Baseline points="248,582 284,585 320,587 356,590 392,591 428,594 464,597 501,600 537,602 573,605 609,609 645,612 681,616 717,620 754,625 790,630 826,636 862,642 898,649 934,656 971,665"/>
                <TextEquiv>
                    <Unicode>Hoxery von etlichen persane</Unicode>
                </TextEquiv>
            </TextLine>
            <TextLine id="r1l8" custom="readingOrder {index:7;} person {offset:0; length:6; continued:true;}">
                <Coords points="256,654 326,678 408,659 523,715 607,675 767,693 941,722 983,759 1010,759 1016,711 856,690 765,633 679,663 579,650 542,613 469,646 261,611"/>
                <Baseline points="263,645 300,648 337,650 374,653 412,656 449,659 486,660 523,664 561,667 598,670 635,674 672,678 710,682 747,686 784,692 821,698 859,704 896,710 933,717 970,723 1008,732"/>
                <TextEquiv>
                    <Unicode>verman deß von dem herren</Unicode>
                </TextEquiv>
            </TextLine>
            <TextLine id="r1l9" custom="readingOrder {index:8;}">
                <Coords points="248,719 386,723 461,763 529,734 725,784 882,769 1007,822 1012,774 972,752 659,731 602,679 520,715 252,676"/>
                <Baseline points="255,710 292,711 329,714 367,717 404,718 442,721 479,723 517,727 554,731 592,733 629,737 666,741 704,744 741,750 779,754 816,760 854,765 891,771 929,779 966,785 1004,794"/>
                <TextEquiv>
                    <Unicode>Kumligen vfgenommen brichte</Unicode>
                </TextEquiv>
            </TextLine>
            <TextLine id="r1l10" custom="readingOrder {index:9;}">
                <Coords points="254,792 315,795 340,821 542,802 695,872 751,829 794,861 962,856 964,834 835,765 728,799 624,793 561,780 514,734 455,770 391,728 257,762"/>
                <Baseline points="261,776 295,780 330,782 365,786 400,788 434,790 469,792 504,794 539,797 573,799 608,801 643,805 678,807 712,810 747,815 782,819 817,825 851,830 886,837 921,845 956,852"/>
                <TextEquiv>
                    <Unicode>angeeklagt worden uß ufrer</Unicode>
                </TextEquiv>
            </TextLine>
            <TextLine id="r1l11" custom="readingOrder {index:10;}">
                <Coords points="958,891 974,896 991,885 1002,889 1014,827 1007,826 1000,819 994,818 986,823 973,818"/>
                <Baseline points="972,852 1002,858"/>
                <TextEquiv>
                    <Unicode>9</Unicode>
                </TextEquiv>
            </TextLine>
            <TextLine id="r1l12" custom="readingOrder {index:11;}">
                <Coords points="245,884 576,872 857,906 976,952 1008,949 1013,900 940,867 306,833 253,804"/>
                <Baseline points="254,846 291,848 329,849 366,851 404,854 441,855 479,858 516,860 554,864 591,867 629,871 667,874 704,879 742,883 779,888 817,893 854,897 892,904 929,910 967,916 1005,923"/>
                <TextEquiv>
                    <Unicode>bemelch abermalen mit ernsthafft</Unicode>
                </TextEquiv>
            </TextLine>
            <TextLine id="r1l13" custom="readingOrder {index:12;}">
                <Coords points="241,933 903,972 895,940 706,937 639,885 612,903 470,880 244,895"/>
                <Baseline points="248,917 280,918 312,920 345,923 377,924 410,926 442,928 475,930 507,933 540,935 572,938 604,941 637,943 669,946 702,950 734,952 767,955 799,959 832,961 864,964 897,968"/>
                <TextEquiv>
                    <Unicode>wortten vnd betromenno</Unicode>
                </TextEquiv>
            </TextLine>
            <TextLine id="r1l14" custom="readingOrder {index:13;}">
                <Coords points="927,995 937,998 938,1001 946,1000 947,1003 969,993 982,994 985,999 991,997 1002,1000 1009,965 998,962 989,968 984,965 971,968 956,947 937,941"/>
                <Baseline points="936,974 967,979 999,986"/>
                <TextEquiv>
                    <Unicode>den</Unicode>
                </TextEquiv>
            </TextLine>
            <TextLine id="r1l15" custom="readingOrder {index:14;}">
                <Coords points="244,994 715,1031 752,1054 882,1038 955,1071 1009,1062 1013,1019 875,1022 764,973 651,987 554,942 425,970 381,938 329,964 249,940"/>
                <Baseline points="251,981 288,985 326,989 364,992 401,996 439,998 477,1001 514,1003 552,1005 590,1008 628,1010 665,1013 703,1016 741,1018 778,1022 816,1025 854,1029 891,1035 929,1039 967,1045 1005,1052"/>
                <TextEquiv>
                    <Unicode>Marter durch den fromen für</Unicode>
                </TextEquiv>
            </TextLine>
            <TextLine id="r1l16" custom="readingOrder {index:15;}">
                <Coords points="275,1067 457,1102 523,1079 580,1118 639,1098 688,1118 773,1096 807,1121 920,1111 1014,1160 1022,1061 925,1072 882,1038 823,1062 692,1058 623,1022 277,1035"/>
                <Baseline points="282,1053 318,1057 354,1060 391,1063 427,1066 464,1068 500,1071 537,1073 573,1076 610,1079 646,1080 682,1083 719,1087 755,1090 792,1092 828,1096 865,1101 901,1106 938,1110 974,1115 1011,1121"/>
                <TextEquiv>
                    <Unicode>einen fürfehtigen und Wyse</Unicode>
                </TextEquiv>
            </TextLine>
            <TextLine id="r1l17" custom="readingOrder {index:16;} person {offset:0; length:13;} organization {offset:18; length:13;}">
                <Coords points="197,1163 314,1143 506,1178 579,1158 660,1196 807,1172 1010,1201 1012,1160 979,1140 826,1133 772,1098 700,1124 387,1111 350,1088 308,1112 267,1073 201,1096"/>
                <Baseline points="204,1136 244,1137 284,1137 324,1139 364,1139 404,1140 444,1142 484,1143 524,1144 564,1146 604,1148 644,1149 684,1153 724,1155 764,1158 804,1161 844,1165 884,1168 924,1173 964,1178 1005,1184"/>
                <TextEquiv>
                    <Unicode>Brath Fischer deß kleinen Rhatz</Unicode>
                </TextEquiv>
            </TextLine>
            <TextLine id="r1l18" custom="readingOrder {index:17;} person {offset:4; length:20;}">
                <Coords points="227,1209 266,1232 877,1236 954,1285 1013,1263 1016,1208 918,1177 744,1202 230,1155"/>
                <Baseline points="234,1199 272,1202 311,1205 350,1208 388,1209 427,1211 466,1212 504,1214 543,1214 582,1215 621,1217 659,1218 698,1220 737,1222 775,1224 814,1226 853,1230 891,1234 930,1238 969,1243 1008,1248"/>
                <TextEquiv>
                    <Unicode>und Nielans kilchbergers großer</Unicode>
                </TextEquiv>
            </TextLine>
            <TextLine id="r1l19" custom="readingOrder {index:18;} place {offset:14; length:9;}">
                <Coords points="247,1300 402,1315 491,1285 766,1309 797,1286 848,1333 879,1309 1013,1320 1012,1283 859,1275 767,1228 646,1271 476,1230 397,1251 249,1233"/>
                <Baseline points="254,1275 291,1277 329,1278 367,1280 404,1280 442,1281 480,1282 517,1283 555,1283 593,1284 631,1284 668,1286 706,1287 744,1288 781,1289 819,1291 857,1294 894,1295 932,1299 970,1303 1008,1307"/>
                <TextEquiv>
                    <Unicode>belss, In der Mannenkei exammien</Unicode>
                </TextEquiv>
            </TextLine>
            <TextLine id="r1l20" custom="readingOrder {index:19;}">
                <Coords points="248,1357 375,1345 526,1389 593,1367 680,1390 938,1368 1025,1386 1026,1348 911,1338 881,1309 848,1334 798,1286 694,1334 622,1332 568,1292 511,1336 372,1316 249,1332"/>
                <Baseline points="254,1349 292,1349 330,1350 368,1350 407,1352 445,1352 483,1353 522,1355 560,1355 598,1356 637,1356 675,1358 713,1359 751,1360 790,1361 828,1362 866,1362 905,1364 943,1365 981,1367 1020,1368"/>
                <TextEquiv>
                    <Unicode>worden. Die hat aber im wei</Unicode>
                </TextEquiv>
            </TextLine>
            <TextLine id="r1l21" custom="readingOrder {index:20;}">
                <Coords points="242,1445 287,1418 565,1465 661,1435 716,1459 757,1436 1010,1454 1012,1391 883,1381 811,1417 716,1387 601,1402 576,1379 463,1375 427,1394 363,1352 244,1390"/>
                <Baseline points="249,1415 286,1416 324,1418 362,1419 400,1421 438,1422 475,1423 513,1424 551,1425 589,1427 627,1427 664,1428 702,1430 740,1430 778,1430 816,1431 853,1431 891,1432 929,1433 967,1433 1005,1433"/>
                <TextEquiv>
                    <Unicode>gosten nit gestendig noch bekentlich</Unicode>
                </TextEquiv>
            </TextLine>
            <TextLine id="r1l22" custom="readingOrder {index:21;}">
                <Coords points="254,1520 293,1495 566,1534 640,1500 763,1528 826,1504 863,1536 896,1505 952,1530 1018,1506 1019,1476 911,1441 831,1479 754,1450 644,1479 567,1460 493,1476 443,1450 294,1476 254,1456"/>
                <Baseline points="260,1482 297,1486 335,1488 372,1490 410,1491 448,1491 485,1493 523,1493 561,1493 598,1494 636,1494 674,1493 711,1493 749,1493 787,1493 824,1493 862,1493 900,1493 937,1493 975,1493 1013,1494"/>
                <TextEquiv>
                    <Unicode>yn wellen, wie das sy ein solche per</Unicode>
                </TextEquiv>
            </TextLine>
            <TextLine id="r1l23" custom="readingOrder {index:22;}">
                <Coords points="252,1587 311,1571 365,1603 616,1567 763,1600 821,1578 931,1608 1026,1593 1026,1541 965,1520 914,1553 721,1553 607,1514 445,1549 375,1511 252,1519"/>
                <Baseline points="258,1556 296,1557 334,1557 372,1559 410,1559 448,1560 486,1560 524,1560 562,1560 600,1562 639,1562 677,1562 715,1562 753,1562 791,1563 829,1563 867,1563 905,1563 943,1563 981,1563 1020,1563"/>
                <TextEquiv>
                    <Unicode>son sye noch vil weniger ein solches</Unicode>
                </TextEquiv>
            </TextLine>
            <TextLine id="r1l24" custom="readingOrder {index:23;}">
                <Coords points="248,1625 553,1656 590,1634 663,1659 732,1634 950,1651 1007,1625 1007,1588 785,1612 609,1575 513,1611 363,1609 325,1578 249,1602"/>
                <Baseline points="254,1617 291,1620 328,1622 366,1624 403,1625 441,1626 478,1628 515,1628 553,1628 590,1628 628,1628 665,1628 702,1628 740,1628 777,1626 815,1626 852,1625 889,1625 927,1623 964,1623 1002,1622"/>
                <TextEquiv>
                    <Unicode>mit der wagheit werde mnghen uff </Unicode>
                </TextEquiv>
            </TextLine>
            <TextLine id="r1l25" custom="readingOrder {index:24;}">
                <Coords points="239,1693 646,1690 729,1724 865,1682 1006,1689 1016,1658 839,1632 784,1653 732,1633 675,1672 588,1644 452,1669 370,1636 323,1665 239,1661"/>
                <Baseline points="245,1682 283,1682 321,1683 359,1683 398,1685 436,1685 474,1685 512,1685 551,1685 589,1685 627,1685 665,1685 704,1683 742,1683 780,1682 818,1680 857,1679 895,1677 933,1676 971,1673 1010,1671"/>
                <TextEquiv>
                    <Unicode>erwisen werden, dan sy deßen hemalen</Unicode>
                </TextEquiv>
            </TextLine>
            <TextLine id="r1l26" custom="readingOrder {index:25;}">
                <Coords points="222,1779 1014,1756 1013,1691 939,1720 865,1682 829,1719 776,1694 716,1729 628,1698 557,1741 469,1697 358,1737 220,1720"/>
                <Baseline points="227,1748 266,1749 305,1749 344,1751 383,1751 422,1751 461,1751 500,1751 539,1751 578,1749 617,1749 656,1748 695,1746 734,1746 773,1744 812,1742 851,1741 890,1737 929,1736 968,1732 1008,1730"/>
                <TextEquiv>
                    <Unicode>zethun nit zu siid ghan, soer</Unicode>
                </TextEquiv>
            </TextLine>
            <TextLine id="r1l27" custom="readingOrder {index:26;}">
                <Coords points="221,1821 255,1828 266,1822 314,1824 323,1831 350,1824 370,1842 385,1845 406,1827 444,1820 444,1799 429,1796 417,1803 410,1796 381,1796 349,1765 300,1791 268,1775 238,1790 221,1782"/>
                <Baseline points="227,1814 253,1815 279,1815 306,1815 332,1815 358,1815 385,1815 411,1814 438,1812"/>
                <TextEquiv>
                    <Unicode>vgan</Unicode>
                </TextEquiv>
            </TextLine>
            <TextLine id="r1l28" custom="readingOrder {index:27;}">
                <Coords points="213,1882 639,1874 665,1849 817,1880 996,1829 994,1782 713,1827 666,1789 595,1832 424,1820 385,1845 210,1821"/>
                <Baseline points="218,1862 256,1859 295,1857 333,1856 372,1853 411,1853 449,1851 488,1850 526,1848 565,1848 604,1847 642,1845 681,1844 719,1842 758,1841 797,1838 835,1836 874,1832 912,1829 951,1825 990,1821"/>
                <TextEquiv>
                    <Unicode>Und als sy befragt worden, das sy selbs</Unicode>
                </TextEquiv>
            </TextLine>
            <TextLine id="r1l29" custom="readingOrder {index:28;}">
                <Coords points="225,1929 276,1914 376,1945 507,1909 591,1947 660,1926 704,1950 761,1912 941,1920 1013,1878 872,1890 666,1849 560,1896 475,1879 455,1897 389,1862 288,1899 224,1872"/>
                <Baseline points="231,1911 269,1911 308,1911 347,1911 386,1911 425,1911 464,1911 502,1910 541,1910 580,1910 619,1908 658,1907 697,1907 736,1905 774,1904 813,1902 852,1899 891,1897 930,1895 969,1893 1008,1889"/>
                <TextEquiv>
                    <Unicode>hienor grëdt, das sy sich selbs zu einem</Unicode>
                </TextEquiv>
            </TextLine>
            <TextLine id="r1l30" custom="readingOrder {index:29;}">
                <Coords points="216,1997 326,1980 429,2010 887,1970 974,1997 1023,1959 1021,1891 964,1928 774,1954 589,1957 520,1924 374,1963 295,1924 215,1966"/>
                <Baseline points="221,1976 260,1976 300,1977 340,1977 380,1977 420,1977 459,1977 499,1976 539,1976 579,1975 619,1973 658,1972 698,1970 738,1968 778,1965 818,1962 857,1960 897,1956 937,1952 977,1948 1017,1943"/>
                <TextEquiv>
                    <Unicode>gott behüet uns daruor d tüffel sih</Unicode>
                </TextEquiv>
            </TextLine>
            <TextLine id="r1l31" custom="readingOrder {index:30;}">
                <Coords points="229,2066 279,2040 435,2073 553,2034 641,2066 678,2039 789,2051 862,2021 910,2047 1014,2019 1012,1978 910,2005 824,1978 662,1981 576,2020 536,1989 424,2016 385,1997 347,2024 227,2009"/>
                <Baseline points="233,2034 271,2036 310,2037 349,2037 388,2037 426,2037 465,2036 504,2034 543,2034 581,2033 620,2030 659,2028 698,2027 736,2024 775,2021 814,2019 853,2016 891,2015 930,2013 969,2010 1008,2007"/>
                <TextEquiv>
                    <Unicode>gemacht haben, zeigt sy an wird</Unicode>
                </TextEquiv>
            </TextLine>
            <TextLine id="r1l32" custom="readingOrder {index:31;}">
                <Coords points="213,2120 360,2134 389,2107 493,2105 582,2136 625,2103 901,2103 1002,2065 1000,2021 889,2063 766,2048 385,2083 337,2047 309,2073 210,2070"/>
                <Baseline points="218,2102 256,2103 295,2103 334,2103 373,2102 412,2102 451,2101 490,2099 529,2097 568,2096 607,2094 645,2091 684,2089 723,2086 762,2084 801,2080 840,2077 879,2073 918,2069 957,2066 996,2061"/>
                <TextEquiv>
                    <Unicode>ungfar vor 30 garen ira ein gwüße</Unicode>
                </TextEquiv>
            </TextLine>
            <TextLine id="r1l33" custom="readingOrder {index:32;}">
                <Coords points="199,2188 254,2204 315,2169 387,2201 429,2169 584,2182 684,2158 733,2181 800,2143 966,2143 1023,2113 1008,2075 967,2110 868,2124 700,2136 635,2102 568,2143 405,2116 366,2144 316,2117 197,2147"/>
                <Baseline points="204,2168 244,2166 285,2165 325,2163 366,2162 407,2160 447,2159 488,2157 529,2156 569,2154 610,2152 651,2150 691,2148 732,2145 773,2142 813,2138 854,2135 895,2131 935,2126 976,2119 1017,2114"/>
                <TextEquiv>
                    <Unicode>Wybßpson ein gut tnhm par ermt</Unicode>
                </TextEquiv>
            </TextLine>
            <TextLine id="r1l34" custom="readingOrder {index:33;}">
                <Coords points="219,2275 475,2229 522,2254 564,2231 632,2248 704,2214 783,2240 937,2193 973,2217 1032,2164 1030,2134 965,2162 861,2140 775,2193 676,2159 635,2185 506,2173 406,2213 327,2169 214,2204"/>
                <Baseline points="222,2234 262,2231 302,2229 342,2226 382,2223 423,2222 463,2220 503,2219 543,2217 583,2215 624,2212 664,2210 704,2207 744,2204 784,2202 825,2197 865,2193 905,2188 945,2183 985,2176 1026,2168"/>
                <TextEquiv>
                    <Unicode>gestoken, da sy die gefangne aber selbige</Unicode>
                </TextEquiv>
            </TextLine>
            <TextLine id="r1l35" custom="readingOrder {index:34;}">
                <Coords points="225,2304 356,2324 419,2292 485,2311 676,2274 762,2292 815,2265 881,2284 945,2249 1021,2250 1016,2180 974,2221 941,2192 826,2248 766,2231 551,2265 494,2232 396,2269 340,2254 224,2280"/>
                <Baseline points="231,2294 270,2292 309,2289 348,2288 387,2286 426,2285 465,2283 505,2282 544,2280 583,2278 622,2276 661,2273 700,2272 739,2268 779,2265 818,2260 857,2257 896,2251 935,2244 974,2237 1014,2229"/>
                <TextEquiv>
                    <Unicode>nel irem vermeinen noch durch keie bs</Unicode>
                </TextEquiv>
            </TextLine>
            <TextLine id="r1l36" custom="readingOrder {index:35;}">
                <Coords points="226,2371 475,2357 588,2386 671,2347 1009,2315 1008,2263 934,2257 821,2316 765,2289 552,2338 430,2296 385,2341 353,2323 224,2345"/>
                <Baseline points="230,2355 268,2355 307,2355 346,2355 385,2354 423,2353 462,2352 501,2351 540,2349 578,2347 617,2345 656,2342 695,2339 733,2336 772,2331 811,2327 850,2322 888,2316 927,2310 966,2302 1005,2294"/>
                <TextEquiv>
                    <Unicode>itzel wider von gra uberkommen können,</Unicode>
                </TextEquiv>
            </TextLine>
            <TextLine id="r1l37" custom="readingOrder {index:36;}">
                <Coords points="206,2445 317,2436 363,2470 428,2414 510,2450 577,2415 747,2430 792,2393 970,2391 1018,2323 954,2316 890,2366 736,2339 657,2389 467,2360 424,2391 362,2372 298,2403 201,2378"/>
                <Baseline points="210,2423 250,2420 290,2418 330,2417 370,2415 411,2414 451,2414 491,2412 531,2411 571,2408 612,2406 652,2404 692,2400 732,2397 772,2393 813,2389 853,2382 893,2376 933,2369 973,2359 1014,2349"/>
                <TextEquiv>
                    <Unicode>den das sy sich im angesicht bramckt, u</Unicode>
                </TextEquiv>
            </TextLine>
            <TextLine id="r1l38" custom="readingOrder {index:37;}">
                <Coords points="217,2489 627,2519 708,2476 889,2443 943,2463 1016,2413 986,2385 899,2397 852,2435 638,2427 519,2469 428,2419 363,2473 317,2436 272,2469 214,2455"/>
                <Baseline points="221,2477 260,2478 299,2480 339,2481 378,2481 418,2481 457,2481 497,2480 536,2479 576,2478 615,2475 654,2471 694,2468 733,2464 773,2458 812,2453 852,2446 891,2439 931,2430 970,2421 1010,2411"/>
                <TextEquiv>
                    <Unicode>nenkleider angelegt und einen tägens</Unicode>
                </TextEquiv>
            </TextLine>
            <TextLine id="r1l39" custom="readingOrder {index:38;}">
                <Coords points="199,2556 289,2549 345,2581 479,2551 685,2569 762,2533 876,2538 984,2502 1013,2476 1009,2420 859,2496 726,2481 609,2530 458,2534 377,2496 326,2528 196,2520"/>
                <Baseline points="203,2541 243,2543 283,2544 323,2546 363,2546 404,2546 444,2546 484,2546 524,2544 564,2542 605,2539 645,2537 685,2533 725,2529 765,2525 806,2518 846,2512 886,2503 926,2495 966,2486 1007,2475"/>
                <TextEquiv>
                    <Unicode>die uchß genomen, zu der geinger su</Unicode>
                </TextEquiv>
            </TextLine>
            <TextLine id="r1l40" custom="readingOrder {index:39;}">
                <Coords points="959,2565 965,2565 975,2561 979,2556 996,2553 993,2523 985,2524 981,2527 978,2526 977,2528 969,2529 967,2527 964,2530 961,2529 960,2531 955,2531"/>
                <Baseline points="963,2552 990,2549"/>
                <TextEquiv>
                    <Unicode>eo</Unicode>
                </TextEquiv>
            </TextLine>
            <TextLine id="r1l41" custom="readingOrder {index:40;}">
                <Coords points="209,2642 308,2651 339,2621 480,2616 577,2646 714,2597 824,2613 880,2575 955,2579 950,2512 895,2548 798,2533 741,2575 622,2550 489,2593 438,2571 375,2595 205,2595"/>
                <Baseline points="212,2615 248,2613 285,2613 322,2612 359,2612 396,2610 432,2610 469,2609 506,2607 543,2605 580,2604 616,2601 653,2598 690,2595 727,2592 764,2588 800,2583 837,2578 874,2571 911,2565 948,2556"/>
                <TextEquiv>
                    <Unicode>gangen und die ernel mit gwolt</Unicode>
                </TextEquiv>
            </TextLine>
            <TextLine id="r1l42" custom="readingOrder {index:41;}">
                <Coords points="866,2676 874,2674 890,2681 906,2664 917,2667 921,2663 926,2664 932,2659 939,2659 936,2624 914,2629 906,2638 897,2631 892,2631 885,2637 862,2639"/>
                <Baseline points="870,2661 901,2655 933,2655"/>
                <TextEquiv>
                    <Unicode>habe</Unicode>
                </TextEquiv>
            </TextLine>
            <TextLine id="r1l43" custom="readingOrder {index:42;}">
                <Coords points="200,2709 356,2685 522,2717 573,2683 634,2700 666,2673 943,2641 951,2592 880,2577 831,2611 585,2662 377,2615 308,2656 195,2650"/>
                <Baseline points="203,2678 240,2678 277,2678 314,2678 351,2678 389,2676 426,2676 463,2675 500,2674 537,2672 575,2670 612,2667 649,2664 686,2659 723,2656 761,2651 798,2645 835,2639 872,2632 909,2624 947,2613"/>
                <TextEquiv>
                    <Unicode>wra genorderet, wie sy dan die selbige</Unicode>
                </TextEquiv>
            </TextLine>
            <TextLine id="r1l44" custom="readingOrder {index:43;}">
                <Coords points="189,2760 912,2714 957,2697 953,2646 892,2679 839,2654 666,2673 551,2719 373,2689 326,2722 186,2724"/>
                <Baseline points="194,2747 231,2745 269,2745 307,2744 345,2742 383,2741 420,2740 458,2738 496,2736 534,2733 572,2731 609,2729 647,2725 685,2721 723,2717 761,2712 798,2707 836,2701 874,2696 912,2689 950,2681"/>
                <TextEquiv>
                    <Unicode>durch solich mittel wider bekomtend</Unicode>
                </TextEquiv>
            </TextLine>
            <TextLine id="r1l45" custom="readingOrder {index:44;}">
                <Coords points="210,2821 377,2829 407,2804 517,2844 603,2805 721,2816 768,2781 932,2777 1000,2747 994,2684 827,2748 686,2728 609,2768 537,2738 407,2790 334,2742 296,2782 207,2786"/>
                <Baseline points="215,2807 253,2805 292,2804 331,2804 370,2802 409,2802 448,2801 486,2799 525,2796 564,2794 603,2791 642,2787 681,2784 720,2780 758,2774 797,2768 836,2761 875,2752 914,2743 953,2732 992,2721"/>
                <TextEquiv>
                    <Unicode>aber im anzsucht also gebrambt, sy de</Unicode>
                </TextEquiv>
            </TextLine>
            <TextEquiv>
                <Unicode>Dost Schle
Merti Slihens i de
Rümligen hußfrome
Mheyeng and dat
Ist eichtli Schärer Marthi spr
zu Obersummlig hußfrome.
Hoxery von etlichen persane
verman deß von dem herren
Kumligen vfgenommen brichte
angeeklagt worden uß ufrer
9
bemelch abermalen mit ernsthafft
wortten vnd betromenno
den
Marter durch den fromen für
einen fürfehtigen und Wyse
Brath Fischer deß kleinen Rhatz
und Nielans kilchbergers großer
belss, In der Mannenkei exammien
worden. Die hat aber im wei
gosten nit gestendig noch bekentlich
yn wellen, wie das sy ein solche per
son sye noch vil weniger ein solches
mit der wagheit werde mnghen uff 
erwisen werden, dan sy deßen hemalen
zethun nit zu siid ghan, soer
vgan
Und als sy befragt worden, das sy selbs
hienor grëdt, das sy sich selbs zu einem
gott behüet uns daruor d tüffel sih
gemacht haben, zeigt sy an wird
ungfar vor 30 garen ira ein gwüße
Wybßpson ein gut tnhm par ermt
gestoken, da sy die gefangne aber selbige
nel irem vermeinen noch durch keie bs
itzel wider von gra uberkommen können,
den das sy sich im angesicht bramckt, u
nenkleider angelegt und einen tägens
die uchß genomen, zu der geinger su
eo
gangen und die ernel mit gwolt
habe
wra genorderet, wie sy dan die selbige
durch solich mittel wider bekomtend
aber im anzsucht also gebrambt, sy de</Unicode>
            </TextEquiv>
        </TextRegion>
        <TextRegion orientation="0.0" id="r2" custom="readingOrder {index:1;}">
            <Coords points="990,382 990,553 1002,553 1002,382"/>
            <TextLine id="r2l1" custom="readingOrder {index:0;}">
                <Coords points="1000,470 1007,484 1014,493 1017,501 1058,478 1054,472 1056,461 1047,443"/>
                <Baseline points="990,482 1002,503"/>
                <TextEquiv>
                    <Unicode></Unicode>
                </TextEquiv>
            </TextLine>
            <TextEquiv>
                <Unicode></Unicode>
            </TextEquiv>
        </TextRegion>
        <TextRegion orientation="0.0" id="r3" custom="readingOrder {index:2;}">
            <Coords points="1007,2530 1007,2683 1026,2683 1026,2530"/>
            <TextLine id="r3l1" custom="readingOrder {index:0;}">
                <Coords points="1003,2645 1012,2644 1020,2647 1025,2640 1027,2642 1034,2640 1017,2540 1007,2540 1003,2546 1000,2544 996,2549 987,2551"/>
                <Baseline points="1007,2633 1026,2630"/>
                <TextEquiv>
                    <Unicode></Unicode>
                </TextEquiv>
            </TextLine>
            <TextEquiv>
                <Unicode></Unicode>
            </TextEquiv>
        </TextRegion>
        <TextRegion orientation="0.0" id="r4" custom="readingOrder {index:3;}">
            <Coords points="1056,1144 1056,1297 1071,1297 1071,1144"/>
            <TextLine id="r4l1" custom="readingOrder {index:0;}">
                <Coords points="1055,1274 1061,1273 1069,1265 1069,1263 1073,1264 1081,1262 1068,1201 1059,1203 1057,1208 1053,1208 1049,1215 1043,1216"/>
                <Baseline points="1056,1247 1071,1244"/>
                <TextEquiv>
                    <Unicode>st</Unicode>
                </TextEquiv>
            </TextLine>
            <TextEquiv>
                <Unicode>st</Unicode>
            </TextEquiv>
        </TextRegion>
        <TextRegion orientation="0.0" id="r5" custom="readingOrder {index:4;}">
            <Coords points="1085,19 1085,2898 2052,2898 2052,19"/>
            <TextLine id="r5l1" custom="readingOrder {index:0;}">
                <Coords points="1928,79 1944,76 1952,65 1958,65 1967,55 1996,64 2004,63 1997,14 1980,14 1972,21 1959,11 1956,14 1939,10 1918,12"/>
                <Baseline points="1929,51 1962,45 1995,42"/>
                <TextEquiv>
                    <Unicode>160</Unicode>
                </TextEquiv>
            </TextLine>
            <TextLine id="r5l2" custom="readingOrder {index:1;}">
                <Coords points="1176,205 1375,142 1540,131 1594,153 1620,123 1700,116 1773,148 1814,113 2000,95 1997,69 1851,43 1774,81 1649,43 1596,90 1171,151"/>
                <Baseline points="1179,180 1219,169 1260,158 1301,148 1342,140 1382,133 1423,126 1464,121 1505,117 1545,113 1586,110 1627,107 1668,104 1708,102 1749,100 1790,98 1831,97 1871,95 1912,93 1953,92 1994,89"/>
                <TextEquiv>
                    <Unicode>sen, das die genige psan sy mit keine</Unicode>
                </TextEquiv>
            </TextLine>
            <TextLine id="r5l3" custom="readingOrder {index:2;}">
                <Coords points="1129,266 1424,183 2009,167 2010,126 1887,103 1773,145 1538,130 1390,171 1331,152 1255,198 1208,182 1127,242"/>
                <Baseline points="1134,254 1177,238 1221,224 1264,213 1308,202 1352,194 1395,185 1439,179 1482,174 1526,170 1570,166 1613,164 1657,161 1700,159 1744,158 1788,156 1831,155 1875,154 1918,153 1962,152 2006,149"/>
                <TextEquiv>
                    <Unicode>un syen also die worten von seiner anderen</Unicode>
                </TextEquiv>
            </TextLine>
            <TextLine id="r5l4" custom="readingOrder {index:3;}">
                <Coords points="1129,326 1457,240 1522,281 1632,227 1907,218 1955,250 2016,214 2012,179 1783,197 1670,170 1619,207 1553,185 1354,230 1317,208 1124,283"/>
                <Baseline points="1133,308 1176,294 1220,280 1264,269 1308,259 1352,252 1395,244 1439,238 1483,233 1527,230 1571,225 1614,223 1658,221 1702,219 1746,217 1790,216 1833,215 1877,213 1921,212 1965,210 2009,209"/>
                <TextEquiv>
                    <Unicode>ersth gredt, den d sy also domalen ge¬</Unicode>
                </TextEquiv>
            </TextLine>
            <TextLine id="r5l5" custom="readingOrder {index:4;}">
                <Coords points="1126,380 1338,317 1543,354 1614,311 1710,319 1770,284 1907,312 1999,286 1995,245 1914,248 1874,216 1773,254 1627,228 1525,279 1330,274 1285,302 1253,276 1214,319 1122,335"/>
                <Baseline points="1131,365 1174,350 1217,338 1260,328 1303,317 1346,309 1389,303 1432,297 1475,293 1518,288 1561,285 1604,282 1647,281 1690,278 1733,276 1776,275 1819,273 1862,272 1905,270 1948,268 1991,266"/>
                <TextEquiv>
                    <Unicode>gtämbt und im angsacht schwartz ge</Unicode>
                </TextEquiv>
            </TextLine>
            <TextLine id="r5l6" custom="readingOrder {index:5;}">
                <Coords points="1148,450 1201,435 1232,399 1269,406 1288,386 1303,381 1316,389 1364,369 1356,341 1333,336 1302,350 1281,343 1248,359 1213,346 1185,385 1137,408"/>
                <Baseline points="1145,416 1171,407 1197,399 1224,391 1250,383 1276,377 1303,372 1329,367 1356,363"/>
                <TextEquiv>
                    <Unicode>nicht habe</Unicode>
                </TextEquiv>
            </TextLine>
            <TextLine id="r5l7" custom="readingOrder {index:6;}">
                <Coords points="1111,528 1212,458 1304,483 1356,428 1406,449 1615,410 1678,457 1751,397 1906,401 1955,435 1987,409 1979,330 1851,358 1793,326 1723,377 1443,363 1399,395 1300,381 1193,450 1102,436"/>
                <Baseline points="1113,483 1156,469 1199,458 1242,448 1286,438 1329,431 1372,424 1416,419 1459,415 1502,410 1546,407 1589,405 1632,402 1675,401 1719,398 1762,396 1805,395 1849,393 1892,390 1935,387 1979,384"/>
                <TextEquiv>
                    <Unicode>Item alß sy befragt worden, ob sy nit uff</Unicode>
                </TextEquiv>
            </TextLine>
            <TextLine id="r5l8" custom="readingOrder {index:7;}">
                <Coords points="1102,546 1344,492 1541,513 1665,467 2013,468 2010,428 1893,439 1762,400 1690,451 1620,417 1564,452 1462,425 1427,458 1196,479 1100,523"/>
                <Baseline points="1107,537 1154,524 1201,515 1248,505 1296,496 1343,489 1390,482 1438,477 1485,472 1532,468 1580,465 1627,462 1674,460 1722,459 1769,458 1816,456 1864,456 1911,455 1958,455 2006,453"/>
                <TextEquiv>
                    <Unicode>wie sych ein gwüße prson krut iun einem</Unicode>
                </TextEquiv>
            </TextLine>
            <TextLine id="r5l9" custom="readingOrder {index:8;}">
                <Coords points="1116,601 1444,537 1488,558 1534,529 2011,522 1997,463 1844,497 1786,476 1526,513 1427,495 1113,559"/>
                <Baseline points="1121,587 1165,575 1209,565 1253,555 1297,548 1341,542 1385,537 1430,531 1474,528 1518,525 1562,522 1606,521 1650,519 1694,518 1739,517 1783,515 1827,513 1871,512 1915,510 1959,506 2004,504"/>
                <TextEquiv>
                    <Unicode>brunnen iren schwynen gewäschen, welches</Unicode>
                </TextEquiv>
            </TextLine>
            <TextLine id="r5l10" custom="readingOrder {index:9;}">
                <Coords points="1118,675 1285,610 1358,627 1450,592 1987,592 1983,542 1874,555 1796,520 1759,552 1667,531 1113,597"/>
                <Baseline points="1122,636 1164,628 1207,619 1250,611 1293,604 1336,599 1379,594 1421,590 1464,587 1507,584 1550,581 1593,579 1636,578 1679,576 1721,576 1764,575 1807,573 1850,573 1893,572 1936,570 1979,569"/>
                <TextEquiv>
                    <Unicode>sy gfangne irfn wehren und nit zu laßen</Unicode>
                </TextEquiv>
            </TextLine>
            <TextLine id="r5l11" custom="readingOrder {index:10;}">
                <Coords points="1122,709 1664,639 1717,659 1797,636 1900,674 1949,628 1995,632 1992,593 1878,577 1674,622 1464,601 1357,639 1311,608 1120,680"/>
                <Baseline points="1127,692 1170,682 1213,675 1256,668 1299,662 1342,658 1385,653 1428,648 1471,645 1514,642 1557,641 1600,638 1643,637 1686,635 1729,633 1772,633 1815,631 1858,629 1901,627 1944,625 1988,623"/>
                <TextEquiv>
                    <Unicode>wollen, sonder wüest mit jra gemacht und</Unicode>
                </TextEquiv>
            </TextLine>
            <TextLine id="r5l12" custom="readingOrder {index:11;}">
                <Coords points="1118,768 1460,715 1570,739 1657,702 1815,702 1876,739 1918,697 1977,704 1992,667 1900,675 1865,647 1716,675 1663,646 1571,686 1447,653 1116,732"/>
                <Baseline points="1122,750 1165,741 1208,734 1251,726 1295,721 1338,716 1381,710 1425,707 1468,703 1511,702 1555,699 1598,697 1641,696 1684,695 1728,693 1771,693 1814,692 1858,692 1901,691 1944,690 1988,689"/>
                <TextEquiv>
                    <Unicode>als hernach dieselbige ehson heimkommen</Unicode>
                </TextEquiv>
            </TextLine>
            <TextLine id="r5l13" custom="readingOrder {index:12;}">
                <Coords points="1123,828 1262,792 1359,817 1427,775 1562,795 1657,762 1700,785 1826,753 1954,770 1950,713 1920,698 1879,738 1823,704 1790,733 1752,714 1484,747 1399,723 1120,780"/>
                <Baseline points="1127,804 1168,797 1209,790 1250,783 1291,779 1332,774 1373,770 1414,766 1455,763 1496,761 1537,759 1578,758 1619,756 1660,755 1701,753 1742,753 1783,752 1824,750 1865,749 1906,748 1947,747"/>
                <TextEquiv>
                    <Unicode>und greüschfeynen, das geweschte fret</Unicode>
                </TextEquiv>
            </TextLine>
            <TextLine id="r5l14" custom="readingOrder {index:13;}">
                <Coords points="1923,819 1928,821 1935,829 1935,831 1946,835 1967,783 1950,776 1945,777 1941,775"/>
                <Baseline points="1929,819 1944,825"/>
                <TextEquiv>
                    <Unicode>6</Unicode>
                </TextEquiv>
            </TextLine>
            <TextLine id="r5l15" custom="readingOrder {index:14;}">
                <Coords points="1134,875 1362,841 1404,859 1521,823 1761,843 1896,815 1895,779 1829,755 1745,798 1658,762 1563,803 1402,786 1366,815 1284,798 1238,827 1132,832"/>
                <Baseline points="1139,860 1176,852 1214,846 1251,840 1289,835 1326,832 1364,828 1401,825 1439,822 1476,821 1514,819 1552,818 1589,818 1627,816 1664,816 1702,815 1739,815 1777,813 1814,813 1852,812 1890,810"/>
                <TextEquiv>
                    <Unicode>eben wellen, syn eine todt fundt</Unicode>
                </TextEquiv>
            </TextLine>
            <TextLine id="r5l16" custom="readingOrder {index:15;}">
                <Coords points="1089,938 1137,962 1224,908 1272,931 1436,895 1608,917 1905,880 2002,903 1998,835 1904,862 1816,825 1705,862 1393,852 1235,883 1206,861 1087,893"/>
                <Baseline points="1095,927 1142,917 1189,910 1236,904 1284,898 1331,894 1378,890 1426,888 1473,886 1520,884 1568,883 1615,882 1662,881 1710,879 1757,879 1804,877 1852,875 1899,873 1946,870 1994,866"/>
                <TextEquiv>
                    <Unicode>zeigt sy darüber an, wie nit wenigen</Unicode>
                </TextEquiv>
            </TextLine>
            <TextLine id="r5l17" custom="readingOrder {index:16;}">
                <Coords points="1109,999 1557,944 1612,975 1683,947 1746,991 1887,933 2016,952 2013,883 1900,920 1435,909 1107,964"/>
                <Baseline points="1113,981 1157,973 1202,967 1247,960 1292,956 1337,953 1381,948 1426,947 1471,945 1516,944 1561,944 1605,942 1650,942 1695,941 1740,941 1785,939 1829,938 1874,936 1919,933 1964,929 2009,924"/>
                <TextEquiv>
                    <Unicode>den das vilmalen ein ire nachpur frut</Unicode>
                </TextEquiv>
            </TextLine>
            <TextLine id="r5l18" custom="readingOrder {index:17;}">
                <Coords points="1111,1060 1339,1011 1379,1035 1638,1003 2005,1025 2003,965 1889,932 1797,988 1689,963 1500,984 1456,953 1378,989 1317,961 1236,1000 1110,1006"/>
                <Baseline points="1116,1032 1160,1025 1204,1019 1248,1014 1292,1010 1336,1007 1380,1004 1424,1002 1468,1001 1512,1001 1557,1001 1601,1001 1645,1002 1689,1002 1733,1002 1777,1002 1821,1002 1865,1002 1909,1001 1953,999 1998,996"/>
                <TextEquiv>
                    <Unicode>zn Irem der gefangnen brunnen gewäschen</Unicode>
                </TextEquiv>
            </TextLine>
            <TextLine id="r5l19" custom="readingOrder {index:18;}">
                <Coords points="1117,1102 1268,1070 1345,1090 1399,1061 1508,1085 1723,1062 1830,1092 1878,1060 1979,1063 1978,1037 1844,1014 1807,1040 1662,1013 1116,1058"/>
                <Baseline points="1122,1083 1164,1077 1207,1071 1249,1068 1292,1064 1334,1060 1377,1058 1419,1056 1462,1055 1504,1055 1547,1053 1590,1053 1632,1053 1675,1053 1717,1053 1760,1053 1802,1053 1845,1053 1887,1053 1930,1052 1973,1050"/>
                <TextEquiv>
                    <Unicode>und ira denselben verwüestet, das sy den</Unicode>
                </TextEquiv>
            </TextLine>
            <TextLine id="r5l20" custom="readingOrder {index:19;}">
                <Coords points="1125,1150 1218,1135 1250,1158 1296,1125 1345,1142 1419,1112 1492,1139 1644,1115 1685,1142 1790,1115 1991,1132 1990,1089 1698,1086 1668,1064 1599,1099 1124,1097"/>
                <Baseline points="1131,1137 1173,1131 1216,1127 1259,1122 1301,1119 1344,1118 1387,1115 1429,1113 1472,1113 1515,1112 1558,1112 1600,1112 1643,1112 1686,1113 1728,1113 1771,1113 1814,1113 1856,1113 1899,1113 1942,1113 1985,1112"/>
                <TextEquiv>
                    <Unicode>endtlichen ira abgewert und darnoch</Unicode>
                </TextEquiv>
            </TextLine>
            <TextLine id="r5l21" custom="readingOrder {index:20;}">
                <Coords points="1122,1200 1209,1226 1276,1186 1356,1212 1398,1184 1530,1207 1696,1176 1973,1176 1972,1149 1817,1157 1793,1134 1669,1159 1542,1129 1409,1158 1327,1125 1121,1169"/>
                <Baseline points="1127,1187 1169,1184 1211,1181 1253,1178 1295,1176 1337,1175 1379,1173 1421,1173 1463,1172 1505,1172 1547,1170 1589,1170 1631,1170 1673,1170 1715,1170 1757,1169 1799,1169 1841,1168 1883,1167 1925,1166 1967,1164"/>
                <TextEquiv>
                    <Unicode>abgemandt, wegen sy ira den brunnen</Unicode>
                </TextEquiv>
            </TextLine>
            <TextLine id="r5l22" custom="readingOrder {index:21;}">
                <Coords points="1113,1264 1193,1243 1325,1264 1378,1239 1528,1273 1563,1242 1747,1236 1907,1262 1978,1231 1978,1194 1750,1214 1501,1192 1390,1221 1273,1187 1218,1226 1112,1217"/>
                <Baseline points="1118,1239 1160,1239 1203,1238 1246,1238 1289,1236 1331,1236 1374,1235 1417,1233 1460,1233 1502,1232 1545,1230 1588,1229 1631,1229 1673,1227 1716,1226 1759,1226 1802,1224 1844,1224 1887,1223 1930,1223 1973,1221"/>
                <TextEquiv>
                    <Unicode>dardurch verwüeset und dannenhar Iro</Unicode>
                </TextEquiv>
            </TextLine>
            <TextLine id="r5l23" custom="readingOrder {index:22;}">
                <Coords points="1114,1319 1166,1297 1307,1326 1578,1321 1633,1295 1810,1316 1865,1290 1942,1320 1991,1291 1990,1234 1910,1266 1748,1235 1594,1274 1380,1239 1328,1266 1113,1266"/>
                <Baseline points="1119,1299 1162,1296 1205,1295 1248,1293 1292,1292 1335,1290 1378,1290 1422,1289 1465,1289 1508,1287 1552,1287 1595,1286 1638,1286 1681,1286 1725,1284 1768,1284 1811,1283 1855,1283 1898,1281 1941,1280 1985,1278"/>
                <TextEquiv>
                    <Unicode>denselben zesuberen vil arbeits gemacht</Unicode>
                </TextEquiv>
            </TextLine>
            <TextLine id="r5l24" custom="readingOrder {index:23;}">
                <Coords points="1114,1366 1309,1351 1439,1386 1520,1353 1595,1386 1683,1349 1854,1376 1951,1324 1705,1310 1507,1338 1465,1309 1399,1330 1329,1308 1286,1332 1210,1302 1113,1330"/>
                <Baseline points="1119,1355 1160,1355 1201,1353 1243,1352 1284,1350 1325,1349 1367,1349 1408,1347 1449,1347 1491,1346 1532,1346 1573,1346 1615,1344 1656,1344 1697,1344 1739,1343 1780,1343 1821,1341 1863,1340 1904,1340 1946,1338"/>
                <TextEquiv>
                    <Unicode>das ober derselbig ein schwyn abgangen</Unicode>
                </TextEquiv>
            </TextLine>
            <TextLine id="r5l25" custom="readingOrder {index:24;}">
                <Coords points="1110,1435 1243,1407 1355,1447 1616,1410 1762,1445 1826,1410 2003,1440 2002,1367 1926,1353 1845,1387 1688,1366 1590,1389 1520,1354 1412,1395 1109,1375"/>
                <Baseline points="1116,1410 1160,1410 1204,1409 1248,1407 1292,1407 1336,1407 1380,1406 1424,1406 1468,1405 1512,1404 1556,1404 1600,1404 1644,1403 1688,1403 1732,1403 1776,1401 1820,1401 1864,1400 1908,1399 1952,1398 1997,1397"/>
                <TextEquiv>
                    <Unicode>vermöge sn desen nit, dan sy desen gentzlich</Unicode>
                </TextEquiv>
            </TextLine>
            <TextLine id="r5l26" custom="readingOrder {index:25;}">
                <Coords points="1120,1470 1173,1496 1215,1476 1257,1501 1310,1505 1354,1476 1373,1480 1388,1471 1388,1438 1344,1448 1325,1430 1271,1434 1226,1407 1184,1441 1152,1428 1120,1449"/>
                <Baseline points="1125,1460 1150,1460 1176,1461 1202,1461 1227,1463 1253,1463 1279,1464 1304,1464 1330,1464 1356,1463 1382,1461"/>
                <TextEquiv>
                    <Unicode>nit schuldig sye</Unicode>
                </TextEquiv>
            </TextLine>
            <TextLine id="r5l27" custom="readingOrder {index:26;}">
                <Coords points="1079,1557 1181,1573 1209,1545 1257,1573 1410,1538 1458,1565 1601,1530 2003,1548 2003,1473 1594,1508 1423,1470 1363,1508 1078,1498"/>
                <Baseline points="1085,1530 1130,1530 1176,1530 1221,1530 1267,1529 1313,1529 1358,1527 1404,1527 1449,1526 1495,1526 1541,1524 1586,1524 1632,1524 1677,1524 1723,1523 1769,1523 1814,1523 1860,1523 1905,1524 1951,1524 1997,1524"/>
                <TextEquiv>
                    <Unicode>Die schoff belanget, so ira in ires matstürk</Unicode>
                </TextEquiv>
            </TextLine>
            <TextLine id="r5l28" custom="readingOrder {index:27;}">
                <Coords points="1109,1605 1426,1594 1531,1626 1699,1585 1741,1619 1782,1596 1925,1607 1961,1564 1906,1537 1825,1569 1786,1533 1707,1558 1654,1530 1585,1573 1541,1551 1335,1574 1109,1556"/>
                <Baseline points="1115,1581 1157,1581 1199,1583 1241,1583 1283,1583 1325,1584 1367,1584 1409,1584 1451,1584 1493,1584 1535,1584 1577,1584 1619,1584 1661,1584 1703,1584 1745,1584 1787,1586 1829,1586 1871,1586 1913,1587 1955,1587"/>
                <TextEquiv>
                    <Unicode>zugesprungen, welche sy wider ußtriben</Unicode>
                </TextEquiv>
            </TextLine>
            <TextLine id="r5l29" custom="readingOrder {index:28;}">
                <Coords points="1112,1649 1255,1675 1410,1637 1611,1665 1991,1643 1991,1617 1788,1597 1736,1623 1598,1605 1566,1630 1468,1629 1424,1596 1112,1609"/>
                <Baseline points="1118,1637 1161,1637 1204,1637 1248,1638 1291,1638 1334,1638 1378,1638 1421,1639 1464,1640 1508,1640 1551,1640 1594,1640 1638,1640 1681,1640 1724,1639 1768,1638 1811,1638 1854,1637 1898,1637 1941,1635 1985,1635"/>
                <TextEquiv>
                    <Unicode>vnd glych mit steinen zu denselben ge¬</Unicode>
                </TextEquiv>
            </TextLine>
            <TextLine id="r5l30" custom="readingOrder {index:29;}">
                <Coords points="1112,1697 1283,1731 1410,1702 1482,1730 1515,1704 1647,1728 1792,1701 1879,1735 2027,1705 2027,1656 1967,1641 1793,1685 1747,1650 1112,1672"/>
                <Baseline points="1118,1689 1163,1690 1208,1692 1253,1692 1298,1694 1344,1694 1389,1695 1434,1695 1479,1697 1524,1697 1570,1697 1615,1697 1660,1697 1705,1697 1750,1695 1796,1695 1841,1695 1886,1694 1931,1694 1976,1692 2022,1691"/>
                <TextEquiv>
                    <Unicode>worffen, dannenhar deselben schaff baldt</Unicode>
                </TextEquiv>
            </TextLine>
            <TextLine id="r5l31" custom="readingOrder {index:30;}">
                <Coords points="1121,1762 1209,1785 1371,1752 1437,1776 1748,1758 1847,1792 2027,1766 2028,1706 1851,1739 1801,1704 1725,1741 1121,1708"/>
                <Baseline points="1127,1742 1171,1743 1216,1745 1261,1746 1305,1748 1350,1749 1395,1749 1439,1751 1484,1752 1529,1752 1574,1754 1618,1754 1663,1754 1708,1755 1752,1755 1797,1755 1842,1755 1886,1755 1931,1755 1976,1755 2021,1755"/>
                <TextEquiv>
                    <Unicode>nider gfallen alle viere von sich gestreckt</Unicode>
                </TextEquiv>
            </TextLine>
            <TextLine id="r5l32" custom="readingOrder {index:31;}">
                <Coords points="1124,1812 1525,1849 1671,1815 1972,1842 2014,1830 2015,1790 1855,1800 1751,1761 1705,1793 1574,1765 1433,1789 1372,1751 1298,1793 1125,1765"/>
                <Baseline points="1130,1794 1176,1796 1222,1800 1268,1802 1315,1804 1361,1806 1407,1808 1453,1809 1500,1810 1546,1811 1592,1812 1638,1812 1685,1812 1731,1812 1777,1812 1823,1812 1870,1812 1916,1812 1962,1812 2009,1812"/>
                <TextEquiv>
                    <Unicode>und dan wider uffgestanden und das etliche</Unicode>
                </TextEquiv>
            </TextLine>
            <TextLine id="r5l33" custom="readingOrder {index:32;}">
                <Coords points="1124,1866 1238,1898 1429,1874 1491,1899 1686,1882 1834,1906 2006,1880 2007,1851 1736,1860 1673,1814 1558,1863 1490,1830 1425,1860 1292,1815 1251,1848 1125,1836"/>
                <Baseline points="1130,1850 1173,1853 1217,1857 1260,1861 1304,1863 1347,1866 1391,1868 1434,1870 1478,1872 1521,1872 1565,1874 1609,1874 1652,1875 1696,1875 1739,1875 1783,1875 1826,1875 1870,1875 1913,1875 1957,1874 2001,1874"/>
                <TextEquiv>
                    <Unicode>mol getriben. Sie nit weniger den</Unicode>
                </TextEquiv>
            </TextLine>
            <TextLine id="r5l34" custom="readingOrder {index:33;}">
                <Coords points="1126,1932 1175,1951 1277,1919 1461,1961 1667,1941 1719,1980 1804,1937 1983,1989 2040,1974 2042,1913 1958,1885 1853,1919 1732,1897 1625,1921 1549,1892 1127,1883"/>
                <Baseline points="1133,1905 1178,1909 1223,1913 1268,1916 1313,1919 1358,1920 1403,1923 1449,1926 1494,1928 1539,1929 1584,1931 1629,1932 1674,1934 1719,1934 1765,1935 1810,1935 1855,1937 1900,1937 1945,1937 1990,1937 2036,1937"/>
                <TextEquiv>
                    <Unicode>d Iren 4 schaff vff ein Zytt zngesprungen</Unicode>
                </TextEquiv>
            </TextLine>
            <TextLine id="r5l35" custom="readingOrder {index:34;}">
                <Coords points="1125,1972 1197,2023 1250,1985 1401,2028 1505,2004 2028,2021 2030,1989 1913,1992 1812,1939 1711,1990 1666,1951 1588,1988 1421,1940 1383,1968 1287,1928 1176,1955 1126,1937"/>
                <Baseline points="1131,1956 1175,1964 1220,1971 1264,1976 1309,1981 1354,1985 1398,1989 1443,1991 1488,1994 1532,1995 1577,1997 1622,1997 1666,1998 1711,1998 1756,1998 1800,1998 1845,2000 1890,2000 1934,2000 1979,2001 2024,2001"/>
                <TextEquiv>
                    <Unicode>die sy wider ußtriben und mit kleinen</Unicode>
                </TextEquiv>
            </TextLine>
            <TextLine id="r5l36" custom="readingOrder {index:35;}">
                <Coords points="1134,2032 1538,2063 1614,2095 1745,2070 1860,2110 1936,2067 2031,2096 2033,2027 1987,2020 1848,2043 1801,2007 1752,2042 1603,2050 1483,2009 1441,2034 1196,2021 1136,1981"/>
                <Baseline points="1140,2021 1184,2027 1228,2032 1273,2037 1317,2041 1361,2044 1406,2048 1450,2051 1494,2053 1539,2055 1583,2057 1627,2058 1672,2059 1716,2060 1760,2060 1805,2060 1849,2060 1893,2058 1938,2057 1982,2057 2027,2054"/>
                <TextEquiv>
                    <Unicode>teinen nach denselben geworffen, das sy</Unicode>
                </TextEquiv>
            </TextLine>
            <TextLine id="r5l37" custom="readingOrder {index:36;}">
                <Coords points="1124,2089 1394,2123 1441,2156 1493,2126 1545,2155 1757,2126 1930,2157 2031,2138 2032,2115 1787,2086 1693,2111 1530,2064 1355,2093 1126,2037"/>
                <Baseline points="1130,2073 1174,2082 1219,2090 1264,2096 1309,2101 1353,2106 1398,2109 1443,2113 1488,2116 1532,2117 1577,2119 1622,2120 1667,2121 1711,2121 1756,2121 1801,2123 1846,2123 1890,2123 1935,2124 1980,2124 2025,2126"/>
                <TextEquiv>
                    <Unicode>aber dieselben versert oder inen derglychen</Unicode>
                </TextEquiv>
            </TextLine>
            <TextLine id="r5l38" custom="readingOrder {index:37;}">
                <Coords points="1124,2155 1415,2200 2018,2190 2017,2154 1731,2176 1625,2133 1567,2165 1431,2161 1361,2130 1277,2146 1215,2107 1126,2117"/>
                <Baseline points="1130,2138 1174,2144 1218,2151 1262,2157 1306,2161 1350,2166 1394,2169 1438,2174 1482,2176 1526,2178 1571,2181 1615,2182 1659,2183 1703,2184 1747,2184 1791,2184 1835,2184 1879,2184 1923,2184 1967,2183 2012,2181"/>
                <TextEquiv>
                    <Unicode>angethan habe, werde sich meiner mehr</Unicode>
                </TextEquiv>
            </TextLine>
            <TextLine id="r5l39" custom="readingOrder {index:38;}">
                <Coords points="1129,2238 1166,2256 1258,2223 1296,2255 1344,2232 1600,2275 1708,2250 1823,2300 1942,2252 2042,2264 2044,2213 1978,2197 1889,2230 1736,2197 1660,2234 1580,2181 1452,2223 1384,2179 1264,2208 1192,2153 1132,2171"/>
                <Baseline points="1137,2196 1182,2205 1227,2214 1272,2221 1317,2226 1362,2231 1407,2235 1452,2238 1497,2240 1542,2243 1587,2243 1632,2244 1677,2244 1722,2245 1767,2246 1812,2246 1857,2246 1902,2246 1947,2247 1992,2247 2037,2249"/>
                <TextEquiv>
                    <Unicode>erfinden, sye der anelegt hiemit auch gantz</Unicode>
                </TextEquiv>
            </TextLine>
            <TextLine id="r5l40" custom="readingOrder {index:39;}">
                <Coords points="1133,2273 1154,2272 1183,2302 1226,2283 1303,2299 1345,2328 1443,2328 1473,2313 1528,2345 1565,2341 1570,2293 1517,2292 1456,2255 1291,2257 1259,2225 1222,2249 1193,2242 1167,2256 1137,2238"/>
                <Baseline points="1140,2258 1166,2263 1192,2268 1219,2273 1245,2278 1272,2282 1298,2285 1325,2289 1351,2293 1377,2296 1404,2299 1430,2300 1457,2302 1483,2304 1510,2305 1536,2306 1563,2306"/>
                <TextEquiv>
                    <Unicode>lichen nit gestending</Unicode>
                </TextEquiv>
            </TextLine>
            <TextLine id="r5l41" custom="readingOrder {index:40;}">
                <Coords points="1111,2338 1278,2386 1458,2408 1517,2388 1594,2424 1645,2393 1703,2416 1765,2389 1951,2399 1954,2357 1835,2372 1684,2337 1636,2363 1393,2323 1253,2333 1115,2268"/>
                <Baseline points="1118,2322 1159,2332 1200,2341 1242,2349 1283,2355 1325,2361 1366,2365 1407,2370 1449,2373 1490,2375 1532,2376 1573,2378 1614,2379 1656,2380 1697,2381 1739,2381 1780,2381 1821,2381 1863,2382 1904,2382 1946,2384"/>
                <TextEquiv>
                    <Unicode>Antreffent, das sy uff ein zyth einen</Unicode>
                </TextEquiv>
            </TextLine>
            <TextLine id="r5l42" custom="readingOrder {index:41;}">
                <Coords points="1134,2408 1431,2434 1479,2463 1628,2449 1713,2486 1827,2447 1906,2486 1955,2448 2057,2441 2059,2414 1866,2392 1817,2422 1763,2390 1595,2425 1385,2409 1355,2379 1272,2395 1232,2360 1137,2352"/>
                <Baseline points="1142,2379 1187,2389 1233,2398 1278,2407 1324,2413 1369,2419 1415,2424 1460,2429 1506,2432 1551,2435 1597,2437 1642,2439 1688,2441 1733,2441 1779,2441 1824,2440 1870,2439 1915,2438 1961,2436 2006,2433 2052,2432"/>
                <TextEquiv>
                    <Unicode>gwüßen schumacher knaben, so mit synem</Unicode>
                </TextEquiv>
            </TextLine>
            <TextLine id="r5l43" custom="readingOrder {index:42;}">
                <Coords points="1133,2449 1649,2529 1748,2496 1920,2533 2039,2523 2027,2439 1906,2486 1768,2460 1626,2483 1585,2450 1488,2472 1136,2407"/>
                <Baseline points="1140,2429 1184,2440 1229,2450 1274,2459 1318,2465 1363,2472 1408,2477 1452,2482 1497,2486 1542,2490 1587,2492 1631,2493 1676,2495 1721,2496 1765,2496 1810,2498 1855,2498 1899,2498 1944,2498 1989,2498 2034,2499"/>
                <TextEquiv>
                    <Unicode>N uff der sthör zu einem gwüßen huß gsen</Unicode>
                </TextEquiv>
            </TextLine>
            <TextLine id="r5l44" custom="readingOrder {index:43;}">
                <Coords points="1121,2530 1164,2506 1575,2582 1636,2556 1915,2584 1971,2556 2040,2584 2043,2539 1950,2513 1833,2542 1527,2501 1390,2523 1127,2450"/>
                <Baseline points="1130,2484 1175,2496 1220,2507 1265,2517 1311,2524 1356,2531 1401,2536 1447,2540 1492,2544 1537,2547 1583,2549 1628,2551 1673,2552 1718,2553 1764,2555 1809,2556 1854,2556 1900,2558 1945,2561 1990,2562 2036,2565"/>
                <TextEquiv>
                    <Unicode>denselben mit der handt angeriert der</Unicode>
                </TextEquiv>
            </TextLine>
            <TextLine id="r5l45" custom="readingOrder {index:44;}">
                <Coords points="1139,2568 1169,2559 1223,2611 1352,2594 1454,2637 1762,2624 1805,2651 1907,2630 1998,2649 2003,2590 1694,2604 1648,2562 1562,2600 1468,2562 1402,2588 1252,2525 1170,2539 1143,2517"/>
                <Baseline points="1146,2544 1188,2556 1230,2567 1273,2576 1315,2583 1358,2590 1400,2596 1442,2601 1485,2606 1527,2609 1570,2612 1612,2614 1654,2616 1697,2618 1739,2619 1782,2620 1824,2621 1866,2622 1909,2624 1951,2624 1994,2625"/>
                <TextEquiv>
                    <Unicode>den sglych daruff franck worden, hernach</Unicode>
                </TextEquiv>
            </TextLine>
            <TextLine id="r5l46" custom="readingOrder {index:45;}">
                <Coords points="1140,2617 1443,2692 1720,2682 1768,2718 1996,2699 1986,2645 1931,2675 1786,2676 1728,2651 1426,2645 1352,2594 1278,2622 1145,2568"/>
                <Baseline points="1148,2601 1190,2614 1232,2624 1274,2633 1316,2642 1358,2649 1400,2655 1443,2661 1485,2666 1527,2670 1569,2673 1611,2675 1653,2678 1695,2681 1738,2682 1780,2684 1822,2684 1864,2686 1906,2688 1948,2690 1991,2691"/>
                <TextEquiv>
                    <Unicode>hnweg kommen, das man sidhar mit</Unicode>
                </TextEquiv>
            </TextLine>
            <TextLine id="r5l47" custom="readingOrder {index:46;}">
                <Coords points="1143,2682 1415,2747 1481,2731 1528,2766 1815,2749 1871,2796 2008,2751 2049,2769 2054,2712 1996,2696 1966,2717 1850,2694 1796,2733 1644,2681 1502,2715 1147,2641"/>
                <Baseline points="1152,2657 1196,2670 1241,2682 1285,2693 1330,2701 1375,2710 1419,2716 1464,2722 1509,2727 1553,2733 1598,2735 1643,2739 1687,2742 1732,2744 1777,2745 1821,2747 1866,2747 1911,2748 1955,2750 2000,2750 2045,2751"/>
                <TextEquiv>
                    <Unicode>egggers von ime gehört habe. zeügt</Unicode>
                </TextEquiv>
            </TextLine>
            <TextLine id="r5l48" custom="readingOrder {index:47;}">
                <Coords points="1143,2728 1293,2787 1353,2770 1649,2843 1715,2817 2055,2844 2062,2776 2023,2755 1925,2803 1726,2764 1569,2785 1498,2740 1360,2747 1322,2715 1243,2729 1147,2696"/>
                <Baseline points="1151,2709 1196,2725 1241,2739 1286,2751 1331,2762 1376,2771 1421,2779 1466,2787 1511,2792 1556,2797 1601,2801 1646,2804 1691,2807 1736,2810 1781,2811 1826,2813 1871,2814 1916,2814 1961,2816 2006,2816 2052,2817"/>
                <TextEquiv>
                    <Unicode>in möchte wol syn, das sy denselben klole</Unicode>
                </TextEquiv>
            </TextLine>
            <TextLine id="r5l49" custom="readingOrder {index:48;}">
                <Coords points="1148,2788 1468,2894 1553,2880 1599,2915 1655,2880 1735,2883 1834,2939 1905,2921 1914,2855 1889,2847 1842,2863 1804,2827 1755,2853 1718,2819 1651,2844 1579,2813 1543,2832 1475,2794 1397,2807 1343,2770 1244,2787 1155,2741"/>
                <Baseline points="1157,2771 1194,2784 1231,2797 1269,2809 1306,2819 1343,2828 1381,2836 1418,2843 1455,2849 1493,2855 1530,2859 1567,2863 1605,2867 1642,2871 1679,2873 1717,2875 1754,2878 1791,2879 1829,2880 1866,2882 1904,2885"/>
                <TextEquiv>
                    <Unicode>angerüert habe, das sy anber demsell</Unicode>
                </TextEquiv>
            </TextLine>
            <TextEquiv>
                <Unicode>160
sen, das die genige psan sy mit keine
un syen also die worten von seiner anderen
ersth gredt, den d sy also domalen ge¬
gtämbt und im angsacht schwartz ge
nicht habe
Item alß sy befragt worden, ob sy nit uff
wie sych ein gwüße prson krut iun einem
brunnen iren schwynen gewäschen, welches
sy gfangne irfn wehren und nit zu laßen
wollen, sonder wüest mit jra gemacht und
als hernach dieselbige ehson heimkommen
und greüschfeynen, das geweschte fret
6
eben wellen, syn eine todt fundt
zeigt sy darüber an, wie nit wenigen
den das vilmalen ein ire nachpur frut
zn Irem der gefangnen brunnen gewäschen
und ira denselben verwüestet, das sy den
endtlichen ira abgewert und darnoch
abgemandt, wegen sy ira den brunnen
dardurch verwüeset und dannenhar Iro
denselben zesuberen vil arbeits gemacht
das ober derselbig ein schwyn abgangen
vermöge sn desen nit, dan sy desen gentzlich
nit schuldig sye
Die schoff belanget, so ira in ires matstürk
zugesprungen, welche sy wider ußtriben
vnd glych mit steinen zu denselben ge¬
worffen, dannenhar deselben schaff baldt
nider gfallen alle viere von sich gestreckt
und dan wider uffgestanden und das etliche
mol getriben. Sie nit weniger den
d Iren 4 schaff vff ein Zytt zngesprungen
die sy wider ußtriben und mit kleinen
teinen nach denselben geworffen, das sy
aber dieselben versert oder inen derglychen
angethan habe, werde sich meiner mehr
erfinden, sye der anelegt hiemit auch gantz
lichen nit gestending
Antreffent, das sy uff ein zyth einen
gwüßen schumacher knaben, so mit synem
N uff der sthör zu einem gwüßen huß gsen
denselben mit der handt angeriert der
den sglych daruff franck worden, hernach
hnweg kommen, das man sidhar mit
egggers von ime gehört habe. zeügt
in möchte wol syn, das sy denselben klole
angerüert habe, das sy anber demsell</Unicode>
            </TextEquiv>
        </TextRegion>
    </Page>
</PcGts>
