4000 3000
124 1118 194 1211 gd
207 109 1070 298 lichel niahmen
460 217 913 320 ein Schuchmacher
914 257 973 330 1
199 293 1070 485 V Donstag denn 15. Nouemb. dis
220 395 1058 520 1 6eg. Jars. Inn bysyr vnnd Anhören, da
215 444 1081 579 Ehrenuesten, brommen, furnemen fürsicht
214 488 1084 620 vysenn Herren Niclaus Kilchbergers der
230 537 1065 667 fleynenn raths Nielaus zur kindere
185 587 1083 733 Ratscheybers, der Burgeren, Niclaus Grchen
184 644 1084 775 Großweybels, ouch etlicher weyblen min
187 682 954 792 Gß herren vnnd Oberen dieneren
162 745 1076 896 hat gegennwurtiger Mihel Steigmein
208 819 1031 916 Imes hanndtwercks ein Schuchmachet
223 854 1074 982 Inn der vogtey Knonouw Zürich gepiete
215 894 1021 1007 burtig, nachuolgennde diebstäl vnn
217 955 1062 1066 mißhanndlungen zu Marzili bekennt
205 1012 1058 1107 vnnd verzächen, ouch mit der marter er¬
173 1051 815 1139 haldtenn vnnd bestättiget
194 1113 1083 1267 Lamblichen. Wie das er Im Maio ets
191 1190 1046 1297 uerschinnen sich Anfachen mit die bstälen
206 1242 1075 1332 vergryffen. Vnnd habe erstlich dru vnd
212 1289 1082 1387 schicliche mal herren Niclaus Kilchberger
212 1340 1066 1437 obgemelt. sines herren Caaminatoren
209 1394 1065 1479 Keller, mit sonnderbaren Schlüßlen, vn
207 1441 1060 1528 instrumenten, die er inn Jeromini kar
206 1492 1077 1556 elhofers des Schloßers, so glych näben sines
201 1544 1053 1626 Meisters hus wonnhafft, Wanckstatt
203 1602 1051 1660 da er ouch etliche dietrich, doch Imne
201 1628 1065 1696 dem mr unnwüßent genommen unnd zu
199 1680 1037 1760 gericht geöfnet, unnd darus bungfat
197 1733 618 1807 42. d enntwent,
193 1783 1037 1877 uß h Hauptman von Gryers käller
194 1844 448 1917 by 4 lb
170 1895 1049 2001 Ust hr Marq Uart zächennders keller.
180 1964 1026 2056 vnnder zweyen malen. 52 h. vnnd
168 2023 1047 2096 Wiewol er hernach disen Keller, vnnder
187 2055 1065 2154 schidliche mal zuöfnenn vnderstanden, hat
180 2100 1066 2203 er doch wägenn vereunderung des schloß
200 2178 429 2250 nit mögen
168 2197 1065 2314 Inn s. sigenundts von Wattenwyl klle
197 2271 1061 2358 sie er zwey mal brochen. Aber keingel¬
193 2347 375 2431 funden.
168 2354 1054 2501 Inn Ulrich Wolffenn des schrybers keltet
160 2422 1056 2563 habe er brächenn wollen. Aber wegen zu
169 2512 818 2595 tachen schloßes nit mögen
134 2558 169 2592 1
143 2548 1063 2674 deßglychen ware er inn sr Josts von Son
116 2595 1053 2721 staten kellerbrochenn, wann die glaßen
121 2644 1041 2776 eri, so im vorkeller daselbsten ligg
176 2741 674 2830 nit verzagt häte.
2085 29 2161 91 92
1207 74 2154 242 Ien h Nielaus von Graffenriedts käller
1224 130 2132 270 sie er brochenn, hab aber, wyl er kein gellt
1215 214 1679 334 funden, nichts gnommen
1216 252 2157 394 ust des würts zur Cronenn Käller, habe er ein
1201 309 2131 434 subennfläschen voll wyn, dann er den schulh
1202 362 2169 485 macherknechten, alls sy jr liechtbratenmal
1128 360 1178 459 C
1204 406 1985 532 gehaldtenn, vereehrt. veruntruiret
1140 474 2109 600 Is Wilhelm Persets Keller, habe er 2 l
1786 543 2097 604 Vnnd wie wol
1207 551 1621 653 14 bathenz gestolen
1216 584 2153 696 er disen keller jüngster tagen widerumb
1201 643 2125 740 geöfnet, hab er doch denn vorhabenden dieb¬
1187 687 2159 802 stal, wyl er vomn h kun verzagt worden.
1196 751 1672 832 nit vollbringen mögen,
1197 826 2070 934 deßglychenn habe er gestolen, vß Ludwig
1178 890 1585 989 Zachennders Kellen
1797 898 2072 970 14. batzen.
1193 963 2148 1069 uß mr Daniel Schmidts käller 1 l zwey
1197 1023 1527 1114 rotgfärbte fäl
1202 1077 2080 1190 Ist h vennervogts seligen verlaßner
1197 1149 1680 1226 frouw Wittib. Keller.
1820 1169 1994 1244 5 lbr.
1184 1213 2073 1326 Inn h samuelvogts seligen kellen, sie er
1189 1269 1981 1369 deumal brochenn. Aber nichts funden
1189 1325 2050 1429 Uß Hüstlers des Pfisters keller an der
1193 1386 2087 1476 Spitalgaßenn, habe er an einem Abent
1183 1431 1676 1511 zo battenn, enntragen.
1184 1483 2123 1610 deßglychenn uß Hanns Wyßen des ysen
1173 1548 1512 1616 Framers keller
1735 1571 1890 1641 2l.
1163 1600 2123 1720 So sie er vnnder dreyen malen, Inn menes g
1180 1660 2101 1765 hrr schultheißen Mannels Keller unnder
1202 1704 2151 1832 der hofstatt brochenn, hab Aber nichts kein
1188 1758 2132 1875 fällt fundenn, derhalben auch nichts ge¬
1183 1810 1359 1878 nommen
1176 1848 2123 1983 Vyter hab er Inn der Gsellschaft Keller. zum
1183 1913 2146 2045 Schmiden brächen wellen, Aber wegen zwe¬
1172 1967 1773 2075 sachenn schloßes nit mögen
1192 2012 2135 2177 Uß Husichel Bugspurgers käller under
1171 2138 1276 2201 fäßen
1165 2105 2054 2235 halb der Zyitglorgenn, habees zwen
1516 2181 2117 2298 Deßglychenn us schryber
1181 2186 2144 2357 Jasenn Keller, ein käß, gestolen. Iwen habe
1178 2239 2077 2397 er hr benndicht Frutings dienstmagt
1167 2272 2105 2438 Zubehaldtenn gaben, dann driten Aber
1166 2330 2060 2503 In h mihal zeundens aelt vogt zu
1146 2388 2149 2588 Buchste Kastenn vor dem hus verbange
1145 2423 2022 2635 sinem mr haber vorzweyen jaren
1165 2509 1626 2643 aten entzueben
1160 2562 2061 2760 Fleüti dem schuchmacher, hab er ein
1162 2621 2103 2823 kalb unnd ein futerfäl ouch ein leyb
1182 2671 1561 2820 bntentwent,
