4000 3000
198 83 1077 304 Anruffen, hab er in mechtig mithande
272 166 1049 330 vndd fauw geschlagen, zugefgucger
206 187 1048 372 Der boße Geisf sye sidther meinalen ly¬
273 262 1056 440 gfen Will oegsert gestendig syn, das er
277 340 1070 501 sthann Imn ergaben, vnnd von Gott abge¬
266 386 519 468 fallen sye.
219 488 1048 677 Was daniethin beträffen, das er bekendt,
289 572 1038 723 habe ein köstlich grim bekleidter Man
230 630 1053 781 Zum anderen mal mit syner Multer ge¬
262 696 1045 851 aßen vnnd truncken, die auch beschlaffen etc.
251 741 1053 897 Das alles habe er nit gesuhet, sonderen von
252 834 1035 953 synem Schwosterlin, Magrelin genambt
268 896 1047 1009 so by 2 Jagen albit, gehordt, vnd derhalben
258 945 1043 1088 syner Mutter vnrecht than, sye aber gli¬
248 1027 1052 1145 wie auch des h. brottshalb, vß vnableßigen
256 1103 1049 1209 anhaltten vnnd betrouen, deren zu Buren
261 1163 1019 1277 wyl sy imme fürgäben. Die mutter hab
266 1218 1049 1333 solches alles schon selb bekendt, vermögenes
241 1292 1024 1395 Imme furgezeigtese brieffs vnnd das er
215 1349 1043 1466 Fhalß er das ouch nit bekhennen stang ge-
250 1412 1061 1531 marteret werden muße, beschsiehen, dasie
230 1486 1051 1581 aber versehinen Zinstags, vmb ettwas die
221 1541 1045 1634 warheit verhaltten, Bätteer vmb ver
235 1619 1025 1708 zychung die ursach, das er imme selbs
223 1670 1047 1777 gebildet, er werde angentz sterben mußen,
10 1783 1038 1925 . Diß zeichen ist zu anfang diser vergicht gefinden
200 1871 1035 1991 Alles das so er hienor, so woll synen, alls syne
229 1956 1032 2058 mutter der Hapesy halb und sonstin be
222 2004 1044 2108 kendt, abermalen widrufft, nict vermeldt
222 2072 1035 2190 er hab inenleiden, groblich unrecht thanen
192 2127 1012 2245 dan beineinger pnueten syner vergicht.
195 2222 414 2315 wahr sye
123 2329 1068 2475 Daßo nuneff frchs myne heren die te
190 2417 1033 2524 natoren, Inte furgehalten, er habe schon I
180 2437 1044 2593 Beren. In sonderheit aber letstlich fehre,
192 2490 1052 2659 vorgehnde vermahung, ime selb nit vere
159 2571 1042 2730 Zethun, furwarhafft bkendt, das er fur
186 2602 1044 2775 erst, das ime ihn nachtmal deß h vberich
194 2716 945 2849 silige grott, hinderschlachen wollen,
2013 54 2105 142 109
1191 114 2006 316 Item das der imme bewüßte, grun bekleidte
1194 192 2048 351 mon imme anvilen ufderbeidenlichenorthen,
1190 251 2083 419 dd an wyere zu Neinigsks nr bem landtstul
1187 308 2049 443 nach by Bönpingen Inn der holen gaßen, da
1188 375 2047 510 er zu ihmme dinget, ouch vilmalen vor syner
1176 428 2001 567 mutter guß, dadannen er inn anunder
1177 496 2016 640 schidenlichfortt gefurt, Samen sagen, vnd
1169 578 2038 687 mit imme überrichter salben, Vych, danonu
1176 635 1993 735 dasselb verdorben, anstrychen heißen, vnnd
1171 693 2012 801 etstlich uff dem Hharacherensthald, da er
1182 764 2015 877 Inne wyl er von Gott dem Herren, nit
1165 833 2015 924 abfallen wollen vbel mißhandlet, vnd ge¬
1174 903 2059 994 schlagen, begegnet, Alles mit solchen vmbstenden
1154 954 2010 1067 das man dise syn bekhandtnuß nit wol In
1147 1033 1957 1141 Zwyffel, oder das er die sonsten ersinnet,
1160 1093 2025 1195 zuegen, sondern fürwashafft haftten unnd
1151 1167 2009 1257 daruß muttmaßen vnd schließen möge, ir
1157 1217 2005 1328 gefangne, wer sich dem bosen Geist, allen¬
1163 1290 2014 1391 Pligergaben haben, Derhalben Ist er
1160 1358 1991 1434 abermalen, alts ernsts vermandt worden
1161 1412 2050 1524 yngertz Zerumen, vnnd die warheit zu bekenen,
1153 1490 1993 1587 Inansechen sich ettlich der erzelten punchen
1144 1545 1996 1642 alls des abgangnen roses halb vnd das die
1146 1594 2006 1726 maßen, so imme der bötze geist wie obgemelt
1139 1668 2036 1790 gschagen, an Ime erfunden worden, sye auch
1140 1721 1987 1844 von dezwegen in solchen widerutt khommen
1144 1770 1984 1943 daser sich zu boden gelegt, vnnd den Kopff
1156 1862 1743 1984 an die wannd gestüetztec.
1129 1995 1970 2147 dierüber gibt er zu bscheid, er habe sicht diser
1139 2061 1979 2221 bekandtnuß disen sachen mit ffyßnachge¬
1133 2118 1974 2283 sint vnnß befunden, das syn mutter am
1130 2195 1998 2345 heiligen Wienacht abent, Ismet, wie er anfangs
1112 2251 1970 2400 zu Büren, deßen man sich aber nit vermugen
1123 2302 1942 2487 wellen, ouch gekendt, inn gsyn Bendicht
1128 2339 1999 2547 bemans des schnyders, der werde hierumb zu
1132 2408 2062 2626 Sigenmußen, wyl syne Nuwen hoßen gemacht
1127 2467 2007 2667 syen, besolche sich zu deß zu tisch zuerfegen
1110 2512 2015 2730 vnnd in empffchung des heiligen Abendtmals,
1128 2578 2005 2809 anderletzen glgeg Zethen, Vnnd wyl das zum
1112 2662 1989 2860 esenmal gsin, auch syn multer imme nit
