4000 3000
201 51 1037 249 Das man inne dem nachrichteren
191 143 1025 284 welchenn, der iem mit zuruck geben
212 182 1014 322 hännden, Obenns uffgwonnliches
205 231 1002 356 stadt furenn, daselbsten mit der
210 284 1009 417 strangen, vom läibenn zum thodt
193 329 1006 462 keyserlichem rechte Richten, vnd
199 377 750 469 lufft beuelchenn solle
209 478 1035 649 Disere Urtheyl ist uff sambstag
191 569 1053 727 Martii an Aunne Schar erstatt
207 639 444 710 wordenn
297 774 1012 938 liche riuser
80 884 1038 1062 Obevol nin gnädig s unnd oberent
192 978 1017 1094 hres lanndtvogts zu Brachfelweld
213 1035 1056 1176 ernsthafft clag schrybenn Michel Plas¬
211 1087 1052 1221 en vhälld dem grichte trub wonnhic
197 1147 1042 1262 einmal Inndas gmein Schallenvers
200 1204 1035 1304 erkhenndt hat jedoch ir g uff berue
173 1261 1033 1377 Blasers vnnd einer frundtenn erclagen
170 1329 1039 1423 das imme iun obanzognem schryben und
204 1389 1040 1493 etwas uberschächen sie ihnne iungfangen
201 1435 1042 1544 schafft führen, unnd uff donstag den
168 1496 1036 1593 Martn diß 1618 Jahrs, durch die from¬
200 1545 1033 1654 fürsichtigen ehrsamen wyßen her
158 1603 1034 1703 Tammel Zenmer deß kleynen Rhatsuu
179 1656 1041 1768 Burckharte Fischer Großweybel gebürenn
176 1712 1039 1821 maßen exammieren laßen, vnnd ward
171 1762 1046 1878 Imme erstlich furgehalten, wie das einig
180 1825 1035 1948 mit höchstem mis fallen syn Glasers ung
166 1881 1022 1996 horsame neben anderen betrugligkheyt
191 1948 1027 2059 nachgemelte vernommen zunsonderheydten
175 1987 1030 2117 das er den jenigen so zun gfencklich
164 2055 1023 2166 Trechselwalld führen sollen, Bergliste
163 2102 1023 2234 wys endtemmen dardurch er sy nitae
146 2170 1034 2289 inn gfar irer sheren unnd sonsten
163 2228 1012 2349 gestellt mit vermanen die vrsachs
155 2287 1029 2401 Inne dahin bewegk anzuzeygenn vn
156 2353 1030 2443 ob vilicht der weybel unnd schaffer
152 2390 1039 2523 zu Brub, iena deß unnderwisen, de
1993 6 2068 63 43
1112 49 2084 279 grt darüber zu bschend das er sich minen gdih
1114 128 2003 314 em mandaten oder lanndtvögten im
1117 148 2078 378 Schen so ein soche Oberkeydt betroffen,
1131 244 1991 436 gemelen zuwider gesetzt, unnd den
1130 251 2110 500 zugehorsamen sich beschwardt, deß wüst
1139 334 2081 533 ersich ten keinen wag zuersinen Hoff
1122 411 2053 577 das werde auch warhafft uff iun nit
1130 461 2122 640 kumen erwisen werden Allein obgemelten
1120 505 2104 704 Imme fürgehaltnen puncten ußgeschloßenn,
1127 571 2060 766 dß sie er bekhandtlich solcher maßen, alls
1139 631 2096 798 die vierer Inn bysyn des Schaffners vnnd
1144 699 2104 881 weybels zu Teub zume gfenngklich an¬
1123 763 2065 943 genomen, vnnd zu binden vnderstanden
1118 818 2065 987 hab er deß furgenommen bindens ee¬
1126 881 2076 1038 weggeret, vnnd Patenn Zunedeß zu
1130 954 2041 1087 überheben, mit erpieten sonsten willig
1124 1036 2056 1160 mit zuen zegan, der daruffberurter
1121 1076 2148 1204 Schaffner, vnnd weybel, auch das beftreeden
1121 1147 2049 1268 holffen, volgents auch das er nit wichen
1134 1199 2054 1333 ein glupte vonn Imme genommen, wie sy
1949 1255 1992 1300 4
1139 1262 2103 1369 nun gan langneuw kommen unnd daselbst
1132 1325 2095 1439 ein trunck gethann, hab er zwar sich daruo
1127 1383 2094 1502 gemacht, Inen den viereren Aber angentz
1122 1454 2086 1565 durch den weybel solches kundt gethan
1119 1520 2055 1615 Insonderheyt das er ganßern welle
1124 1573 2065 1672 Wie er dan gethan vnnd sich mit einer
1134 1633 2084 1726 Iuflecation Im Rhadthus erzeigt, er
1126 1683 2092 1794 sied aber erhder rath uffgsingfengklich
1124 1738 2061 1836 anauon vnnd Inn der Schallenluten
1124 1791 2011 1898 herbera Vnuerhordt gethan worden,
1119 1837 2109 1951 Die Vrsach aber dzs er nit mit den viereren
1128 1921 2033 2024 gann Brachselwald wellen sie das er
1118 1957 2040 2081 des h lanndtvogts gegen iunne
1124 2020 1992 2149 tragenden ungunst vor langen
1108 2085 2047 2200 geürt, vnnd by Ime selb betrachtet
1115 2157 2103 2262 er werde durch scharpfe Schriben zue
1111 2211 2091 2332 Inn ungnad mner g. S. gebracht, vnnd
1084 2237 2097 2382 Ir g. dardurch bewegt habenn Iue ein
1121 2317 2038 2451 straff so nit nun Im sondern auch dem
1116 2385 2098 2520 sinen zu schmach, vnnd nachteyll gereichen
1114 2452 2032 2593 machte vfzelegen, darumb er solchern
1112 2492 1996 2663 fürkomen, vnnd sich wie Jetz beschech¬
1097 2550 2107 2710 darumb er ghottz unnd siner g oberkeydt
1108 2612 2045 2793 dancken, vsprechen wellen, vnnd habe
1120 2661 2104 2835 weder der Sschaffner, weybel noch ander
1104 2719 2097 2892 Indeßen vnderwisen noch vndereichtet,
