4000 3000
239 16 1074 224 habe man im doch nit losen wellen
250 97 1065 260 sonndern Inne Angentz angeiffen, vn
250 143 1037 294 zu Bodenn gworffen, eundtliche
223 183 1049 352 Bunden, vnnd gan Lanndtshuet gfür
246 239 1052 391 vollichem gfächt. Wyl man sines
244 300 1108 458 emms Zeume, Inn Unsachen ermeng seh
257 340 1062 495 o Ab Imme zeclagenn, das recht den
256 389 1083 541 nnd dargeschlagenn, übertag möcht
242 443 1088 598 villicht Zornigerwys übel gschworen
149 494 1065 630 Auch manns unnd wybspersonen, in
235 536 1070 669 Sehren geschmächt haben, habe Aber
249 597 1060 729 seidem Verstannd niemand anders¬
223 637 1079 771 meint. Dann die so hannd bn Inne
243 701 1088 825 gelegt. uch darzu rath unnd hilt
226 740 572 816 than habennt,
239 797 1089 915 gesteundig das er nit nun zu Landtshus
248 844 1097 966 sonndern ouch allhie znn gfangenschafft
217 892 1094 1018 Vbel gschworenn, vnnd gredt, er wollte
227 948 1072 1064 der sonnder znm Churn, da er glägen
251 997 1105 1123 hust. Ouch vnndere Vnmithewoh
212 1040 1091 1153 vnnd reden mer brucht haben möchte,
196 1097 1106 1214 Alles Aber sie znn Zorn, Auch blöden houpt
217 1137 1085 1246 und Sinnen halb, wie vorgemelt, be¬
115 1198 1075 1290 geschachenn, Allso das solches Imnne
222 1245 1075 1338 eygennlich nit zuwüßenn. Allein er
183 1298 1102 1399 bindere er sich, das er vnnder anderen
225 1344 1075 1439 gret. er welle nit alles bekennen
206 1396 1080 1485 Was er getan, Wann man Ime geych
164 1447 1082 1537 wol funffLenntner chwar gwicht an¬
462 1499 1088 1592 as sie Aber Inn dem Ver¬
214 1509 459 1577 hännckh,
221 1550 1074 1638 stannd beschächenn. Das kein man son
187 1592 1074 1679 derliche heimlichkeytenn ines Eybs¬
231 1655 1063 1720 noch was er Alles mit mein Tege
179 1703 1062 1778 machel zeschaffenn, Offenbaren noch
186 1764 622 1854 Annzeygen solle,
194 1846 1093 1941 das er zu Päterkinden, mit einem gloßen
164 1910 1063 2001 knätel nachts umbgangenn, sie nit.
197 1982 1056 2058 Wol hab er sich einmal vff der gaßen
200 1995 1088 2108 findenn laßenn Alls aber der wächte
206 2047 1087 2161 zume begegnet, sie er mit Imme vnthitz
196 2104 1079 2210 des Ammans zusgspatziert, vnnd geg
193 2153 1063 2264 tag an syn uuwgangen, das sie aber
206 2205 928 2327 nitböser meynung beschechenn
39 2249 1069 2414 at hiemit ouch glych wie zuuor zug k
82 2321 1062 2476 onenn wäg Annreer syn wollen, das
1009 2358 1080 2434 suli
129 2382 1020 2508 wagenn mer gfanngenschafft, noch
1039 2459 1076 2505 ab
148 2412 1060 2553 Annderer Iunne bewißnen widerdes
163 2485 1028 2608 ligkeytenn halb. Jemannd ainiherg
172 2554 805 2664 geschädigenn tröuirt habe
114 2572 1074 2761 Vber die Letst an Inn getene frag
177 2644 1056 2786 nit vorwenig tagenn zun hus da de
2082 24 2130 83 18
1216 43 2049 217 schallenlit zu Berberg sind zu siner
1271 96 2147 253 Panenn gredt, er förchte weder Gott, noch
1213 143 2093 302 die oberkeydt, hat er geanntwortet
1223 183 2169 343 vie nit wenigen, dann das er dise wert
1220 237 2113 402 zu bemelten sinen gspanen, antworts.
1218 289 2161 442 vgs alls die znn beleydigt gspzochenn,
1219 352 2115 494 syn verstannd aber sie, wyl er gottes
1204 379 2144 537 Vnnd, vnnd niemans anders so Imme
2071 405 2163 493 lß.
1223 436 1947 591 syn sünd verzychen könn, wüß.
1213 476 2172 650 glychenn die Oberkeydt belangend, Wyl
2014 525 2087 621 s
1197 545 2008 685 ler kein dieb noch Anndere Vntaten
1218 592 2141 711 sines erachtenns das Malefitz beruren
1218 644 2127 771 begnungenn. Dörffe er sy nütziz ze
1730 700 2150 773 Vyln Aberer vs
1197 746 1436 833 fyechtenn.
1202 749 2076 881 Ihiner h Examinatoren Anzeygen
1211 797 2170 916 verstunnden, das er deßhalb gfallt, häte
1203 860 2155 974 er so wil, Alls vmb voranzogne Vntate
1210 918 2148 1029 unnd schwür umb verzyhung unnd das
1216 971 2129 1064 man Imme, Inn Ansechen sines blöden, vnnd
1217 1018 2065 1114 schwuchenn haupts. gnädig syn wolle.
1180 1077 2148 1178 deß erpietenns vß disem Lannd Inn Nider¬
1205 1135 2080 1220 lannd. da er vor etwas Jarern ouch
1221 1166 2137 1265 schon gediennt. Vnnd syn gute Pfaßport.
1202 1232 2100 1306 vom ht vonn chatilion bekomen, ze
1201 1285 2145 1374 zuchenn, vnnd daselbsten sich rerdlich ze¬
1190 1335 2149 1433 schaldtenn, uch fürhin mitmandt Wytz¬
1183 1390 1728 1485 ers leydt zuzeaugenn
1171 1641 2148 1749 Er sie gesteundig vnnd anweed, das er eyder
1139 1706 2070 1804 den denn heyligen hochen vnnd turen Namen
1111 1735 2070 1857 zu Gottes vnnützlich vnnd Eychtferig zum
1206 1796 2107 1901 sinen Lesterhaften mund genommen, zun den
1200 1844 2156 1964 er vbel gschworeng, Ouch mein Näbentmöntsch
1190 1889 2119 1988 en gefluchet, furnämlich Aber beyda Vor¬
1177 1955 2072 2051 anzogne Eyden, so Imme näben Anderen
1201 2000 2095 2120 väterlichenn, ouch gnädigen ufgelegten
1196 2034 2045 2158 straffenn, billicherwyß zur Warnung
1175 2079 2123 2213 reichen vnnd dienen sollen, nit behentziget
1201 2135 2072 2251 sonndern Inn Wind geschlagen. Vnnd die
1193 2165 2079 2313 untwilliger wyß ungeschücht übersächen
1130 2225 2045 2363 Ouch das er nit nun zu Lanndtshuot
1200 2283 2099 2431 sonndern ouch Allhie zum gfangenschafft
1205 2337 2153 2474 neben Annderen fulen busen vnnützen reden
1194 2382 2117 2510 ußgoßenn, er wellte das der lonnder
1195 2427 1900 2577 zum thürn, da er glägen schuß,
1146 2476 2140 2653 Letstlichenn vber wenig vor diser siner
1184 2546 2111 2706 pfanngenschafft, zu sinen gspanen, so ouch
1176 2576 2175 2773 Iem die angesechne züchtigung. das schallen¬
1162 2630 2103 2823 werck genannt, gethan wordenn. Nonwer
