4000 3000
177 36 1080 181 Den bung dem elbigen bekommendn heutt giestannd
215 109 1057 225 eerbt, welliche er über sich nemeg vnndt bezohen
206 164 1110 305 auch sine Schwe terng Vmb ihre geburundt ai zu¬
203 224 1102 366 VßKauffen mußen, dar duch gber er sich den
179 289 1076 403 bstallten seit schulden belarden, Vnndt vnd srekt
181 357 1075 484 Das er endtlich vollkonm lich habe zu geundt geh
203 432 348 517 mußen.
214 601 1061 684 N vff Sambstag den 39. Marti 1613
168 662 1081 777 Diß Metter Arnen soch fur mir g. G. In
198 729 1066 837 Obers Iungeseßne Rchafft kommen, Ist er Vo¬
203 794 1063 902 sines  brach vnb Wegen einen mal Eshr: vnndt
158 859 1066 963 Wehlen loß erkennt, vnndt vff abtrag Costemi
221 920 726 1017 ledig gelaßenn Wording
257 1057 1050 1179 st Ocalendopff
431 1143 1039 1222 ein büehtsenschmidt
575 1184 793 1266 geselhe.
718 1312 781 1356 a
923 1314 1097 1383 1622
222 1293 912 1391 vff Rybers der 2 Mai
228 1350 1041 1443 ars zum bywesen zen Sammel
224 1391 1100 1466 Soltzers deßs nachts unnd Büeckgard
199 1434 1059 1504 Fischers Großsweybels hare Vytt
187 1467 1059 1546 Malendorff, sein Buchssenschmidt
938 1510 1072 1560 alhie
189 1506 913 1603 gesell sunder mannenkati
851 1529 941 1613 4
947 1554 975 1603 1
189 1561 708 1641 gkendt wie volget
244 1618 1076 1721 ierstann nach dem er vor jaren
237 1668 1090 1762 gan Biel zu einem meister Buch
199 1712 1120 1795 anschmidt gandtwercks verdinget
204 1754 1093 1849 orden unnd dasselbig erlernet
205 1784 1090 1882 auch ein zykhlang zu gesellenwyß
856 1818 1087 1891 zugryff
193 1837 833 1919 gearbeitet, habe sehr mit
166 1869 1093 1962 ich so wyth mißsroumet, das er an
199 1907 1075 2009 gsewnseen orten einen Sustein
190 1952 1079 2033 und ein fürschloßs veruntrichwet
196 1994 1083 2081 und von desswesgen solcher gstalt
928 2029 1074 2089 das er
186 2029 923 2134 unredlichgespracht worden
198 2074 1068 2158 nit mehr das gandtwerck jeben
166 2115 824 2201 unnd arbeitten dorffen
208 2214 1089 2298 eadt als er by und von himan
191 2253 1086 2343 Meister, nach dem er eininge wider
175 2295 1081 2392 umb inn das handtwerck vffa
154 2331 1078 2436 nommen worden, derselbig aber sunk
160 2381 1086 2459 gart gehalten unnd übel geschlagen
136 2407 1065 2499 Wsgetretten, vnd sich nach kauff,
142 2451 1087 2547 volgendts aber auch gan Peybut
160 2483 1078 2596 in meynung an der einen, ode
172 2536 1081 2628 anderen orth zu arbeitten begeben
184 2576 1090 2666 aber einiche arbeit nie lindten
2140 24 2190 98 3
1236 59 2205 187 können, sye er haruf alhar komen
1241 122 2144 223 da er sich abendts gegen nacht iun
1229 155 2134 253 Wytg Fäberlis sieies großsvatters
1264 166 2241 290 eligen hußsheimlich ingeschleickt
1239 218 2220 336 unnd gellüssenn unnd in willen ghan
1229 273 2212 376 vonn gemselts eines großvattters helie
1204 316 2221 436 werckzüg ein galb dottzer stuck für
1211 333 2131 476 schloß darmit zemachen zeemmen
1194 378 2227 507 Wyl aber söllicher werckhaug in einem
1141 414 2167 561 gemach, welches er nie ofnen mögen
1227 448 2218 578 verschloßsen gsin, habe er ungeschaffter
1264 499 2212 619 sachen widerumb abzüehen müößsen
1229 575 2167 712 Fannethir So habe er gienar ob
1260 621 2144 720 Nüwenburg in einem dorff 1s
1244 661 2152 767 einem gemach, so offen gsin by Jag
1255 708 2170 801 sachs triicken vsoll lattwergen
1245 751 2095 842 vnnd zu Nuwenburg nner
1246 773 2136 888 frouwen vier batt vinttruwet
1202 824 1782 936 vnnd entfrömodet
1398 919 2045 1141 detler du Birivor
1429 1107 1893 1201 Worlaufffen
1219 1230 2230 1351 Sf Sambstag der 10. an 1617
1293 1294 2213 1374 sindt pssbemelch miner g. h. vnnd
1249 1338 2217 1422 Syberenn durch h. Burckgardt fisch
1244 1380 2115 1459 ern Großsweysel unnd Hohains
1237 1424 2169 1496 wysen, grichtschrybern ufun deß
1214 1448 2196 1549 Inn ihr gubanden verhafften Patter
1232 1496 2217 1576 Gesein, von workouffen, wegen, nachge¬
1207 1540 2188 1619 melte personen kundtschafftswys
1213 1592 1713 1675 vergört worden
1204 1709 2124 1790 ns vatterstlichen Damel Schmidt
1192 1793 2151 1832 Oburger alhie züget, wie das er vor
1256 1811 2226 1869 etwas abgewichner zykh uf demmari
1233 1848 2181 1908 alhie ein Schwynli umbiiin zechen
1229 1890 2220 1944 batz erkoufft und als er sollches gemelt
1217 1920 2177 2001 und Peter Geri gezeigt, habe der
1256 1967 2151 2019 elbig wermeldet, das es mit einem
1210 1992 1245 2033 1
1247 2013 2213 2075 sonderbaren prästen behafft, vnd hie¬
1257 2041 2213 2098 mit dahin dütset, das es musse ge¬
1205 2085 2150 2160 schnitten werden, deßswegen Ime
1242 2135 2209 2188 fölliches euertruwen angamudtet
1186 2145 2186 2234 Daruf nnn er gezug imme Geri ge¬
1208 2199 2101 2268 melst trierli zuheillen an die
1216 2245 2220 2323 handt geben, wellcher domalen gesag.
1228 2272 2223 2365 habe, wann sach were, das das Scwyn
1218 2328 2101 2388 Uli abgan wurde, so wölle, es imme
1244 2367 2219 2428 gezugen abgangen syn, kome es aber
1222 2393 2154 2474 für, so sölle er gezug ihmme Geri sachs
1250 2428 2227 2523 batz Iu Litlon geben. Nachdemmun
1253 2474 2099 2557 ich etwas sybs verlauffen und er
1246 2528 2204 2603 seines mals den geri in der Statt
1240 2558 2218 2646 alhie angetroffen, und desswegen an
