4000 3000
38 2707 139 2802 N.
62 674 221 786 zwinger
624 -91 971 116 wgen
284 0 947 190 lschen zunziehen laßen wollen, vnd
983 101 1023 169 1
274 49 998 262 fntigen sc esch e
294 138 918 310 synen flucht im Fryberg
262 211 851 338 an einem gwußen ord
277 253 843 370 als er widerumb herre gusand
289 285 947 403 syne geere vnd aber wer
900 289 956 373 sed
278 335 883 452 der gnedige herren vnd Obers
253 367 493 420 wartt
880 418 943 465 hab
634 399 942 504 vdeh
285 397 906 531 geantwortet, daruf gu
275 442 923 567 vnnd sy dien eblasfrorger
918 496 954 555 be
271 471 936 611 der tüeffell neme solche hn und
268 514 980 686 einereffelt eheeandt
228 594 927 763 Hat er hieruber anzeigt, sye
940 710 1000 777 n
237 692 1005 833 weniger, den das er die obgemelten
229 713 1005 899 In einem widerumb, vnd vmbsundt
230 799 1003 981 ußgoßen habe, sye abr nit insyen
235 861 1025 1040 verstandt noch wellen gsin wider
237 930 1003 1082 gnädige oberkeit alhie, sonder
238 1024 999 1166 wider den Herren Luhtrog
236 1094 1016 1226 wyl derselbige vff zune stallenl
243 1163 956 1283 und gfencklichen inzücher wolle
956 1251 1000 1314 1
225 1240 1005 1371 Es egent ime aber die ußgoßnen
245 1315 1001 1423 wortt von gründt synes hertzens
217 1360 982 1505 Ledt, vnd bittet, v. gl. gantz
223 1451 1006 1579 demüetig umb gnad und verzychung
205 1569 1003 1675 uff 30 maii 1621. ist von mgt
212 1637 994 1744 den shüten erkent worden, das diser desybr
206 1698 1009 1803 gan Wiblispurg in die kilchen fürei
206 1756 1002 1870 solle gestelt werden und daselbst einen offt
209 1827 999 1924 lichen widerruff Ihun, der durch Inne Vßge¬
206 1903 992 1993 nen reden halber, hieneben ein vfP
242 1962 999 2075 Vrsphed vff Inne schweren, das er das lib
206 2021 1001 2138 von solcher syner schandtlichen eßgoßeen
196 2100 981 2192 reden wol verwieckt habe, ab ime vn
203 2143 987 2259 einer gnedigen oberkeit uß gnod
187 2213 989 2332 wider gescheickt und daby sich erkennen.
181 2257 1009 2382 wo er Im mußen etwas wygers mit
173 2330 1000 2470 thätiges handlen werde, man aldan
168 2398 950 2533 Ime richt möge: Ist Ime hie
177 2472 951 2585 500 l zur straff ufferlegt ihr
161 2504 973 2659 wehrloß erkent und das er allen eße
172 2629 501 2705 obtwrag soölle.
180 2600 969 2760 Fritte Bueman ist wegen begangenen d
154 2645 984 2800 als das er in h jsare schnyders küller, do er ald
170 2722 967 2846 getruncken die gelt trucken einen
1160 -31 1445 107 geshler
1084 -4 2002 208 schryttag den 23. maii diß 16 21 jars
1129 75 1933 255 In gegenwürthigkeit auch anhören
1086 119 1998 346 gß fromen (furnemen, Fürsichtig
1090 210 1962 398 Esamen vnd Wyses Herren Marouart
1091 279 1980 474 Zehinders deß kleeinen Rhats, Gottfrid
1080 355 1968 511 pelsen der Burgern, Niclans Brochers
1084 436 1909 583 Großweibels, samptlichen Weiblen
1097 487 1918 631 mif. h. vnd Oberen dieneren, Ist
1086 546 1963 710 sans schlegell der Keßler zu Buren
1088 616 2011 783 geboren und taufft worden, deß her haupt-
1091 685 1993 826 man von Grafenriedts im letst ver
1084 750 2001 914 schuienr Bundtnerischen zu zug, geweß
1086 822 1968 961 ner Halbardierer und Margetanter
1089 910 1986 1032 wegen synes schandtlichen vnd nemendt
1082 940 2023 1108 Bßryßens von dem feulmen, wie auch
1081 1045 1941 1154 das er anclagt worde, als solte er und
1077 1123 1950 1228 andere synes glychen vil der Jungen
1082 1178 2003 1283 und unerfarnen soltaten uffgewiklet,
1085 1258 1962 1362 und dieselbigen mit imme uß umveldt
1070 1323 1950 1406 gezüchen vermant haben und das er
1070 1389 1938 1493 synes h. houptmans ( Henrich nach
1085 1465 1898 1559 dem treffen vor Chyran das feünli
1082 1505 1971 1624 solte abgenorderet haben, zu Marhil
1100 1601 1923 1696 mit und ohne Marter uber das ein
1077 1668 1697 1753 und andr exammiert worden
1068 1719 2008 1852 Der hat nun bekrert und versächen, wie deas
1094 1801 1926 1904 er, den ordenlichen Eidt Zum Feunl
1081 1865 2020 1983 und der ordinantz zu Lentzburg, glych
1082 1930 1935 2049 wie andere Soldaten geschworen habe.
1064 1993 1949 2123 Item zue Treffen vor Sagran gsen und
1071 2055 1929 2176 sich dasegst so wyn muglich wider den
1068 2125 2001 2244 kindt gewert, also das ime endtlichen yn
1079 2195 1989 2322 halbarten In den handt zerschoßen word
1070 2257 2012 2379 vnd dewyl er kein vberwehr mehr ge¬
1073 2305 2036 2437 hept, habe er ein mußgneten hernach über
1068 2358 1946 2513 kommen, vnd sich mit derselben, bis zu
1071 2419 1780 2560 lit deß scharmutzes gewert.
1033 2464 1980 2665 se dubergriffen, der lidtbis vffgnadt fur ds
1028 2523 1957 2713 den hil geben worden den 24. manii 162 und
1023 2611 1112 2684 0
1029 2564 1929 2755 alle wirtz und wynschemben hüser verbotten
