4000 3000
217 52 1058 224 schuldtenn unnd vorgehördter wys mi
250 115 1053 264 Ienne ghaundlet, Alls ob er by einem
229 161 634 228 Websbilld wäre
828 195 1065 301 das and
266 209 1051 344 mal sie er an syn unnd siner geschwü
220 252 1062 399 sterdenn teylnug inn der näbentstu
249 313 1047 437 auch zu imme gelägenn, unnd hab
238 364 1067 498 Annfangs abermahen, mit Imme wiede
259 417 1066 559 gehanndlet, vnnd Inne, wyl er sich b
256 465 1061 614 müglich, so aber wenig heilfen mögen
235 516 1060 650 wert gar mnd gemacht. Inmaßen er
272 571 1060 685 ich, alls ysenn vonn im gelaßen, umb
245 622 1054 732 geschwungenn, Ime den rugken Feenst
214 672 1058 787 unnd zuschlaffenn vermeint, es habe
217 731 1060 835 Aber ysenn syn arm angentz überzu
245 780 1073 888 geschlagenn. Inne gantz hardt, vmblaste
233 828 1056 925 in ime zogenn und imme unwüßten
235 879 1072 975 was er zuhanndlen vorhabens, mit gueßt
244 926 1059 1019 vor cristlichenn oren zemulden, syn mar
222 971 1051 1084 lich glid. vmb etwas Inn after. ge¬
189 1031 1062 1133 nstoßenn, derhalbenn er Anfachen wey
207 1084 1081 1199 lenen, vnnd sich nach allen kreften Weeren
227 1135 1039 1231 All so das ysen syn shaundtliche begerd
243 1182 1024 1274 vollents mit ime nit venbringen
266 1243 1085 1319 mögen, sonndern Abgelaßen, Vnnd dere
262 1283 1078 1374 yn stückins biterlich weynen gespirt
252 1333 1062 1418 hab das sm sines eachtenns syn herte
263 1386 1061 1474 solchermaßenn erweicht, das er dste
254 1435 1051 1520 ehr vonn siner begerd gelaßen, on
244 1480 1081 1574 hiernf zuweynenn Angfangen, dst
258 1545 1040 1620 aber nit gschruwen sie vß forcht be¬
275 1589 1040 1672 schächenn, eins theyls, Wyl ysen sy
257 1637 1083 1726 schulm gsinn und fürgäben, das sor
251 1686 1074 1782 gethan sie kein sünd aundens teyls wi
244 1733 1068 1841 die sinen das gschrey erhörten wurden
245 1781 1087 1872 dem Schulmmer, dann Ime glaiben.
243 1846 894 1928 vnnd Inn derhalben hlachen
200 1895 1073 2028 Velliche bekanndtnus, Vsen, o wol zan
232 1978 1072 2078 Abwisenn des Knablins, Alls Inn mer¬
225 2004 1068 2143 bysyn, war syn nochmalen bestättigt.
247 2066 1073 2162 mit gethaner bekanndtnus, Was er
237 2107 1080 2228 mit disem knaben vorgehördten gliih
213 2158 1060 2281 licher gstallt, sr ime von hertzen lig
229 2211 1083 2358 gehanndlet. Darzu hab er inn für
1027 2259 1064 2307 s
217 2273 1036 2390 lich bringen mögen, vnnd sie wider
190 2302 1072 2435 willen beschähenn, vnnd Alls er less
215 2366 1076 2491 zum Allem Sunden. Iene biterlich v
225 2425 1057 2549 hönen, hab das syn hertz solchermasen
204 2468 1074 2604 rert unnd ime den grücel feinbugen
179 2521 1081 2643 stellt, das er angentz one das der
2059 -18 2157 47 103
1220 21 2148 182 me guust zemalden entgangen, abgestanden
1153 77 2104 253 unnd sich weynens uber sine sinden, auch nit
1182 113 2138 287 eenthalten mögen, meine aberen hab mit
1181 167 2146 348 gunst vor Cristlichenn dren zemalden, syn wnst
1181 218 2114 387 ehid eimal vollents zun knaben bracht
1132 281 2057 435 unnd diewyl er hierim einzig schuldig.
1165 334 2115 481 Wolle er gern Eydenn, Päte derhalben man
1155 381 2037 527 wolle denn knaben deßen nit entgälten
1185 437 2124 568 laßenn, sonndern imme verschonen und gnedig
1252 538 1319 625 1
1170 542 1256 635 s
1299 600 2136 727 diser bänndicht stucki. ist uff ernst
1300 666 2144 770 hafte Vermanung sich fürhin derglychen
1328 720 2160 822 grüwlichkeydtenn von sines kindtzeyt
1295 763 2148 856 wegenn auch das der hingerichte Hsen,
1324 809 2121 894 Inne begweldtiget, ledig gelaßen
1301 864 2130 955 hiemit ouch dem h Predigcante ein
1305 917 2133 1003 Fryweybel zu Minsingen beuolhen
1325 974 2150 1057 wordenn. Vff Inn. wie aūch Andere
1319 1014 2157 1116 mißbruchten knaben, Elysig zeachten
1239 1510 2165 1631 ren so5 vorgemein
1360 1598 1818 1700 Ysens Muter,
1157 1693 2166 1813 bglychwol dise frem wyß beschuldigt ward
1169 1763 2132 1870 alls solte ir son unnd sy merenteyls zytt.
1172 1813 2171 1908 by einanderen, an einem beth gelägen syn. Sten
1192 1856 2133 1948 sy hab dem s zu jegenstorff ein wag inn
1187 1900 2140 1992 die Matenn gegen der Schuren gemacht. vnd
1181 1941 2167 2054 sie Inn selbiger Zyit. Ime vil vych Abgangen
1172 1980 2120 2116 Wieballd aber sy fort gsin hab der hadlen
1169 2045 2156 2165 ufgehördt. Wyter hab sy uff ein sytt.
1159 2076 2150 2181 Itm Irem hus so zauerlich gehruwen das
1184 2139 2171 2251 ein gwüßer nathpar ir zu Hilf von wellen
1170 2171 2167 2302 Welcher Aber die fur verschlosen, funden, vnd
1172 2231 2167 2364 sie er zum fenster vngsachen, sie niemant
1165 2278 2116 2402 Alls sy Inn der Stuben gsin, eß sie auch Ir
1175 2316 2117 2459 huben vnnd tuchlin In den bocen glägen
1188 2367 2146 2492 st wellichem Allem zeschliesen, das sy sein
1173 2413 2168 2568 Ir sohn nit eim hlutschand begangen, sodar
1166 2450 2152 2601 syen unholdin see et. Hat sy doch mitzit
1167 2517 2104 2656 bekennen wollen, vnnd Ir vnschuld an der
1185 2556 1634 2663 manter enhaldtenn,
1334 2636 2153 2791 Ist der halbenn den 17. Januari
1372 2702 1988 2837 ledig glaßen worden
1402 2769 2194 2918 Ward 2 man fär und letstlich
1455 2831 2179 2979 mit dem klainsten stein v ezogen.
