4000 3000
293 27 925 270 iitz Pein
202 165 922 339 der alt von Bertzenste
120 232 962 442 hat den 4. maii 1622 wegen
118 314 957 509 deß dritten begangnen fhr
140 405 977 608 nach inhalt der satzlung sißgen
127 472 406 561 schworen
282 615 988 812 Gertrut Gaßen
159 742 973 920 Nach dem 11g g an der gefangnen
215 867 970 978 Hertrut Baßerin so dero burgeren
245 929 984 1038 Rudolff Landt und Abrohan
254 1005 988 1115 syboldt, vor etwas wenig wiche
249 1080 995 1190 als sy uß der gfangenschafft dem Le
239 1152 993 1246 wegen begangnen (Fhalers gel
246 1205 984 1295 t voregem vnd von der Stattv
223 1267 981 1380 dero Zu widerumb verwisen, In
237 1331 996 1423 derselbigen nocht einen Mantel
228 1400 986 1514 welchen sy hernach im frybnr
233 1476 986 1580 piet umb 5 l verkoufft und
226 1543 977 1627 das gelt darumb noch verhanden
206 1605 995 1714 Item ein Kragenrock, den syger
233 1682 1005 1811 schiichen. Zweyunderrock etlich l
216 1758 1002 1870 wnlachen, hembder vnd Fracht
228 1815 1004 1961 sälles aber noch verhanden,eit
239 1904 994 2009 frombdet hienorgethaner verzu
225 1981 997 2099 und bekantnuß nit komen ma
243 2051 987 2174 sonder erachtet, wyl vorgehede
227 2122 1001 2252 warnungen und straffen, anzu
220 2190 993 2340 nüt erschrfen und sy zunst auch
213 2248 1012 2404 ziligen fuumbden und dr nicht
217 2334 1001 2447 rerer diebstäken verdächtig, wie
221 2376 1002 2542 auch als solte sy sich mit abe
210 2476 985 2629 Hans Merki dem s geweßnen
194 2540 1011 2707 Buchtrucke zu unküschheite
210 2615 997 2802 gangen haben, das sy vernerh
1875 36 1949 123 187
1044 94 1874 243 zu Marzil uber das ein und ander
1078 145 1930 277 othwendigklich examiniert werde.
1049 222 1927 366 Das ist nun uff 4 man diß 1622
1066 293 1877 414 ars durch s prath Ehischer
1138 368 1199 438 hat
1060 352 1866 495 ihals iren h exaemmatorn, h
1077 411 1938 547 Hans Heenders deß eltern derber¬
1068 481 1915 632 geren und h Großweibel kilch
1079 543 1908 677 rogers gegen gros verrichtet worden
1061 614 1918 752 die hat nun mit und ohne marter
1067 693 1906 810 hieuorgehnde ire vergicht und be¬
1069 746 1863 879 hentnuß bestättiget, als das sy
1073 809 1922 955 gemeltem Lando vnd Syboldt
1066 901 1929 1015 hievorangeduter sachen, mit hilff
1085 981 1865 1074 eines Kueffers, hans genompt
1074 1010 1895 1153 dsen zunamen Iro vnbewüßt
1077 1103 1899 1223 so zu Waberen gewonet aber
1087 1181 1865 1275 Irem vrmeinen noch Jetzmolen
1089 1235 1907 1332 em landt, der sy hierzu an
1095 1303 1889 1411 gewisen. entfrombdet habe, den
1068 1375 1913 1490 Mantel verkaufft, das gelt aber noch
1091 1442 1921 1546 darumb verhandt. so vil das ander
1080 1504 1976 1596 zug als die underock, fragen
1089 1571 1931 1684 rock, den sy zwar zerschnitzen, syn
1498 1634 1572 1681 vnd
1080 1631 1961 1747 schlachen hembder fragen belanget,
1092 1709 1891 1798 Ies doselbigen, nebent anderem
1077 1754 1934 1883 Irem züg uff der landtgarbd
1103 1845 1978 1941 wie auch zu Mangen Im Obere
1070 1914 1926 2005 Wirtzhuß In Zween Trögen auch
1097 1984 1973 2112 noch verhandt, also dazs es den Jung
1092 2066 1517 2165 und werden möge
1065 2117 1967 2242 so vil den begangnen Fhöler mit
1088 2187 1973 2320 Werli belanget, sye derselbige leide
1109 2267 1975 2397 wahr ds sy engfar vfr 12 wuch
1089 2322 1937 2450 denselben mit ime zu wangen.
1088 2398 1975 2523 nes starcks anhalten vnnd
1105 2492 1996 2625 griße serheißung mit ime verbracht,
1076 2552 1890 2726 ennes das sy sich Lender verschinne
1106 2624 1918 2789 steren auch so wyn vergeßen
