4000 3000
211 42 1022 223 zu Frutingenn einem dienstknächten
190 137 1018 271 wullin par hosenn, vnnd ein hembd¬
206 182 811 279 An sinem Eyb verbrochenn
1017 241 1059 307 so
199 229 1069 444 deßglychenn habe er vherundrigen Winte¬
207 339 1062 494 Im Hormbachgraben ein par wulligen
210 384 1067 559 so er auch an einem lyb zerbrochen geste
209 480 1031 620 enne by Simißwalld habe er einem
208 527 1058 685 diennstknecht uß sinem trag so offeng
213 584 1068 731 bey. 4. oder 5 l. veruntrunret, die sin
215 640 1071 789 Imne Aber Augentz durch das husullb
221 701 1034 822 viderumb genommen, vnnd berurten
213 748 821 831 knacht zugestellt worden
220 825 1061 961 Vyters habe er zur Maten by Sums¬
176 900 1058 1008 walld, ein par Eynnhosen, ein hustuche
215 950 1036 1064 Wamsel vnnd ein hembd, so er an sine
178 999 904 1093 Eyb verschlißenn enndtzuckt
202 1094 1057 1197 annothin zu Loupperscwyl habe mer
198 1154 1051 1243 Vachtler vnnder, vß einem käller ein
204 1213 1054 1308 käs, so sy halb Inn der Steingruben by
207 1267 1050 1360 der Clus Inn Soloturn pieth, verkouht
210 1322 1071 1415 denn Annderen theyl aber vff der straß
199 1384 443 1470 geaßenn,
138 1445 1044 1567 Inn der Müli zu Hasli by Burgdorff
208 1526 1050 1611 habe er zwen leyb broth. vnnd ein pa¬
209 1583 875 1672 Eynnhosen enntfrömbdet.
212 1638 1050 1748 Vyter hab er zu Frutingen ein parhag
176 1723 453 1801 henntschen.
146 1789 1053 1902 Abuermaßen daselbsten noch 3 geißtig
185 1856 1038 1961 li, so man zun main Puntel funden
206 1925 498 1996 entwent
187 1962 1044 2099 Nherner zu Schaffnsen im gricht haßli
208 2040 1058 2159 einem so Kiener heiße, ein Ehrmenzeh
188 2096 1036 2189 by deyen Cronenn wärth endtzuckt
201 2147 1047 2252 welchenn er einer Wypspersan zu Bib
178 2199 1042 2317 erisch Ellsi genannt, deren man heiße
187 2238 1065 2358 Beundicht, syn zunamen sie im nit zuwis
188 2307 1050 2422 sie diser zeytt inn franckrych zubeig
162 2347 1041 2473 wollenn, wyln sy nit allein derglyche
180 2421 1018 2513 dieben beharberge, sonndern auch Ir
164 2489 651 2560 Die bstäl Abneme
1143 47 2096 267 Ien zu Gälterfingenn im Baselpieth habe
1177 106 2065 288 er ein lädergsäß unnd ein hembd, so er im
1144 163 2138 354 Butzerner pieths umb 2 fl verkouft gestole
1168 261 2128 436 Innethin hat er bekenndt, er habe sich ongfar¬
1155 340 2117 483 vorfünfzaren, leyder göttlichen Natur
1155 385 2098 539 lichenn ouch wältlichenn gesatzen, vnnd Allso
1150 435 2041 586 Allen geoffenbareten rechtenn vnnd Ord
1164 486 2055 626 nungen, inn allwäg zuwider mit gunst
1158 534 2137 686 vor Christlichenn Iren zemelden, zum Ander
1180 595 2079 720 mal erstlich zur mur by Sumistwald
1145 659 2090 799 Demnach glycherwyß zu Haßlibach auch by
1158 725 2071 850 Sumistwalld, mit vnnderschidlichen tieren
1179 777 2099 902 vnchristlicher Casterwys schwarlich ver¬
1140 845 1657 969 ganngen unnd vertieft
1171 917 2125 1023 so haben er, vnnd etliche siner gspanen, mit
1172 975 2151 1064 denenn er sich verglichenn, der ein heiße Michel
1167 1028 2099 1111 der annder dyß, vnnd der drit Hanns, Inn
1163 1077 2117 1165 der hart uff personenn gewartet, zun den
1155 1131 2084 1210 Alls ein Muller so vff Basel zuwellenn
1172 1179 2030 1260 daher kommen, habe er dennselben mit
1169 1236 2076 1314 einem Knutel nider, vnnd volgents mit
1167 1287 2129 1378 hilff sinen gsehlenn zu todt gschlagenn, das
1166 1338 2096 1423 by Imme gefundee gällt bey 8 f gsin
1170 1382 2140 1465 habennt sy hernachtheyllt, denn ermörte
1160 1444 2135 1532 Aber Inn ein graben geschleift vnnd Allda
1174 1492 1541 1583 ligenn laßenn
1170 1565 2084 1667 Vornungfar einem Jar habent bemelte
1172 1632 2058 1724 sine gsellenn dauenn er domals gehutet
1182 1683 2076 1780 ouch zin der Hardt, einen Herren 10 sines
1175 1735 2050 1826 erachtenns von Fryburg uß Bryßgenw
1183 1784 2116 1874 sin, über syn roß abgschlagenn unnd nach
1174 1832 2083 1923 dem sy zun Jämmerlich ermördt, zum ein
1171 1877 1630 1974 hole Eych gestoßen,
1703 1897 2150 1986 vonn dem verkouft
1175 1930 2095 2033 ein Raß. ouch dem by dem H. gefundnen
1167 1983 2153 2087 gällt aber habennt sy zmme nntmer alls
1181 2038 2144 2180 2. E. vnnd 3. dickpfenung, werden laßen,
1138 2088 2078 2247 Eß habe ouch vorgemelter Wachtler Iunn
1165 2186 2089 2290 unnder annderem vermeldet, wie das er
1160 2226 2134 2351 Mörden helffenn unnd sie mit vilen anderen
1146 2278 2142 2407 personenn, so sich merenteyls hinder Solotur
1162 2343 2152 2470 ennthaltennt, ouch umb thunsembher trych
1145 2385 2084 2511 ennt vonn denn h von Fryburg, die jdem
1161 2425 2175 2576 zum tag 10 batzenn, Zulen versprochen bestellt
1162 2488 2140 2614 zen hochgenannter inner g h und obere
1132 2516 2098 2675 Lannden zebrönnen, habe hiemit ange¬
1163 2577 1622 2713 sinderbaren personen
