4000 3000
242 121 1136 351 Nit gseien, sonderen hab doma
291 178 1139 411 seinem lvogt vüsigen es habe
263 235 1143 456 das jüngste kind syn swësen
277 286 1135 494 imme das anleight unnd das de
273 359 1117 535 man syn muler angesprochen
254 412 1122 574 imme ihren sohn zu gäben, den
237 451 1130 638 woll er inn frombde lend für
295 512 1121 682 ey habe ouch nach anzoggends
239 556 1121 722 sindts diser man sy die muge¬
265 614 1107 782 vff das bech būrt. vnd byz
260 675 597 766 gelegen.
139 768 1104 964 Welchen bylag die Muttergentzlich
281 860 1081 993 verneynet, mit vermeldge
230 921 1110 1046 Eichwegen sie noch vorhanden
256 959 695 1054 heiße Ofrion
906 999 1124 1118 vnnd si
259 1034 1076 1136 Grauiften Zur Soleturnes
251 1068 1100 1191 pieth dahermen, werd deshal
275 1116 1115 1225 selb bricht geben konen den
238 1169 1130 1288 habe Ir Sohn niemalen gseige
235 1231 1129 1338 Anmacen sy sich aib einem freffnn
56 1259 1123 1389 schantlich fürgeben nit gnugsam verwunde
239 1332 628 1419 seren könne
216 1411 1109 1548 Betraffent Eendicht Leemanden
214 1509 1115 1603 Schuyder der sie zwar vilmalen
278 1555 1106 1651 n ir kon wyn bezalt unnd
227 1609 1116 1706 by Ir hinder dem Ofengsegen
256 1661 1101 1752 er habe aber thein vnuht mit
232 1715 1114 1807 Ertriben noch gethan, sonder
223 1763 1107 1866 Ir zu Eehren begenth ist hient
212 1809 1105 1909 glych wie der sohn ffvorg
233 1861 1109 1965 er verantwortung se bliben
375 1944 1063 2063 Der son ist zweymal Cär, vnnd
411 2018 1083 2103 zum dritenmal mit dem kleiß
420 2079 960 2174 stein ufzogenn worden
349 2140 1072 2251 Ann die muten, wyl sy wäg
446 2207 1063 2290 vorgenuder toxtur gar sam
458 2242 1078 2342 solchermaßen das sy kindeli
454 2297 1074 2419 fanmögen, hat man keinmat
861 2332 1084 2465 gewändt
2065 54 2183 107 104
1253 74 2209 274 Htnsen Oler Vorgernelt
1169 372 2095 528 Demnach Staffan oler ein junger kn ab
1215 454 2067 585 by 12 oder 18 Jaren altg Jungstuerschien
1203 505 2097 641 enachtags, alls er sich mit anderen personen
1194 571 2092 708 am der kilchen zu slech zumtisch des herren
1192 630 2092 754 vefugt, das Ime durch den Herren Predig
1198 691 2085 810 canten vberreichte grott, anstatter solches
1201 768 2067 881 angentz in mund stoßen gnnd aßen sollen
1196 832 2025 962 hinderschlachen unnd under syn wasnsell
1178 898 2046 1012 vrbergen wöllen sich hiemit Insonderheit
1174 975 2000 1076 wyl syn Mutter der Hapery mechtig
1187 1035 2006 1136 verscheydt, gantz verdechtig gemacht
1185 1090 2026 1201 gemaßen der h schuldtheis zu Beren
1169 1164 2074 1271 Im erstlich emr ehorgricht forderen, hernach
1190 1225 2018 1342 aber gfengklich annemen laßen, vnnd
1200 1291 2056 1394 mit holff vnderschidenlicher personen, vmb¬
1184 1372 1952 1470 stendtlich examiirert. Innwolichem
1170 1444 2089 1542 Examen er vil wenckel muttige vnd vnbe¬
1190 1497 2054 1609 stendige Reden brucht endtlichen aber die
1174 1565 1974 1664 Schuld des furgenommen hinderschlags
1180 1620 2034 1732 grurten heiligen bro Etts yner Mutter
1179 1672 2042 1802 zugelegt, mit rermelden sy hab Inn das
1170 1752 1951 1870 geheißen, vnnd benolchen Iren solches
1175 1823 2024 1936 herngebringen, hatt hie mit auch neben
1174 1883 2010 2003 anderen puncten die Häpern betraffend
1168 1934 2028 2087 bkendt, er hab ußbenelch auch in bysynn
1181 2026 2039 2148 peer Mutter sich an boßen Geist ergaben
1165 2081 2049 2240 vnnd syehieruff von Gott senem Schopffer
1159 2141 1997 2296 abgefallen, Inmahen syn Mutter guch
1172 2207 2068 2369 gfeegklich ynzogen, aber ungeacht, sy hartt
1158 2255 2033 2427 gefolttert worden, nütit bekennen wollen
1158 2349 2038 2519 Etstlichen alls myn g h. deßen alles durch
1154 2392 2007 2584 Scheyben berichten. Sind vide personen, vß
1165 2468 2048 2644 ontich Ihr gnaden, nit nun alher gebrcht.
1162 2515 2033 2713 sonderen volgendts weter examinert, ouch
1153 2585 2048 2791 ponsiontiert, vnd gegen einandern ghaltten
