4000 3000
156 36 1017 228 Den hat volgenndts hieruf bekeundt
222 135 1048 293 das er zu Bisanntz einer Person soen
218 192 1035 341 kauffenn wollen. 18. Französisch eron
220 237 492 314 eundtzuckt,
186 302 1049 485 Item zu Orthan einem Buren byg
213 375 573 467 enndtfrömbdet
217 462 1029 599 gunsten habe er zu keyon, vnnd Im
214 528 1034 667 deren vilenn Statten Franckrychs sich
205 582 1028 701 stälenns beholffenn vnnd bald 2 t
205 628 1021 745 baldmunder, balldmer, sonderbar
211 675 1033 795 personen, wie er können, endt zueb
203 729 1037 847 unnd solliches alles mit sinen gsellen
210 774 1016 897 derenn Inn Franckrych gar vil sen
224 824 1035 938 mit äßten unnd trincken, verbrucht
215 873 1042 992 unnd sie im, wie manchen die bstal
213 925 1045 1041 er verbrucht, noch wie hoch die Su
222 981 1058 1094 gestollnenn gälts sich anlouffen nicht
218 1032 889 1120 nit muglich zuerzellenn,
902 1057 1059 1143 Das abe
221 1088 1050 1209 ergspanenn hab, so verschinen zinstagt
198 1141 1047 1234 Allhie gsächen wordenn, Deß will er
205 1191 1048 1312 gsteündig syn, mit vermelden et wüß
189 1239 1046 1355 vonn denselben nichts, sie ouch einzigt
212 1293 1041 1373 diß Lannd komen. Willens wie vor
188 1345 1037 1438 mellt, sinen Bruder, so zu Basel An
195 1397 1020 1502 beydte ze besuchen, Wol sie wahr
209 1455 1051 1547 das er mit einem Kramer Coonghar
210 1501 1040 1595 einstundwags vonn der statt jme
200 1552 1048 1640 geguet, Allher kommen, mit Welche
205 1620 1050 1701 er inn einem großen würtshusit
206 1647 1036 1753 vyt vonn einem großen platz. deßen
215 1704 1032 1795 namen, imme nit bewüßt, zu morgen
204 1742 1020 1846 gäßenn. Wuße aber vomselben
214 1801 1036 1912 nichts böses. Heit sonsten keiner
188 1838 1029 1946 deren Vnntaten noch mnßhandlungen,
188 1902 1048 2014 Aurerd syn welten, vVnnd hiemit vnd
206 1974 757 2071 Verzychung geputenn
173 2033 1044 2156 Ist erstlich lär, demnach mit am kleie
189 2115 746 2211 stein ufzogenn worden.
149 2205 1035 2346 VffMitwuchen denn 25. februat
151 2294 1034 2410 vorgemelten Jarb ist diser morerin
156 2355 1015 2456 Antenn vßgeschwungen vnnd danna
181 2408 1027 2506 miner Gnadigen herren, vnnd Ohber¬
114 2453 1028 2580 Lannden vnnd gepieten, mit dem Egdt
134 2510 705 2618 verwisenn worden
1710 35 2046 121 4
1258 86 2043 266 Julomon Schuli
1344 185 1844 301 Dothingen urtig.
1159 280 2022 451 Mitwuchenn denn 11. Martii
1146 334 2024 503 Dis 16 18 jars inn bywäsen anhören
1090 374 2072 566 vnnd gegenwürtigkeydt, der Ehrenuesten
1158 446 2076 596 froumen, fürsichtigenn ersammen, wysen
1165 502 2091 634 herren Jacob Lilliers des kleynenn raths
1135 537 2096 690 Caspar Wyshanens der Burgeren Burck¬
1134 603 2121 732 Hardt Fischers, Großweybels. Ouch etlichen
1149 641 2115 786 Weyblen mmner Gnedigen herren vnnd Ob¬
1534 695 2067 803 Hat gegenwürtigen
1157 749 1458 825 eren dieneren
1159 750 2077 873 Salomon Schär zu Drtzingen, der Ampt¬
1164 804 2120 939 yung Büren, fürtig nachuolgende diebstäl
1151 853 2115 974 vnnd mißhandlungen, zu Marzili bekenndt
1147 913 2112 1020 verzächen, volgenndts ouch mit der marter
1154 966 1797 1066 erhaldtenn, vnnd bestättiget,
1120 1054 2063 1173 Erstlichen habe er meister Jacob Schmid
1161 1132 2097 1212 einem schuchmacher zu Büren zwey Par
1148 1176 1606 1257 Schuch veruntrüwet
1152 1253 2034 1337 Denne zu Eyst, ein mas Schnitz, vnnd ein
1168 1309 2039 1384 stucktleisch, so er gäßenn, enndtwandt
1151 1370 2119 1468 Vyters habe er h. Hanns Heinrich Kallen
1155 1438 2118 1524 bärg zu Solotnen, alls er by imme ge
1145 1489 2099 1554 dienet, ein ungarpte Rühut endtzuekt
1160 1537 2091 1631 Vnnd die einem Barber daselbst vmb
1139 1590 1672 1661 frey Lronen, verkoufft
1114 1649 2104 1776 Item Marti Bütigern zu Schnodtwyl on
1133 1728 2016 1825 gfarvor dryenn jaren ein hangstfula
1147 1780 2122 1867 vtruntrüwet, vnnd solches zu Butgdorff
1142 1823 2118 1910 einem so zu Päterkingen wone, umb acht
1124 1865 2082 1965 Cronen Verkoufft, sie Aber glych darnach
1152 1922 2102 2017 ergriffenn, gfengklich ynzogen, vnnd nach
1123 1972 2084 2077 ußgestanndner marter daselbst zu Burg.
1131 2024 2101 2119 dorff Inn gfangenschafft, mit Ruten ge¬
1141 2075 2065 2167 strichen, vnnd sich furhin, vor die bstälen
1146 2117 2104 2230 unnd annderen derglychen Unnützen sachen
1135 2176 2118 2290 Zeuerhuten, Alles ernsts vermandt worden
1142 2237 2012 2356 ungeacht solcher gnäden straff, unnd
1150 2313 2104 2425 zuchtigung Aber, habe er glych darnach
1131 2368 2103 2453 In Litzistorff im Fryburg Pieth Hanser
1124 2405 2119 2514 Auser, dem er dienet, Zächenn Schwyz ge¬
1121 2455 2112 2573 estolen, vnnd mit hilff eines sines gsellen
1151 2509 2100 2619 so bey Murtenn daheymen, deßen namen
1148 2560 2102 2673 smme nit zuwüßen sie, Inn dise statt
1151 2612 2041 2724 uff den marit getribene etlich sunmo
