4000 3000
267 67 1090 288 Junns Dieller
239 192 1092 358 Din schnyder inn einem dorff aast gen
271 256 1083 406 3. Myl vonn Cöstantz am Bodensee geben
263 299 1055 438 Ist zwar mit annderen bosen buben zu
255 346 1078 490 Daundtshurt gfanngen, vnnd Allher ge¬
260 393 1096 550 schickt wordenn. Hat aber keiner untas
274 442 1086 589 gsteundig syn wollen, mit vermelden er
277 497 1094 641 ie seidt 5 Jarenn, das er vß senem heim
271 545 1088 710 dem hanndtwercknachzogen, zu vner
257 603 1094 745 lichen malen kranck worden, vnnd wil
271 649 1092 788 derglychenn gsellen, nit bald Anbeytsi
264 710 1083 855 ent, hab er sich deß Allmusens behelt¬
269 754 1076 880 müßen. Innsonderheyt gegenwutiget
251 825 1088 938 Zytt, Inn daren man Im die Franckhe¬
268 871 1078 980 noch Annseche, derhalben gepäteti
252 924 1082 1030 vell Inn gnaden mit Imme handlen vn
266 972 1058 1093 procedieren, die von goltschum ge¬
254 1032 1077 1138 machten Eingerrung, so er von sich gewor
245 1090 1083 1181 Alls man Inn gfengklich angenommen, hab
260 1132 1081 1233 er zu Zürich, damit er etwn gewimnen, vnd
272 1184 1081 1278 ich desto beser erhalten mög, kouft se
244 1237 1077 1324 aber die von Ime gewopfenn, sie vßfach
240 1289 1071 1392 Wyl man inn fur ein ubeltätige Eß
232 1340 1083 1429 Anngrifen, vnnd das dise Ving Im villiche
230 1399 1081 1491 Inn gfar brigenn mochten beschechen.
233 1438 1016 1545 hat hiemit vmb gnad geputen.
428 1502 1070 1624 Diser Winckler Ist vff ei Cse
390 1584 1084 1668 Widerumb lediggelasen wr
224 1669 1077 1805 an Bachtle
398 1769 1071 1889 dem Rugsouw schachend
425 1850 981 1930 Amptyung Branndis
146 1903 1072 2002 Ob glychwol diser Wachtler vonn Jugent
222 1984 1060 2082 An sinen ellteren unghorsam gsin, sich zu
245 2014 1067 2137 müstigganng, doch onngeacht ernu
220 2072 1063 2202 gwunen. Zuerdar mit poilen, vnnd
193 2110 1062 2240 glychenn vppigen dingen, erhalten, vnd
221 2156 1075 2267 von Boliman, dem hingerichten ufelti
174 2221 1065 2349 Wie inn siner vergihte, nach innhalt, wed
179 2286 1042 2385 erenn er denn vodt geliten, schwarlich
224 2342 1037 2453 clagt vnnd beschuldigt worden, hat
208 2380 1062 2477 docs nützit derglychenn ungeaucht strei
206 2455 1032 2560 wonter, so das zem gewennt worden
199 2505 1048 2596 kennen wollenn. Warde hiemit
199 2535 1047 2684 laung zum das Schallenwenck ett
199 2636 882 2732 unnd ledig gelaßenn.
1793 55 1868 105 1
2020 49 2129 152 97.
1217 108 1948 298 oat8
1278 233 1690 335 ein synlianer
1182 277 2186 457 Demnach gegennwurtiger Renoldt Zyßen
1190 365 2061 509 zu Meseine ann dynlien pürtig, mit
1183 413 2151 563 Sominico Valerin sinem gspan, vor etwas
1184 462 2150 590 Abgelofnenn wuchen, vff dem Hoff Schorren
1191 517 2157 651 Im Ampt Newnnngen, gelegenn, von Hansen
1190 571 2140 700 Zeerzog, dem Buren daselbst nachtherbeng
1454 617 2129 707 Welche er zuenn zwas gut.
1194 653 1453 743 begert.
1174 677 2152 794 willigerteyllt unnd inenn dieselbe rene
1196 729 2139 833 reüter zmälden im Küstall, damit sy der
1210 798 2127 878 to wermer hätenn, näbenn vberlifrung
1212 841 2154 934 zweyer burdenenn Frischenn stroms, ver¬
1321 894 2085 983 Der hofnung sy wurdent sich
1195 921 1306 995 zeigt
1196 948 2138 1048 vie gepurlich gsin ware, einrig, vnnd still
1202 1001 2133 1097 verhaldtenn, welches Aber nit beschechen
1201 1075 2133 1146 Inn dem sy, nach miternacht, oungfar vmb
1193 1104 2150 1204 die zweyte stund, sich dun das hus zur für¬
1188 1164 2151 1244 blutenn begäben zumaßen das hußuolck
1209 1209 2154 1291 darab erwachet, volgennts ouch vfgstannden,
1187 1262 2068 1357 vnnd dise Buben funden, das sy Im der
1190 1317 1637 1404 ashenn fürgsucht.
1661 1327 2154 1415 Vnnd wiewol sy vf
1191 1367 2178 1460 dieselbenn flyßig geachtet, mittestoweniger
1167 1421 2088 1515 Alls dise personenn, sich balld Inn Stall
1177 1469 2134 1560 balld aber Inn das hus begaben. vnnd die
1183 1527 2080 1635 Magt enntzwuschen, das fur Inn ofen
1193 1584 2157 1679 gemacht, habennt sy Inen dem hustolckh
1164 1622 2063 1725 Vrwusemnt ein furigenn Stockh oder
1166 1678 2059 1787 Braund, vß demselben gezogenn, vnnd Im
1175 1719 2149 1841 Stall getragenn dennselben solchermaßen
1177 1777 2044 1883 verwardt, eundtlich ouch vnnder das
1170 1826 2155 1955 strouw daruf sy glägenn, vnglöschen gestoßen
1183 1877 2145 2016 Vnnd verborgenn, das weder der Bur noch
1186 1938 2167 2065 yn volckh, obglychwol sy durch den Barren
1170 1969 2070 2119 In Stall gsechenn, kein fur finnden, noch
1144 2024 1518 2128 gespūrenn mögen
1639 2079 2135 2173 unthit sy schon iren
1153 2070 2122 2226 Wag nach Soloturn genommen, darumb
1177 2131 2085 2293 diser Bue, mit etlichenn sinen nachparen
1150 2165 2083 2355 Wyl kunders nit schließen können, dann
1167 2232 2155 2405 das dise personenn berurt hus Inn Braund
1175 2281 2071 2484 steckenn wollenn. Ineein nachgeyelt sy
1149 2339 2098 2532 gfenngklich angenommen, Vnnd dem h
1166 2405 2143 2589 vogt zu Aewanngen, zugebracht. Welcher
1127 2437 2069 2636 Volgennts dieselben hochnamseten miner
1138 2487 2008 2677 G herrenn vnnd Ohberen, mit einem
