4000 3000
224 109 1043 279 beichtschrybenn zugeschickt, Dar
236 159 1035 317 sy auch gepureundermaßen, exann
209 217 430 280 wordenn.
808 263 1054 380 nn welh
223 265 1030 413 Gnamen, vorgesagter Eyten vff Mi
215 326 1048 479 wuchenn derm derenke, diß schiee
232 374 1040 534 abgelofnenn 1619 Jars zun bys
221 427 1047 578 vnnd einhörenn. Der Edlen, Ehrens
190 478 1044 623 uestenn, Frommen, furnemmen, fursichtig
198 537 1046 671 Wysenn herren, Nielausens von Mülen
210 583 1051 726 des kleynenn Raths, Gilg Stürtg
221 643 1016 763 der Burgerenn, Niclans Brocher
166 675 1028 817 Großweybels, ouch etlicher Weybl
235 752 1037 865 miner G. herrenn vnnd Ohberen d
195 800 1034 922 neren zu Marzili bekenndt und
195 851 1040 967 tächenn. Daßelb ouch mit der marte
214 905 914 1006 erhaldtenn vnnd bestätiget,
224 1011 1042 1114 amblichen er habe einem Neagl
198 1062 1031 1152 tanishenn Oberster, Don Camillo
201 1105 1023 1216 monte genannt, inn drü jar für
229 1168 1007 1259 ein Haggennschütz gedienet, Nnn
197 1220 1036 1315 Diewyl sy denn Margins de sta
176 1279 1028 1371 cha nach Hispamen bleytenn, unnd
188 1324 1022 1426 Allso zum Wyterem dienst, so immn
193 1387 1033 1459 vnnd annderen Aber, Sitenmalman In
210 1430 1022 1521 kein bezalung versprochnen soldts, ve¬
209 1480 1032 1579 folgenn laßenn, genutzlich zuwidergse
202 1543 1028 1610 verharrenn sollen. Sie er mit noch dre
207 1593 999 1678 Soldaten ußgrißenn unnd sich im
220 1644 1029 1732 sicherheyt nach franckryh im anse
222 1691 1038 1770 ber hennkam man Inne Angentz Weg
207 1726 1038 1833 dises eßryßenus häncken wund, begäben
748 1794 1028 1876 henn dem er nun
189 1808 519 1870 en wellenn,
204 1843 1020 1923 über den gothent nacher Lutzers
204 1902 1011 1987 gezogenn, habe den Neapolitanischen
194 1948 1001 2044 hauptlütenn einer, so diser zytt mit
203 1996 1020 2097 annderen durch die eydtguoschaft und
140 2041 1032 2144 Beheimb, verreist, heiße Joseph Buschi
183 2103 1024 2199 Imme beuolchenn, vff der Tnangelischen
166 2138 1017 2257 ürich stuilermög inn braund ze stett
181 2197 1005 2291 sand deßhalb imme 50 l zugäben.
191 2240 1023 2366 versprochenn, Ouch ungentz diß bo
185 2296 1011 2414 Vorhabenn Zeuerrichtenn. 10F zuge
172 2371 1009 2488 Inn wellichem er fürzefarenn bese¬
152 2430 988 2537 habe derhalbenn das vorgemelte
124 2470 995 2572 darumben vnnder das trouw gethat
156 2545 912 2644 das das hus verbrönnen solle
1142 30 2114 262 vngsfen betreffenet, obglychwil derse
1140 104 2075 299 sy zume gsin unnd denn berünten braund
1163 166 2089 340 ust sinem beualch inn stall tragen, habe er
1146 232 2016 367 vonn disem schaundtlichen vorhaben
1165 259 2113 438 wyl er sume das niemalen endteckt nütz.
1167 319 2038 478 ewüßt, sonndern vermeint, wie er imme
1133 384 2094 538 auch furgäbenn, das bscheche Allein darun
1138 418 2082 574 des sy sechen mögen, Wo sy sien, Innsonder
1134 468 2112 625 beyt aber das das vych, neben dem sy glöge
1164 526 2085 657 sy nit verletz nach gschännd, dann er den
1137 578 2020 719 selben zu Bellitzint Alls ein holdat.
1153 618 2141 761 snnder alls ein Pätler funden, er syzen
1145 701 2064 832 hab auch denne unwüßent den braund.
1123 765 1785 883 unnder das strauw gstaßenn
1138 849 2003 964 Vff sölliche daßgedachtenn Revoldi
1142 928 2093 1026 syzens hoche unnd schwäre mißhandlung
1140 976 2019 1073 habennt hochgenannt min G. herren
1136 1042 2004 1124 unnd Oberenn Schultheis Räth unnd
1128 1086 2059 1191 Burgen diser Coplichenn statt Berr. vff
1324 1151 1410 1185 60
1136 1152 2000 1251 Iren Eyd, zu recht erkenndt vnnd ge¬
1110 1211 1345 1283 sprochenn.
1119 1299 2064 1412 as man Inne dem Nachrichter beuelchen
1130 1387 2058 1452 der Inne obenns vff gwonnliche Richt
1112 1432 2052 1541 statt furenn, Imme daselbsten vß qua¬
1142 1482 2020 1575 vnnd barmhertzigkeyt, ouch von inete
1136 1538 2035 1654 fugenntwagenn, ys haupt Abschlachen
1141 1587 2026 1689 domnach denn Cörpel Inn ein orouent
1145 1640 1982 1752 furwerfenn, zu bulfer vnnd Eschen
1122 1700 2002 1815 verbrönnen, vnnd Allso vom Laden
1128 1743 1964 1870 zum todt, nach Reyserlichem rechten
1138 1803 1404 1893 richtenn solle
1254 2018 2035 2185 Dise Urtheyl ist uff sambstag
1285 2111 1996 2228 denn 13. derent 16 19. dn
1287 2170 1961 2289 Amme Eyzen. erstattet
1752 2284 1990 2360 vordem
