4000 3000
262 47 993 257 dem glych zu inen verfüegt,
915 152 951 192 bei
271 105 1018 337 arh s enteen
270 161 989 350 laßen, sy aber nit gwüßt wormen
259 213 1003 424 syt aber etlichen synen gspanen gly
251 291 966 450 sum komen, worumb es ze thün
990 348 1024 386 1
259 342 1008 529 werde, deßwegen sy Ime anzeigt n
980 376 1019 483 2
259 405 1006 582 Iren einem syn umb sach gegüetet
258 479 985 624 ingemait gelt geben welle, damit
264 546 938 679 glychwol müeßte dahindt blybe
267 601 982 738 darmit fort kommen könten, welch
270 665 970 795 gethan und selbiges vor und ehe den
247 722 1017 881 landtvogt kommen, dem seter vo
263 805 1015 923 geben, vnd allein by 39 oder 49 f
266 854 929 970 sich behalten, Nach dem nun de
258 908 1007 1068 vogt zu inen kommen und imme u
256 972 1013 1097 nelch eroffnet, habe er ime allei
254 1039 1003 1151 noch bysich habende gelt gezeigt und
254 1107 1004 1220 geben und das er kein anders habe
239 1163 997 1266 Welches der hrrenlandtvogt mir
251 1236 1008 1334 glüpt vffguon, dodannen uß de herb
248 1282 1011 1386 nit ze wychen, die anderen abmönn
261 1354 1015 1460 wol poßieren, welches er gutwillige
256 1417 1011 1512 genommen und auch verblyben wellen.
258 1480 1012 1553 Es habnit aber, die andern als herren
249 1527 1011 1615 Tacharias Eier und Peter von M
239 1570 961 1666 In der nacht gar starck angehalten
966 1624 1008 1676 un
242 1638 987 1722 Inen vort zezuchen, da er sich den
243 1698 1008 1789 von Inen vberreden laßen, Vnd habe
232 1753 1015 1852 inne am morgen früe der v Werd
236 1812 1001 1902 und lger fort nach Geuffgenerht
226 1877 1005 1963 de anderen aber syent noch ein wene
222 1928 998 2032 verharret, damit man de sach deßmn
236 1996 1006 2096 merck, sye also mit inen hernach vor
248 2040 1000 2156 nach vhrafnen gezogen, sealsrt
229 2101 1002 2205 disenn vnd nach dersdr die Ege
239 2166 1011 2269 und v werdt ime, das zu Newisvr
243 2229 994 2351 schleickte gelt wider geben, habe er wo
235 2289 984 2406 gespürt das 6 goldtstuck darnon
216 2327 995 2467 kommen syen. Ie also und nitend
224 2381 1001 2524 mit desem gelt ergangen. Biegetw
220 2423 1011 2603 gantz denmetig umb gnad und verzyhen
192 2504 973 2655 dan syn muter daselbige alles wider
222 2628 573 2727 ersetzen wolle
1046 2057 1085 2118 w
1900 11 1989 75 152
1119 79 1858 267 Was dan betreffen thüt, das er vil
1134 136 1867 310 knung und zuzung gelt empfange
1130 198 1958 371 haben solle Ige mit weniger, dem das
1130 253 1958 406 er da uß benelch synes bruders vermag
1120 308 1947 468 der Rödlen, dies Emannel Eeender
1118 342 2004 527 haebent anderen synes bruders s sach
1111 422 1977 581 hinder ime habe, darinnen alles was
1122 478 1905 640 er zngenommen verzeichnet standt,
1121 539 1966 690 er habe aber Iynem bruder ( auch vff
1120 606 1948 755 ein zych daruom 128 b abhin gan
1098 658 1991 807 Schenckenberg gebracht vnd gelifferet,
1118 727 1956 867 wie es sich den In bemelten Rödlen
1116 806 1956 922 auch erfund werde, Was er dan nach
1098 876 1998 992 denselben auch Inzogen hab gemelter
1105 931 1995 1050 zeender de rödell und rechnung auch
1096 996 1934 1107 hinder ime, sye zwar nit weniger
1103 1040 1993 1160 den das in bemelten rödlen von Linnn
1093 1112 1896 1235 und anderem, so gefallen nebent
1088 1180 2031 1296 vilen posten als ime de Rödell an¬
1101 1254 1986 1382 fangß übergeben morden. Dedit gestanden
1095 1290 2016 1415 wüße aber nit wer es ingnommen erachte
1100 1384 1885 1468 aber wol es werde es syin bruder
1101 1458 1530 1545 empfangen haben.
1107 1518 1984 1640 von Nüwen angnommen burgeren,
1085 1597 1926 1707 und inzug gelt, habe er gar keins
1104 1663 1965 1767 empfangen, werde sach auch nit er¬
1101 1718 1186 1789 Pind
1097 1781 1154 1852 1
1087 1814 2005 1920 Es habe der herr landtvogt Wagners
1091 1897 2017 1982 yner muter nachdem er von synenshwä
1094 1956 1912 2058 gen alhar von V g beschickt worden
1083 2006 1988 2112 von dem zu Newis Ime gegebnen gelt
1099 2052 1897 2192 9 f orch widerumb zugstelt.
1090 2133 1988 2264 befinde sich also was man imme noch von
1085 2215 1972 2336 dem ußgelichnen gelt, item umb roß
1091 2277 1957 2399 und das so der herren landtvogt Magner
1093 2338 1927 2458 iner muter widerumb zugestelt
1112 2390 2003 2512 159. ebris den überrest an den 300t
1087 2438 2018 2590 habe er nach und nach verthan und verbricht
1048 2485 2015 2655 Bieget ug gantz demüetig umb disere
1098 2582 1956 2731 synen begangnen fäler vmb gnad
1099 2634 2009 2830 und verzychung mit versprechung, das syn
1087 2678 1952 2873 muter, das ein und andergnugamlich er
1078 2734 1370 2872 sehen wolle.
