4000 3000
193 36 1078 279 Sonnsten sie der böse Geist Ammne gele
225 137 1065 305 begegnet, balld wie ein Wolff batt
230 189 1058 349 Wie ein ku venn tun annderer derg
225 234 1080 408 Lieren gstallt, mit unableßigem aut
191 280 1033 424 haldtenn, o wol by tag alls zu
216 330 1065 498 gemorden, vnnd andere derglychen g
223 385 769 486 liche Sunden, zebegan,
888 431 1076 551 vole
206 426 1067 597 Aber darinn unghorsam erzeigt, hab
210 487 1040 626 Inn vilmalen übel gschlagen, gstoßen
226 539 1068 702 sund gworffen, sounderlich aber neht
211 609 1034 725 licherwyl, dergstallten bemurme
232 650 1059 783 das er keinen Schlaff gehegt, sonder
186 699 1047 832 immerdar mit imme zancken unnd bab
218 751 1041 875 mußen, Inmaßen Inn keine Meister
202 805 1009 934 by inen hulden noch Eyden mögen,
221 869 1060 1034 So hater ouch bekenndt, Alls er vnlan¬
167 948 1016 1086 est vonn Chun auch Bern gangen, si
193 1009 1025 1121 Ime ein Person mit griner kleyrung
224 1056 1035 1164 o sich fürein student ußgäben, vnnd
179 1085 1032 1210 mr Hammerli genamset begegnet.
202 1168 1035 1259 Welcher Allssgeiannderen bekent
203 1209 1024 1316 Vas gstalltenn Jeder sich dem bäsen
163 1259 1044 1352 Geist ergäbenn sich mit Imme vergliche
186 1315 1043 1403 Anns wälschlmund zehreysen unnd
187 1366 1027 1454 daselbsten zestälen sonnderlich Aber
203 1410 1048 1505 vff die Roßhanndler zewarten vnd
190 1470 706 1549 dieselben vszezuchen.
819 1485 1056 1558 Wyl Aberm
198 1527 1039 1603 Hanns der Nachrichten Allhie, Inne ge¬
188 1575 1023 1645 faungnen beherbenget, der Ander Abe
197 1613 1048 1697 zum Bären übernacht gsin und morg
176 1665 1038 1759 enns früfort gangen, allso das er inn
188 1710 1054 1800 nit wyter antroffenn, sie uß irem vor
158 1760 724 1842 haben nützit wordenn
178 1817 1016 1926 Kundtlichen bekennt er, das er sich
178 1881 1036 1989 leyden. Inn sirem schmechlichen dienst
177 1940 1044 2042 etlichergstallt, wider gepur verhalten
175 1998 1030 2073 sonnderlich Aber zun dem, das er et¬
163 2045 996 2138 tliche hut, die er vmbgepurenden Lohn
158 2101 1005 2178 Vszuchen vnnd denen so das Abganget
150 2143 1033 2241 Nych gehörig gsin zustellen sollen, sonder
154 2195 1031 2273 lich aber Letstlichenn ein einem Arnen
151 2240 984 2327 man zu mesen gehörige hut einem
121 2293 1003 2403 Bärber zu Burgdorff verkauft,
119 2385 1053 2502 vff sölliche des gedachtenn Stoffel Aptelle
95 2455 1023 2557 Wider die heylige hoche Maystet Gottes
127 2480 1041 2614 getane Sunden vnnd misthandlungen habe
140 2535 1022 2646 nun g herren unnd oberen schs Rath
135 2611 1012 2716 vnnd Burger diser Coplichen Statt det
122 2635 1044 2757 uff hren eyd zu recht erkenndt und gespriochen.
1983 8 2043 77 14
1166 38 2120 268 wen inne lemnentrichter benerchen e
1270 91 2089 279 Obenus vff gwonnliche Richtstott
1178 152 2084 347 sanne daselbsten us gnow nnd
1187 183 2119 399 Barmhertzigkeyt, ouch vonn siner zugenut
1171 234 2128 455 wagen syn haupt abschlachen, Demnach den
1167 289 2126 495 Corpel Inn ein Brönnent furwerffen. zu
1187 329 2139 544 bulfen vnnd Aschen verbrönnen, vnnd Allso
1177 421 2097 587 vom Läben zum todt nach Keyserlichem
1161 487 1700 653 erten bisten soll
1298 633 2091 793 obgeschribne Urtheyl ist uff
1343 722 2126 851 sambstag den 12. junii vorge-
1347 776 2023 898 maltenn Jars An gesagtem
1376 823 2075 935 Aprell. vollzogenn Vnnd er¬
1668 879 2129 968 stattet worden
1413 1094 2145 1215 anns jungein
1308 1184 1364 1255 2
1405 1187 1984 1313 Lanndtstrycher
1184 1343 2145 1449 Demnach gegenwürtiger, Hannszung eines
1187 1405 2130 1491 Kumpentragens vnnd Lanndttrychers Sohn
1177 1445 2145 1535 Welcher vonn keinem Heymet. Insagen weiß
1171 1503 2115 1601 dann das er zu Schupfenn trufft worden
1202 1556 2107 1657 sie, sich vonn zugent an keiner arbeyt,
1202 1603 2055 1697 onngeacht vil Personenn, Inne darzu
1190 1656 2113 1741 vermannt, vnndernemen wollen, sondern
1202 1718 2137 1794 immerdar untzit zu gegenwürtiger zytt.
1202 1763 2105 1855 dem Pätel, vnnd mußiggang nachzogen
1197 1821 2197 1890 Inmaßen er Biderben lüten, mechtig vber¬
1201 1872 2130 1945 lagenn gsin, vnnd diewyl vß gwüßen
1187 1936 2091 2019 umbstenden, bemelter jung sich träfflich
1199 1964 2136 2069 verdächtig gemacht, alls sölte er jüngst
1175 2031 2197 2129 abgelofuertagen zu Althistorff, vnnder¬
1178 2086 2076 2175 halb Burgdorff, für ynngelegt haben
1202 2134 2098 2238 darus leyder ein Jämmerliche Grunst¬
1197 2192 2113 2289 enntstannden, Ist er deß: ouch annderer
1181 2243 2083 2352 gezigten Vnntaten wägenn, gfengklich
1177 2300 2105 2390 Vnnzogen, vnnd mnnen Gnädigen herren
1190 2361 2133 2460 unnd ohberen zugeschickt worden, welche
1191 2415 2089 2509 Inne volgenits darüber gepurender.
1190 2464 2115 2561 maßen exameren vnnd befragenn
1198 2511 1362 2591 laßenn
1658 2535 2143 2639 Der hat uff zinstag
1184 2556 2147 2683 Denn 15. junii diß 1 b 19 jars inn by
1184 2630 2193 2747 syn, vnnd anhören, der Treimesten, fromen
