4000 3000
68 1042 153 1127 E
105 107 936 249 Vnnd zu Sansen Müller kommen, zunn
169 180 938 307 solches vermaldet, habe derselb imme,
157 227 956 351 geantworiget, wann die tochter g
153 286 931 411 Well laße er es auch beschächen, derden
169 348 951 468 er sy der erh, nachdem er vernantt
148 398 964 525 das sy urd Gunerli vermächlet wer
165 450 964 579 föllen angsprochet, das er aber sil
154 505 843 617 stillgschwigen sye die ursach
864 528 1011 618 das
160 572 862 676 vonn ihrem schwager ghördt
165 619 975 725 vor anderhalbem jahrr nit verhürete
160 675 956 794 werden, sonsten so er von zinerlih
171 738 870 835 werbung an die tochter geeüs,
895 768 956 833 hut
163 795 870 899 wellte er syn Ansprach bs zyez
901 832 954 891 en
165 858 663 975 geoffenbaret haben,
169 1005 973 1121 über denn deiten ime fürgehaltenen
174 1099 976 1188 Gnncten, betraffent . Niclaūfens
178 1149 965 1240 vonn Graffenried seligen, gehepten
200 1196 996 1297 chwyb, ob er die Wann St. Johansen
191 1257 997 1357 nit endthfürt unnd iren sonderbar
170 1311 972 1416 diebstäl verbringen hälffen, zeigt
190 1372 981 1455 darüber an er habe zwwar da alls
207 1426 996 1499 ein beck gedienet, eye aber ander,
202 1475 993 1578 halb jahr vor Freuwenfahl da dannn
210 1544 978 1628 kommen unnd habe iren untzit und
185 1599 1008 1699 gepurlichs verbringen hellffen, wuß
203 1658 999 1746 ouch nichts bößes, Iren nachzereden,
207 1707 994 1792 allein das er zu underschidenlichen
214 1774 965 1867 malen von iren ghördt sy well
224 1821 965 1906 hinweg unnd an ein ander sorth
209 1871 1013 1988 welches er iren jedes mals gevendt
176 1947 981 2044 unnd gsprochen, wohin sywelt das
197 1999 996 2115 tretz beser, dann zu St. Hohausen
203 2055 342 2131 Wer
1011 1007 1045 1076 161
1083 58 1869 285 lhalmus.
1042 255 1944 384 Demnach Margreth Glanß ein Arme
1075 323 2031 440 borhaffte wybs person zu dießbach würtig,
1081 382 1974 496 so hrem anzeigen nach oungfar by 23t
1073 430 2019 546 haren alle jüngst abgelofnertagen, s
1067 476 2004 602 Stäffan Schmid predigranten alhie.
1084 538 2017 670 gegwillig erofnet, wie das sy sich vor
1091 589 2024 693 etwas harenn mit zweyen bruderen
1078 649 2055 761 Im ueküschheyt unnd blut schand leyder
1078 712 2064 811 schwärlich verganngen unnd vertiefft
1084 764 2027 870 Als ist sy deßwegen gfencklich gezogen.
1088 827 2024 916 unnd uß benelch miner gltz unnd ohberen
1097 879 2063 985 Vff Zinstag den 4. November diß 1628 Jars
1058 932 2043 1052 Durch die Frommen furnemen, fursichtigen
1104 995 2003 1107 Wyßen Herren Johanns Spläting deß
1105 1045 2006 1145 kleynen rechts miclaus von Werdt
1085 1108 2055 1215 Der Bergeren Baumelweyß verwößer
1099 1163 2003 1273 deß Rathußes gepürendermaßen, vber
1103 1222 2037 1313 Irenthalb gestelten ehorgrichtlichen bricht
1103 1282 2067 1366 mit ernsthafften worten unnd betröüwund
1107 1335 2061 1417 der Marter, exammiert worden, die hate
1091 1377 2034 1485 Is hienor frywillig vor einem ersammen
1101 1441 2011 1532 ehorgricht gethanne bekhanndtnus noch
1112 1492 1953 1584 malen wahr syn unnd das sy deßhalt
1108 1542 2044 1635 niemandt vnrecht thuye bestättigte Inn
1115 1594 2004 1677 volgennden wortten, es sie ongfar vor
1122 1646 2034 1737 sechs jaren j Jost von Diesbacs son
1103 1699 2003 1789 Berhart genant, so seidther thodts ver
1130 1752 2030 1841 cheyden zu ires vatters huß kommen unnd
1119 1800 2017 1890 vermeldet, er sölle inn sines junckeren
1123 1853 2054 1946 Peller, ein maß wyn schicken reihen, daruf
1127 1904 1979 1998 Ingefangnen solches benolchen, wie
1131 1963 2031 2052 gunt inn deß Junckeren zu Dießbach
1115 2012 2023 2108 Peller kommen haben ir Gerhart fellig
1115 2065 2062 2161 die Chur hinder Ime beschloßen, vnnd Iren
1119 2120 2033 2214 angemütet, sines willens mit imme ze
1097 2161 2069 2272 pflegen, wellches sy alls bald gethan Nun
1118 2221 2018 2330 habe nach der vermischung, der sei
1124 2290 2095 2383 mas dyn Ihren sampt einem batzen dan
1109 2319 2093 2438 sy behalten, zu Lon gäbenn, nachwerts habe
1104 2404 2070 2488 diser z Berhart eins mals by heiterem
1119 2445 2000 2544 tag, inn der rybe zu Dießbach, by
1118 2496 2039 2609 Welcheren ir vatter selig zuhuß gsin
1115 2557 2041 2670 unnd nachts uff einer zu dießbach glych
1121 2611 2045 2720 by dem dorff gelegen maten, Alls sy
1121 2673 2067 2788 ein anderen ongferderwys begegnet
1121 2700 1990 2844 sich mit ihren abermalen fleychlich
1120 2749 1378 2873 vermisch
1982 35 2077 91 31
