4000 3000
255 47 1012 300 mndr
245 146 1024 364 Jacob Meiers deß Sydemstrickers etc.
274 215 953 376 welcheren die magt dem hußrhatt
255 272 1000 448 gebracht haben aach befragt und
948 327 1042 419 t
256 347 941 477 warheit anzuzeigen vermant.
258 401 954 564 bekantlich worden, das die magt
228 456 955 607 Feürlig zreu ein ba
237 539 946 654 Inhalten zu Ostermundigen
244 594 1016 743 ghan, iren uß benelch der f hienorgen
250 664 997 800 ten hußrhat in ein trog zu behalten
217 725 972 844 zugebracht habe, welches sy den
967 811 1014 887 eth
239 784 987 923 und der  by der mogt den schlüßell
250 860 1007 1006 wider zugeschickt, Item so habe Joa an
251 929 1004 1052 domolen die f ein alte weki und
239 1004 1013 1128 ein ehrin häfeli ußhin zutrgen
244 1057 937 1194 geben, vnd hernach bis zu deß
937 1108 1005 1184 h
245 1125 930 1238 todt, mithin dem Sine äsige
929 1172 1032 1253 sti
243 1183 1012 1302 siderhar ob sye sy nit wyters ab
237 1239 997 1378 zm huß gsind, also das wo etwas uß
228 1320 996 1412 dem geöffneten gmach sye entwen
237 1384 989 1487 worden, s deßen nüt vermae, wuß
230 1441 1004 1541 auch gantz mit daruon, werd ich
237 1509 980 1624 ach nit anderst erfunden, bittet
237 1568 856 1682 vd g. vmb entledigung
1894 17 1986 112 160
1101 421 1934 572 denach von m h dem chorrichteren
1104 506 1927 615 ug fürgetragen worden, wie das
1111 541 1962 669 Sosell ygr weibell zu Signomwe
1115 616 1952 733 Inn clagßwyß fürgebracht hale,
1108 672 1989 801 gnoch dem Barbara syn dochter von
1107 732 2014 866 Hans Hanggen ußem amptwrachsel
1111 801 2013 920 waldt hiemor etwas zys iher einen
1093 877 2016 994 unehelichen kindts schwanger worden
1101 944 1959 1056 und er zug gedachte sen tochter
1097 1000 2005 1123 zn Mechel gebysens deß Landtbar
1105 1078 2003 1209 huß zu kindtbegen verdinget, habe
1117 1149 1992 1264 aber gemelter Zoffg gedachte syn
1102 1216 1988 1319 dochter zuuor In glupt vffguon¬
1103 1281 2021 1386 das sy dem kintdehen sy schwanger
1121 1364 1958 1446 nit zuue zunggen, sond einen
1112 1422 1968 1517 anderen Zum vatter Zumselben
1116 1477 1993 1586 namste und als sy in findts
1124 1543 1941 1645 nöthen gesin, habe deß michel
1103 1614 2003 1721 Hebysens F. die sach desto bas zu¬
1119 1687 2000 1789 uertuschen kein geschworne gebamen
1116 1760 2022 1845 reichen wollen, sonder auch hernac
1118 1815 2061 1914 als sy deß Kindts genosen daselbige
1108 1887 2045 2002 sye deß hebysens d zumg predi¬
1119 1959 2017 2072 santen gan Houpperswyl gangen
1108 2028 1982 2127 vnd daselbige vnder einem vnbe¬
1117 2078 2054 2210 banten namen eines Auffenträgers
1125 2161 2051 2280 von Hoffungen, Tauffen laßen wollen
1115 2214 2034 2343 das aber der s predicent, wyl zuwar
1125 2277 1954 2408 dsach zwyfflet nit Ihme weilen
1958 2366 2017 2445 11
1108 2353 2047 2501 dswegen sy das kindt gan Rtüderß
1119 2434 1938 2565 getragen, und daselbst Tauffen
1132 2496 2010 2655 lasen, möge aus mit weßen, ob
1105 2549 2050 2718 Drs dem rechten vatter zu Tauffe
1133 2620 2036 2796 laßen oder nit. Uff weiliches dem
1139 2697 1977 2891 de ptyen zu allen ythein fur
1197 2792 1982 2949 ersam ehorgrecht alhie we
