<?xml version="1.0" encoding="UTF-8" standalone="yes"?>
<PcGts xmlns="http://schema.primaresearch.org/PAGE/gts/pagecontent/2013-07-15" xmlns:xsi="http://www.w3.org/2001/XMLSchema-instance" xsi:schemaLocation="http://schema.primaresearch.org/PAGE/gts/pagecontent/2013-07-15 http://schema.primaresearch.org/PAGE/gts/pagecontent/2013-07-15/pagecontent.xsd">
    <Metadata>
        <Creator>prov=University of Rostock/Institute of Mathematics/CITlab|PLANET AI GmbH/Gundram Leifert/gundram.leifert@planet-ai.de:name=German_Kurrent_XVI-XVIII_M1(htr_id=19584)::::v=2.6.7
prov=University of Rostock/Institute of Mathematics/CITlab|PLANET AI GmbH/Tobias Gruening/tobias.gruening@planet-ai.de:name=de.uros.citlab.module.baseline2polygon.B2PSeamMultiOriented:v=2.6.7
prov=University of Rostock/Institute of Mathematics/CITlab|PLANET AI GmbH/Gundram Leifert/gundram.leifert@planet-ai.de:name=Turmbücher_StaBe_3_A.Funk(htr_id=27278)::::v=2.6.7
prov=University of Rostock/Institute of Mathematics/CITlab|PLANET AI GmbH/Tobias Gruening/tobias.gruening@planet-ai.de:name=de.uros.citlab.module.baseline2polygon.B2PSeamMultiOriented:v=2.6.7
prov=University of Rostock/Institute of Mathematics/CITlab|PLANET AI GmbH/Tobias Gruening/tobias.gruening@planet-ai.de:name=/net_tf/LA73_249_0mod360.pb:de.uros.citlab.segmentation.CITlab_LA_ML:v=2.6.6
Transkribus</Creator>
        <Created>2020-10-03T12:26:27.045+02:00</Created>
        <LastChange>2022-09-12T14:25:37.207+02:00</LastChange>
        <TranskribusMetadata docId="1334811" pageId="52359555" pageNr="145" tsid="114641304" status="IN_PROGRESS" userId="9570" imgUrl="https://files.transkribus.eu/Get?id=XUDIJEIGMLHTCNHWJVWYBTGU&amp;fileType=view" xmlUrl="https://files.transkribus.eu/Get?id=ENLNGPGUBQFGBFYDYRBKXGNB" imageId="15998004"/>
    </Metadata>
    <Page imageFilename="BIX461_145v,146r.jpg" imageWidth="4000" imageHeight="3000">
        <ReadingOrder>
            <OrderedGroup id="ro_1687513820423" caption="Regions reading order">
                <RegionRefIndexed index="0" regionRef="r1"/>
                <RegionRefIndexed index="1" regionRef="r2"/>
                <RegionRefIndexed index="2" regionRef="r3"/>
            </OrderedGroup>
        </ReadingOrder>
        <TextRegion orientation="0.0" id="r1" custom="readingOrder {index:0;}">
            <Coords points="33,98 33,2753 1029,2753 1029,98"/>
            <TextLine id="r1l1" custom="readingOrder {index:0;}">
                <Coords points="287,164 354,148 378,168 637,193 680,177 721,227 809,215 951,276 969,277 978,230 903,169 807,164 699,89 534,120 486,116 401,36 304,68"/>
                <Baseline points="300,129 333,134 366,137 400,140 433,144 467,148 500,153 533,157 567,162 600,167 634,173 667,178 700,186 734,192 767,199 801,206 834,215 867,223 901,232 934,241 968,252"/>
                <TextEquiv>
                    <Unicode>Abteisu Sulen</Unicode>
                </TextEquiv>
            </TextLine>
            <TextLine id="r1l2" custom="readingOrder {index:1;}">
                <Coords points="469,229 507,233 581,263 612,257 625,273 690,285 738,272 756,280 764,237 744,223 691,228 680,218 640,215 622,194 600,204 565,175 505,182 479,172"/>
                <Baseline points="476,219 501,223 526,226 551,231 576,234 601,239 626,244 651,249 676,252 701,259 726,264 752,270"/>
                <TextEquiv>
                    <Unicode>Metzger.</Unicode>
                </TextEquiv>
            </TextLine>
            <TextLine id="r1l3" custom="readingOrder {index:2;} person {offset:8; length:13;}">
                <Coords points="199,323 367,305 433,333 565,332 615,363 711,351 901,391 976,435 985,376 954,346 878,360 826,327 770,337 722,291 573,305 523,267 345,281 289,242 213,242"/>
                <Baseline points="213,278 251,283 289,289 327,293 365,298 403,302 441,307 479,312 517,317 555,321 593,327 631,332 669,339 707,344 745,351 783,359 821,368 859,377 897,388 935,398 974,411"/>
                <TextEquiv>
                    <Unicode>Demnach Abraham komet der met</Unicode>
                </TextEquiv>
            </TextLine>
            <TextLine id="r1l4" custom="readingOrder {index:3;}">
                <Coords points="248,374 375,389 465,370 538,424 618,397 701,412 745,454 789,425 976,469 964,431 828,377 764,365 705,389 568,348 376,349 356,328 256,323"/>
                <Baseline points="257,354 292,356 328,359 364,362 399,365 435,369 471,373 506,377 542,382 578,386 614,392 649,397 685,402 721,408 756,415 792,421 828,429 863,436 899,443 935,452 971,461"/>
                <TextEquiv>
                    <Unicode>alhie, an verschinnem deß loblichen vnd</Unicode>
                </TextEquiv>
            </TextLine>
            <TextLine id="r1l5" custom="readingOrder {index:4;} place {offset:21; length:10;}">
                <Coords points="227,434 290,456 511,453 676,504 773,482 806,511 912,516 962,545 977,470 941,490 798,444 677,453 581,413 500,423 460,392 344,418 234,383"/>
                <Baseline points="234,422 270,425 306,429 343,432 379,435 416,439 452,443 489,447 525,450 562,455 598,459 634,464 671,468 707,474 744,480 780,485 817,492 853,500 890,508 926,515 963,525"/>
                <TextEquiv>
                    <Unicode>Regements vffric, zu Iegestorff</Unicode>
                </TextEquiv>
            </TextLine>
            <TextLine id="r1l6" custom="readingOrder {index:5;}">
                <Coords points="252,524 445,507 518,523 573,570 612,544 690,544 968,609 976,557 910,515 719,496 654,519 578,503 554,474 518,497 486,471 406,488 259,466"/>
                <Baseline points="261,494 296,496 331,498 366,501 402,504 437,506 472,510 507,514 543,518 578,521 613,525 648,529 684,534 719,540 754,545 789,551 825,557 860,563 895,571 930,578 966,587"/>
                <TextEquiv>
                    <Unicode>gethaner Malzyen mit h. stocker</Unicode>
                </TextEquiv>
            </TextLine>
            <TextLine id="r1l7" custom="readingOrder {index:6;}">
                <Coords points="247,588 585,591 981,678 987,628 958,635 925,597 869,599 833,570 763,591 675,553 482,569 413,557 379,513 296,543 255,523"/>
                <Baseline points="255,567 291,570 327,573 363,575 399,578 435,579 471,582 507,585 543,588 579,591 616,595 652,599 688,603 724,608 760,614 796,620 832,626 868,633 904,642 940,651 977,662"/>
                <TextEquiv>
                    <Unicode>Soloturnn vor dem wirtzhuß ein</Unicode>
                </TextEquiv>
            </TextLine>
            <TextLine id="r1l8" custom="readingOrder {index:7;}">
                <Coords points="241,660 504,681 540,722 595,685 626,711 736,691 783,727 878,717 945,758 1002,739 1008,689 890,684 842,634 786,670 711,663 584,591 519,638 488,619 395,634 331,582 246,615"/>
                <Baseline points="249,635 286,639 323,640 361,644 398,647 436,650 473,653 511,656 548,660 586,663 623,668 660,671 698,677 735,680 773,686 810,691 848,698 885,705 923,713 960,720 998,728"/>
                <TextEquiv>
                    <Unicode>enfug vnd fräfell angefangen, A</Unicode>
                </TextEquiv>
            </TextLine>
            <TextLine id="r1l9" custom="readingOrder {index:8;}">
                <Coords points="235,722 318,749 683,751 782,787 829,763 913,810 995,809 997,779 919,743 868,753 822,708 788,728 752,697 708,727 634,720 600,690 546,721 241,671"/>
                <Baseline points="243,707 280,711 317,714 355,718 392,720 429,723 467,727 504,730 541,732 579,735 616,738 653,742 691,746 728,750 765,755 803,760 840,766 877,773 915,780 952,790 990,798"/>
                <TextEquiv>
                    <Unicode>das hochgenampt mn. h. h. nach Iner</Unicode>
                </TextEquiv>
            </TextLine>
            <TextLine id="r1l10" custom="readingOrder {index:9;}">
                <Coords points="245,828 280,841 350,795 390,821 449,804 528,833 555,814 666,857 710,830 914,853 950,885 1020,889 1024,853 968,816 868,824 817,782 713,784 682,750 625,777 568,746 504,787 415,740 332,757 255,733"/>
                <Baseline points="257,774 295,780 333,784 371,790 409,794 447,797 485,800 523,803 561,806 599,809 637,812 675,815 713,818 751,822 789,827 827,832 865,837 903,844 941,852 979,860 1017,870"/>
                <TextEquiv>
                    <Unicode>sölliches clagßwyß fürkomen ver</Unicode>
                </TextEquiv>
            </TextLine>
            <TextLine id="r1l11" custom="readingOrder {index:10;}">
                <Coords points="252,864 350,870 387,896 487,881 542,905 832,908 877,942 953,936 957,889 880,862 780,877 721,836 632,874 556,812 471,853 350,804 301,838 254,835"/>
                <Baseline points="258,851 292,856 327,860 361,864 396,867 430,870 465,873 499,875 534,878 568,880 603,882 637,884 672,887 706,889 741,892 775,896 810,899 844,903 879,908 913,913 948,920"/>
                <TextEquiv>
                    <Unicode>ursachet worden, wyl derglyche</Unicode>
                </TextEquiv>
            </TextLine>
            <TextLine id="r1l12" custom="readingOrder {index:11;}">
                <Coords points="965,931 973,935 976,940 990,944 995,942 998,950 1003,954 1007,952 1023,960 1035,938 1030,934 1015,889 1003,885 996,878"/>
                <Baseline points="980,918 999,936 1025,945"/>
                <TextEquiv>
                    <Unicode>frä.</Unicode>
                </TextEquiv>
            </TextLine>
            <TextLine id="r1l13" custom="readingOrder {index:12;}">
                <Coords points="252,947 639,963 673,985 764,971 946,1024 997,1014 1007,901 883,959 832,908 762,945 708,900 582,928 446,924 405,887 361,908 310,865 258,888"/>
                <Baseline points="260,923 296,927 333,932 369,935 406,938 443,941 479,943 516,945 552,947 589,950 626,953 662,955 699,957 735,961 772,964 809,968 845,974 882,979 918,985 955,993 992,1002"/>
                <TextEquiv>
                    <Unicode>feiheite und unfründtligligke</Unicode>
                </TextEquiv>
            </TextLine>
            <TextLine id="r1l14" custom="readingOrder {index:13;}">
                <Coords points="242,1004 342,1006 451,1069 502,1026 603,1023 653,1046 801,1043 842,1074 958,1058 1020,1089 1023,1051 886,1005 666,977 575,992 528,960 472,992 384,959 245,972"/>
                <Baseline points="249,995 287,998 325,1002 364,1005 402,1009 440,1011 479,1013 517,1016 555,1017 594,1020 632,1023 670,1025 709,1029 747,1032 785,1035 824,1040 862,1044 900,1049 939,1055 977,1063 1016,1071"/>
                <TextEquiv>
                    <Unicode>nit zu fride und einigkeit, beder</Unicode>
                </TextEquiv>
            </TextLine>
            <TextLine id="r1l15" custom="readingOrder {index:14;} place {offset:18; length:5;}">
                <Coords points="236,1083 342,1079 388,1106 455,1081 482,1105 1022,1148 1025,1107 997,1089 838,1098 770,1043 662,1085 629,1057 569,1080 501,1039 442,1067 391,1033 293,1043 241,1015"/>
                <Baseline points="243,1062 281,1067 320,1072 359,1076 397,1077 436,1081 475,1083 513,1085 552,1088 591,1091 630,1092 668,1095 707,1098 746,1101 784,1104 823,1108 862,1113 900,1118 939,1124 978,1131 1017,1139"/>
                <TextEquiv>
                    <Unicode>Loblicher Stenden Bernn vnd Sol¬</Unicode>
                </TextEquiv>
            </TextLine>
            <TextLine id="r1l16" custom="readingOrder {index:15;}">
                <Coords points="246,1151 339,1146 408,1179 435,1159 581,1168 617,1195 741,1169 913,1181 1000,1215 1009,1166 748,1152 702,1123 624,1146 586,1116 526,1141 364,1135 287,1083 250,1088"/>
                <Baseline points="252,1133 289,1138 326,1143 364,1147 401,1150 439,1152 476,1155 514,1157 551,1159 589,1161 626,1162 663,1164 701,1166 738,1167 776,1170 813,1172 851,1176 888,1180 926,1185 963,1189 1001,1197"/>
                <TextEquiv>
                    <Unicode>turn, gereichen vnd denen wid</Unicode>
                </TextEquiv>
            </TextLine>
            <TextLine id="r1l17" custom="readingOrder {index:16;}">
                <Coords points="226,1224 863,1251 1020,1290 1026,1204 948,1231 875,1197 784,1220 712,1172 658,1203 478,1214 380,1167 315,1196 231,1148"/>
                <Baseline points="233,1205 272,1208 311,1213 350,1215 389,1219 428,1221 467,1223 507,1225 546,1228 585,1229 624,1231 663,1233 702,1234 741,1236 781,1239 820,1242 859,1245 898,1248 937,1251 976,1254 1016,1260"/>
                <TextEquiv>
                    <Unicode>dan sy die vor soloturn, auch nit es</Unicode>
                </TextEquiv>
            </TextLine>
            <TextLine id="r1l18" custom="readingOrder {index:17;}">
                <Coords points="233,1293 326,1317 824,1313 1010,1338 1023,1294 870,1286 827,1254 728,1289 463,1279 406,1232 333,1270 235,1247"/>
                <Baseline points="240,1278 278,1282 317,1285 356,1289 395,1291 434,1292 472,1294 511,1295 550,1297 589,1298 628,1299 666,1301 705,1302 744,1303 783,1305 822,1307 860,1308 899,1311 938,1316 977,1319 1016,1323"/>
                <TextEquiv>
                    <Unicode>das endthin, von einem Toplichen Re</Unicode>
                </TextEquiv>
            </TextLine>
            <TextLine id="r1l19" custom="readingOrder {index:18;}">
                <Coords points="236,1396 398,1371 500,1415 554,1380 654,1379 854,1416 919,1391 1032,1425 1035,1371 901,1328 816,1330 765,1363 722,1318 633,1353 539,1319 462,1342 436,1317 398,1345 239,1334"/>
                <Baseline points="243,1355 282,1357 321,1359 360,1360 400,1362 439,1364 478,1365 517,1366 557,1368 596,1369 635,1370 674,1371 714,1373 753,1374 792,1377 831,1379 871,1381 910,1384 949,1387 988,1391 1028,1395"/>
                <TextEquiv>
                    <Unicode>gemeint uß zulaßung ihr g de</Unicode>
                </TextEquiv>
            </TextLine>
            <TextLine id="r1l20" custom="readingOrder {index:19;}">
                <Coords points="238,1454 279,1437 346,1468 480,1434 601,1449 646,1487 701,1440 1010,1473 1012,1410 964,1434 803,1427 735,1383 669,1423 240,1395"/>
                <Baseline points="245,1425 283,1427 321,1429 359,1430 397,1431 435,1433 473,1435 511,1437 549,1437 587,1439 625,1440 663,1441 701,1442 739,1443 777,1445 815,1445 853,1446 891,1448 929,1448 967,1449 1005,1451"/>
                <TextEquiv>
                    <Unicode>hüe gelad worden,sonder vil mehr</Unicode>
                </TextEquiv>
            </TextLine>
            <TextLine id="r1l21" custom="readingOrder {index:20;}">
                <Coords points="228,1511 569,1519 637,1557 720,1515 781,1552 843,1516 973,1546 1035,1534 1037,1472 979,1500 947,1470 859,1482 751,1452 699,1500 479,1435 331,1474 229,1467"/>
                <Baseline points="234,1496 273,1497 313,1499 353,1500 393,1502 432,1503 472,1504 512,1505 552,1506 591,1506 631,1508 671,1509 711,1510 750,1511 790,1512 830,1513 870,1515 909,1517 949,1518 989,1521 1029,1523"/>
                <TextEquiv>
                    <Unicode>das alle gute eidtgnoßische trune, mit</Unicode>
                </TextEquiv>
            </TextLine>
            <TextLine id="r1l22" custom="readingOrder {index:21;}">
                <Coords points="246,1579 338,1602 379,1577 700,1579 763,1606 802,1580 911,1588 956,1620 1030,1609 1018,1539 976,1570 903,1544 804,1568 718,1522 636,1557 583,1527 493,1520 404,1555 315,1512 248,1525"/>
                <Baseline points="252,1565 290,1566 329,1568 367,1568 406,1569 445,1569 483,1570 522,1571 561,1571 599,1572 638,1572 677,1574 715,1574 754,1575 793,1577 831,1578 870,1578 909,1581 947,1583 986,1585 1025,1587"/>
                <TextEquiv>
                    <Unicode>burger vnd bruedliche liebe, gepfleg¬</Unicode>
                </TextEquiv>
            </TextLine>
            <TextLine id="r1l23" custom="readingOrder {index:22;}">
                <Coords points="246,1649 333,1629 466,1664 557,1647 810,1675 893,1647 1001,1661 1002,1622 903,1630 865,1601 721,1628 659,1588 615,1621 443,1622 398,1595 368,1611 247,1583"/>
                <Baseline points="252,1629 289,1632 326,1633 363,1635 400,1635 438,1637 475,1638 512,1640 549,1640 586,1641 624,1641 661,1643 698,1643 735,1643 772,1643 810,1643 847,1643 884,1643 921,1643 958,1643 996,1641"/>
                <TextEquiv>
                    <Unicode>et und gemehret werde, inne zn</Unicode>
                </TextEquiv>
            </TextLine>
            <TextLine id="r1l24" custom="readingOrder {index:23;}">
                <Coords points="236,1740 298,1712 427,1758 690,1717 954,1740 1007,1715 1008,1672 931,1682 880,1651 826,1681 762,1655 626,1694 544,1654 502,1685 354,1692 287,1646 237,1666"/>
                <Baseline points="243,1703 282,1704 322,1706 362,1706 402,1707 442,1707 482,1709 522,1709 562,1710 602,1710 642,1710 682,1712 722,1712 762,1712 802,1712 842,1712 882,1712 922,1712 962,1712 1002,1712"/>
                <TextEquiv>
                    <Unicode>gfangenschafft legen zulaßen, vnnd</Unicode>
                </TextEquiv>
            </TextLine>
            <TextLine id="r1l25" custom="readingOrder {index:24;}">
                <Coords points="222,1796 295,1790 358,1823 436,1778 521,1826 574,1783 759,1807 851,1781 1006,1819 1005,1730 907,1765 843,1716 773,1719 711,1764 659,1731 587,1761 556,1739 462,1763 393,1741 342,1769 222,1749"/>
                <Baseline points="228,1782 266,1782 305,1782 343,1782 382,1782 420,1782 459,1782 497,1782 536,1781 574,1781 613,1780 652,1779 690,1779 729,1779 767,1778 806,1778 844,1778 883,1778 921,1778 960,1778 999,1779"/>
                <TextEquiv>
                    <Unicode>diewyl jrg nit wüßen mögen us.</Unicode>
                </TextEquiv>
            </TextLine>
            <TextLine id="r1l26" custom="readingOrder {index:25;}">
                <Coords points="235,1875 735,1848 928,1872 975,1846 1015,1872 1013,1812 946,1789 919,1808 738,1791 613,1843 563,1817 510,1830 449,1790 397,1837 327,1813 234,1839"/>
                <Baseline points="240,1857 278,1857 316,1857 355,1857 393,1857 432,1857 470,1856 508,1856 547,1854 585,1854 624,1853 662,1851 700,1850 739,1849 777,1848 816,1847 854,1847 892,1845 931,1845 969,1845 1008,1845"/>
                <TextEquiv>
                    <Unicode>was ursich und anlaß erkommet, solch</Unicode>
                </TextEquiv>
            </TextLine>
            <TextLine id="r1l27" custom="readingOrder {index:26;}">
                <Coords points="232,1960 366,1941 406,1969 468,1950 510,1975 550,1933 614,1958 643,1929 832,1923 895,1953 1008,1919 988,1883 848,1897 740,1848 555,1911 494,1875 364,1859 231,1917"/>
                <Baseline points="237,1932 275,1933 313,1934 351,1934 390,1932 428,1932 466,1931 504,1930 543,1929 581,1928 619,1926 657,1924 696,1923 734,1921 772,1920 810,1919 849,1917 887,1917 925,1916 963,1916 1002,1917"/>
                <TextEquiv>
                    <Unicode>fräfenzeit an h stocker begangen.</Unicode>
                </TextEquiv>
            </TextLine>
            <TextLine id="r1l28" custom="readingOrder {index:27;}">
                <Coords points="208,2053 340,2012 439,2047 484,2021 524,2048 566,2009 612,2030 856,1985 978,1999 1014,1983 1011,1914 923,1967 801,1951 670,1979 562,1938 506,1978 459,1951 383,1984 305,1944 205,1990"/>
                <Baseline points="212,2012 251,2011 291,2009 331,2008 371,2006 411,2004 450,2003 490,2001 530,2000 570,1998 610,1995 649,1994 689,1992 729,1990 769,1988 809,1986 848,1985 888,1982 928,1980 968,1978 1008,1976"/>
                <TextEquiv>
                    <Unicode>haben Ihr g Iren beiden dieneren</Unicode>
                </TextEquiv>
            </TextLine>
            <TextLine id="r1l29" custom="readingOrder {index:28;}">
                <Coords points="209,2102 295,2082 343,2103 373,2074 510,2097 751,2059 866,2088 1026,2031 1008,1995 867,1997 803,2028 749,1998 591,2041 436,2050 365,2015 314,2054 263,2023 207,2055"/>
                <Baseline points="213,2073 253,2073 293,2073 334,2073 374,2072 414,2070 455,2069 495,2068 535,2066 576,2064 616,2062 656,2060 697,2058 737,2055 777,2052 818,2049 858,2046 898,2042 939,2040 979,2036 1020,2033"/>
                <TextEquiv>
                    <Unicode>Großweibell und grichtschryber</Unicode>
                </TextEquiv>
            </TextLine>
            <TextLine id="r1l30" custom="readingOrder {index:29;}">
                <Coords points="202,2167 434,2150 498,2188 531,2158 624,2175 684,2131 847,2154 887,2118 915,2141 1026,2099 1024,2062 949,2048 916,2085 789,2096 732,2063 650,2108 616,2082 515,2101 480,2076 441,2115 385,2082 199,2126"/>
                <Baseline points="207,2148 247,2148 288,2147 328,2145 369,2144 410,2141 450,2141 491,2139 532,2137 572,2135 613,2133 654,2130 694,2128 735,2125 776,2122 816,2118 857,2114 898,2110 938,2105 979,2099 1020,2094"/>
                <TextEquiv>
                    <Unicode>die kundtschafften, so darby gsen und</Unicode>
                </TextEquiv>
            </TextLine>
            <TextLine id="r1l31" custom="readingOrder {index:30;}">
                <Coords points="28,2177 83,2158 112,2159 134,2178 150,2176 161,2166 175,2169 186,2159 198,2160 198,2118 169,2126 140,2108 83,2133 58,2113 27,2114"/>
                <Baseline points="33,2151 59,2148 86,2148 112,2148 139,2148 165,2148 192,2148"/>
                <TextEquiv>
                    <Unicode>bevolchen</Unicode>
                </TextEquiv>
            </TextLine>
            <TextLine id="r1l32" custom="readingOrder {index:31;}">
                <Coords points="228,2239 532,2235 654,2198 864,2214 1026,2170 1023,2132 888,2121 831,2170 752,2181 673,2151 637,2185 521,2174 475,2204 402,2180 225,2187"/>
                <Baseline points="233,2216 272,2217 311,2217 351,2217 390,2217 429,2216 469,2214 508,2213 547,2211 587,2209 626,2207 665,2203 705,2200 744,2196 783,2193 823,2189 862,2184 901,2179 941,2174 980,2168 1020,2162"/>
                <TextEquiv>
                    <Unicode>und verlauff der sachen wüßens habe</Unicode>
                </TextEquiv>
            </TextLine>
            <TextLine id="r1l33" custom="readingOrder {index:32;}">
                <Coords points="228,2290 325,2312 519,2282 589,2305 791,2263 869,2277 1026,2230 1024,2205 952,2223 830,2199 707,2254 643,2218 554,2261 515,2230 400,2266 343,2235 225,2247"/>
                <Baseline points="233,2282 272,2283 311,2285 351,2285 390,2284 429,2283 469,2282 508,2280 547,2279 587,2275 626,2273 665,2270 705,2267 744,2262 783,2258 823,2253 862,2249 901,2245 941,2240 980,2235 1020,2229"/>
                <TextEquiv>
                    <Unicode>möchten zuuerhören und ime dn</Unicode>
                </TextEquiv>
            </TextLine>
            <TextLine id="r1l34" custom="readingOrder {index:33;}">
                <Coords points="213,2361 322,2379 380,2352 560,2340 597,2368 669,2342 734,2362 793,2331 966,2316 964,2277 640,2320 592,2303 562,2326 282,2313 212,2342"/>
                <Baseline points="218,2351 255,2351 292,2349 329,2349 366,2348 403,2348 440,2346 477,2345 514,2343 551,2341 588,2339 625,2336 662,2334 699,2332 736,2328 773,2324 810,2322 847,2318 884,2313 921,2309 959,2303"/>
                <TextEquiv>
                    <Unicode>nach daruber Zue exammieren</Unicode>
                </TextEquiv>
            </TextLine>
            <TextLine id="r1l35" custom="readingOrder {index:34;}">
                <Coords points="177,2434 387,2450 450,2416 577,2412 630,2439 744,2371 895,2434 1035,2367 1010,2322 939,2351 660,2350 630,2382 537,2393 439,2361 173,2373"/>
                <Baseline points="182,2424 224,2421 266,2420 309,2418 351,2417 393,2415 436,2414 478,2413 520,2411 563,2409 605,2407 647,2405 690,2402 732,2399 774,2396 817,2391 859,2386 901,2381 944,2374 986,2367 1029,2360"/>
                <TextEquiv>
                    <Unicode>Welliches dan vff May dis 1611</Unicode>
                </TextEquiv>
            </TextLine>
            <TextLine id="r1l36" custom="readingOrder {index:35;}">
                <Coords points="194,2538 345,2492 410,2521 452,2490 600,2512 636,2480 718,2510 787,2472 944,2487 1011,2446 1007,2377 898,2445 827,2398 726,2449 682,2420 651,2452 603,2431 521,2465 454,2415 407,2451 191,2485"/>
                <Baseline points="198,2501 238,2497 278,2496 319,2492 359,2490 399,2489 440,2487 480,2486 520,2484 561,2481 601,2480 641,2478 682,2475 722,2472 762,2469 803,2467 843,2462 883,2458 924,2454 964,2449 1005,2442"/>
                <TextEquiv>
                    <Unicode>Jars Vß beuelch vndt g durch </Unicode>
                </TextEquiv>
            </TextLine>
            <TextLine id="r1l37" custom="readingOrder {index:36;} person {offset:0; length:17;}">
                <Coords points="137,2617 339,2565 556,2607 705,2536 741,2562 1030,2501 1026,2464 681,2526 451,2490 389,2554 198,2519 132,2555"/>
                <Baseline points="140,2586 184,2581 228,2577 272,2573 316,2570 360,2567 404,2564 449,2562 493,2558 537,2556 581,2553 625,2550 669,2546 713,2542 758,2538 802,2532 846,2527 890,2520 934,2512 978,2503 1023,2493"/>
                <TextEquiv>
                    <Unicode>Margnart Lehender in der mannen</Unicode>
                </TextEquiv>
            </TextLine>
            <TextLine id="r1l38" custom="readingOrder {index:37;}">
                <Coords points="194,2675 258,2694 305,2667 339,2692 404,2654 520,2662 765,2618 825,2643 1010,2585 1004,2525 805,2595 723,2548 660,2611 545,2622 499,2596 403,2616 339,2565 301,2596 243,2588 190,2636"/>
                <Baseline points="198,2660 238,2657 278,2655 318,2653 358,2651 399,2649 439,2646 479,2643 519,2640 559,2636 600,2633 640,2629 680,2624 720,2619 760,2614 801,2608 841,2602 881,2595 921,2588 961,2579 1002,2570"/>
                <TextEquiv>
                    <Unicode>kefi gepürender maßen gegen shu</Unicode>
                </TextEquiv>
            </TextLine>
            <TextLine id="r1l39" custom="readingOrder {index:38;} place {offset:0; length:5;}">
                <Coords points="185,2755 354,2731 430,2756 538,2711 648,2721 822,2691 889,2723 882,2648 804,2665 701,2623 606,2687 555,2654 500,2693 446,2656 420,2683 373,2667 338,2692 283,2666 258,2694 179,2688"/>
                <Baseline points="189,2738 223,2736 258,2734 292,2733 327,2730 361,2729 396,2726 430,2724 465,2722 499,2719 534,2717 568,2713 603,2711 637,2707 672,2703 706,2698 741,2695 775,2690 810,2684 844,2678 879,2673"/>
                <TextEquiv>
                    <Unicode>Tomet ist erstattet worden.</Unicode>
                </TextEquiv>
            </TextLine>
            <TextEquiv>
                <Unicode>Abteisu Sulen
Metzger.
Demnach Abraham komet der met
alhie, an verschinnem deß loblichen vnd
Regements vffric, zu Iegestorff
gethaner Malzyen mit h. stocker
Soloturnn vor dem wirtzhuß ein
enfug vnd fräfell angefangen, A
das hochgenampt mn. h. h. nach Iner
sölliches clagßwyß fürkomen ver
ursachet worden, wyl derglyche
frä.
feiheite und unfründtligligke
nit zu fride und einigkeit, beder
Loblicher Stenden Bernn vnd Sol¬
turn, gereichen vnd denen wid
dan sy die vor soloturn, auch nit es
das endthin, von einem Toplichen Re
gemeint uß zulaßung ihr g de
hüe gelad worden,sonder vil mehr
das alle gute eidtgnoßische trune, mit
burger vnd bruedliche liebe, gepfleg¬
et und gemehret werde, inne zn
gfangenschafft legen zulaßen, vnnd
diewyl jrg nit wüßen mögen us.
was ursich und anlaß erkommet, solch
fräfenzeit an h stocker begangen.
haben Ihr g Iren beiden dieneren
Großweibell und grichtschryber
die kundtschafften, so darby gsen und
bevolchen
und verlauff der sachen wüßens habe
möchten zuuerhören und ime dn
nach daruber Zue exammieren
Welliches dan vff May dis 1611
Jars Vß beuelch vndt g durch 
Margnart Lehender in der mannen
kefi gepürender maßen gegen shu
Tomet ist erstattet worden.</Unicode>
            </TextEquiv>
        </TextRegion>
        <TextRegion orientation="0.0" id="r2" custom="readingOrder {index:1;}">
            <Coords points="1005,397 1005,547 1020,547 1020,397"/>
            <TextLine id="r2l1" custom="readingOrder {index:0;}">
                <Coords points="999,521 1014,520 1017,522 1026,522 1026,483 1017,483 1013,481 1005,473 999,473"/>
                <Baseline points="1005,497 1020,497"/>
                <TextEquiv>
                    <Unicode></Unicode>
                </TextEquiv>
            </TextLine>
            <TextEquiv>
                <Unicode></Unicode>
            </TextEquiv>
        </TextRegion>
        <TextRegion orientation="0.0" id="r3" custom="readingOrder {index:2;}">
            <Coords points="1050,37 1050,2938 2013,2938 2013,37"/>
            <TextLine id="r3l1" custom="readingOrder {index:0;}">
                <Coords points="1907,93 1925,93 1937,87 1946,95 1959,94 1985,74 2019,74 2018,6 2000,6 1975,32 1954,34 1944,43 1928,38 1907,42"/>
                <Baseline points="1913,66 1938,66 1963,66 1988,66 2013,65"/>
                <TextEquiv>
                    <Unicode>146</Unicode>
                </TextEquiv>
            </TextLine>
            <TextLine id="r3l2" custom="readingOrder {index:1;}">
                <Coords points="1946,124 1964,122 1974,124 1986,123 1989,126 1997,126 1996,90 1990,90 1987,94 1981,95 1974,88 1968,93 1965,91 1962,93 1955,91 1944,92"/>
                <Baseline points="1952,126 1992,123"/>
                <TextEquiv>
                    <Unicode></Unicode>
                </TextEquiv>
            </TextLine>
            <TextLine id="r3l3" custom="readingOrder {index:2;}">
                <Coords points="1108,232 1193,242 1238,203 1345,184 1387,216 1435,171 1535,156 1599,181 1784,142 1946,152 1917,100 1847,84 1762,110 1651,70 1551,127 1417,107 1377,151 1278,136 1240,177 1162,156 1104,192"/>
                <Baseline points="1113,228 1154,216 1195,206 1236,196 1278,186 1319,179 1360,171 1401,166 1443,160 1484,154 1525,151 1566,147 1608,144 1649,141 1690,138 1731,135 1773,134 1814,132 1855,131 1896,129 1938,128"/>
                <TextEquiv>
                    <Unicode>und als er erstlichen befragt worden,</Unicode>
                </TextEquiv>
            </TextLine>
            <TextLine id="r3l4" custom="readingOrder {index:3;}">
                <Coords points="1147,302 1428,226 1697,235 1843,205 1904,225 1985,196 1982,158 1801,186 1713,153 1659,186 1557,177 1388,215 1307,189 1142,242"/>
                <Baseline points="1151,282 1192,268 1233,257 1275,247 1316,239 1358,231 1399,225 1440,221 1482,216 1523,213 1565,209 1606,207 1647,205 1689,203 1730,201 1772,200 1813,198 1854,197 1896,194 1937,192 1979,188"/>
                <TextEquiv>
                    <Unicode>ber nit schon im hirreißen ganhr</Unicode>
                </TextEquiv>
            </TextLine>
            <TextLine id="r3l5" custom="readingOrder {index:4;}">
                <Coords points="1137,377 1383,295 1495,301 1532,330 1609,282 1787,294 1915,269 1946,252 1942,202 1857,248 1584,220 1540,253 1498,224 1436,259 1261,263 1210,297 1184,280 1132,315"/>
                <Baseline points="1140,347 1180,331 1220,320 1260,310 1300,301 1340,295 1380,288 1420,283 1460,280 1500,276 1540,275 1580,273 1620,272 1660,270 1700,269 1740,269 1780,267 1820,266 1860,264 1900,261 1940,257"/>
                <TextEquiv>
                    <Unicode>gstorff uff der straß zu etlichen, so</Unicode>
                </TextEquiv>
            </TextLine>
            <TextLine id="r3l6" custom="readingOrder {index:5;}">
                <Coords points="1138,423 1462,353 1551,372 1955,341 1994,330 1992,300 1874,262 1761,316 1639,286 1529,330 1221,335 1134,381"/>
                <Baseline points="1142,404 1184,393 1226,382 1268,374 1311,366 1353,359 1395,354 1438,350 1480,346 1522,343 1565,341 1607,339 1649,336 1691,335 1734,333 1776,332 1818,331 1861,330 1903,327 1945,326 1988,323"/>
                <TextEquiv>
                    <Unicode>mit imme grieten gredt habe, Man die</Unicode>
                </TextEquiv>
            </TextLine>
            <TextLine id="r3l7" custom="readingOrder {index:6;} place {offset:24; length:10;}">
                <Coords points="1126,482 1498,419 1602,413 1667,445 1717,412 1986,420 2017,411 2012,342 1741,388 1476,364 1404,405 1303,375 1123,445"/>
                <Baseline points="1131,471 1177,460 1223,448 1269,440 1316,432 1362,425 1408,420 1454,415 1501,412 1547,409 1593,407 1639,405 1686,404 1732,402 1778,401 1824,399 1871,398 1917,398 1963,396 2010,393"/>
                <TextEquiv>
                    <Unicode>en soloturn zu inen gan Iegestorff</Unicode>
                </TextEquiv>
            </TextLine>
            <TextLine id="r3l8" custom="readingOrder {index:7;}">
                <Coords points="1120,566 1283,499 2016,478 2011,416 1964,446 1814,414 1631,456 1587,426 1462,458 1330,438 1245,487 1179,468 1116,498"/>
                <Baseline points="1124,537 1168,525 1212,515 1256,507 1301,498 1345,493 1389,488 1433,482 1478,479 1522,476 1566,474 1610,471 1655,470 1699,470 1743,468 1787,468 1832,467 1876,465 1920,464 1964,462 2009,459"/>
                <TextEquiv>
                    <Unicode>kömnen, so werdnit sy wol so baldt uns</Unicode>
                </TextEquiv>
            </TextLine>
            <TextLine id="r3l9" custom="readingOrder {index:8;}">
                <Coords points="1117,612 1189,585 1257,609 1284,578 1403,559 1545,574 1872,530 1935,563 1985,540 1983,500 1924,471 1878,516 1752,483 1655,521 1424,490 1361,529 1324,508 1114,577"/>
                <Baseline points="1121,599 1163,590 1206,582 1249,574 1292,567 1335,561 1378,556 1421,552 1464,549 1507,545 1550,543 1592,540 1635,538 1678,536 1721,536 1764,534 1807,533 1850,531 1893,530 1936,528 1979,525"/>
                <TextEquiv>
                    <Unicode>un unsers kriegst und anderer sachen</Unicode>
                </TextEquiv>
            </TextLine>
            <TextLine id="r3l10" custom="readingOrder {index:9;}">
                <Coords points="1126,684 1228,639 1415,625 1442,646 1551,620 1622,658 1683,615 1886,626 1983,601 1981,575 1930,580 1874,539 1831,580 1457,565 1123,633"/>
                <Baseline points="1130,656 1172,648 1214,640 1256,635 1299,628 1341,624 1383,620 1426,617 1468,614 1510,612 1553,610 1595,609 1637,607 1679,606 1722,604 1764,603 1806,602 1849,599 1891,597 1933,594 1976,590"/>
                <TextEquiv>
                    <Unicode>wegen wellen Spätzlen, vnd wan Inne</Unicode>
                </TextEquiv>
            </TextLine>
            <TextLine id="r3l11" custom="readingOrder {index:10;}">
                <Coords points="1132,732 1341,724 1472,681 1525,718 1566,693 1955,681 1959,618 1711,666 1577,629 1463,661 1385,639 1130,691"/>
                <Baseline points="1137,719 1177,710 1218,702 1259,697 1300,692 1341,689 1382,686 1423,684 1464,681 1505,681 1546,680 1586,679 1627,678 1668,678 1709,677 1750,676 1791,675 1832,673 1873,671 1914,668 1955,665"/>
                <TextEquiv>
                    <Unicode>einer derglychen spätzlen werde, So</Unicode>
                </TextEquiv>
            </TextLine>
            <TextLine id="r3l12" custom="readingOrder {index:11;}">
                <Coords points="1113,794 1441,749 1637,750 1713,797 1787,746 1987,775 1985,712 1779,725 1673,691 1641,718 1356,714 1112,757"/>
                <Baseline points="1119,780 1162,774 1205,768 1248,762 1291,758 1334,754 1377,751 1420,749 1463,746 1506,744 1549,744 1592,743 1635,743 1678,741 1721,741 1764,741 1807,741 1850,740 1893,740 1936,739 1980,738"/>
                <TextEquiv>
                    <Unicode>wolle er einem ein multäschen geben</Unicode>
                </TextEquiv>
            </TextLine>
            <TextLine id="r3l13" custom="readingOrder {index:12;}">
                <Coords points="1102,878 1168,843 1230,862 1301,820 1774,819 1822,851 1859,817 1952,805 1951,779 1902,790 1856,757 1813,778 1778,750 1714,800 1485,761 1451,787 1312,770 1100,813"/>
                <Baseline points="1106,849 1148,841 1190,833 1232,827 1274,821 1316,818 1358,815 1400,813 1442,812 1484,810 1526,810 1568,810 1610,810 1652,812 1694,812 1736,813 1778,813 1820,813 1862,812 1904,811 1946,809"/>
                <TextEquiv>
                    <Unicode>gott gäb was imme darob widerfhäre</Unicode>
                </TextEquiv>
            </TextLine>
            <TextLine id="r3l14" custom="readingOrder {index:13;}">
                <Coords points="1101,914 1426,884 1484,925 1553,877 1720,916 1770,886 1946,889 1946,860 1852,830 1821,851 1775,819 1693,822 1643,856 1449,833 1101,879"/>
                <Baseline points="1107,909 1148,901 1190,894 1232,889 1273,885 1315,881 1357,878 1398,877 1440,875 1482,875 1524,875 1565,875 1607,875 1649,875 1690,876 1732,877 1774,878 1815,878 1857,879 1899,879 1941,879"/>
                <TextEquiv>
                    <Unicode>und ob inne nit syne mitgfredten</Unicode>
                </TextEquiv>
            </TextLine>
            <TextLine id="r3l15" custom="readingOrder {index:14;}">
                <Coords points="1108,984 1260,955 1347,969 1402,946 1606,972 1635,944 1773,952 1790,905 1606,909 1560,877 1484,925 1263,908 1211,941 1107,947"/>
                <Baseline points="1113,968 1146,963 1180,957 1213,954 1247,949 1281,947 1314,944 1348,941 1381,939 1415,937 1449,936 1482,935 1516,935 1549,933 1583,934 1617,935 1650,935 1684,936 1717,937 1751,938 1785,941"/>
                <TextEquiv>
                    <Unicode>darūmb abgemandt habnnt.</Unicode>
                </TextEquiv>
            </TextLine>
            <TextLine id="r3l16" custom="readingOrder {index:15;}">
                <Coords points="1091,1075 1260,1023 1350,1061 1450,1016 1678,1055 1730,1017 1837,1015 1880,1050 1959,1015 1958,982 1830,994 1732,957 1664,989 1592,967 1499,987 1438,952 1402,976 1371,952 1336,984 1270,970 1165,1012 1089,995"/>
                <Baseline points="1095,1037 1137,1032 1180,1026 1223,1023 1266,1020 1309,1017 1352,1014 1395,1013 1438,1011 1481,1010 1524,1008 1566,1008 1609,1007 1652,1007 1695,1007 1738,1008 1781,1008 1824,1008 1867,1009 1910,1010 1953,1010"/>
                <TextEquiv>
                    <Unicode>Darüber zeigt er an sye nit weniger</Unicode>
                </TextEquiv>
            </TextLine>
            <TextLine id="r3l17" custom="readingOrder {index:16;}">
                <Coords points="1104,1121 1247,1088 1494,1104 1685,1075 1906,1079 1981,1112 1979,1035 1835,1055 1741,1026 1681,1057 1493,1037 1463,1060 1407,1033 1367,1062 1314,1036 1103,1068"/>
                <Baseline points="1109,1100 1152,1094 1195,1091 1238,1087 1282,1083 1325,1081 1368,1078 1411,1076 1455,1074 1498,1072 1541,1071 1584,1070 1628,1070 1671,1070 1714,1070 1757,1070 1801,1070 1844,1070 1887,1070 1930,1071 1974,1071"/>
                <TextEquiv>
                    <Unicode>den dazs er zu etlichen vnd anderenvff</Unicode>
                </TextEquiv>
            </TextLine>
            <TextLine id="r3l18" custom="readingOrder {index:17;} person {offset:25; length:10;}">
                <Coords points="1107,1174 1240,1154 1288,1181 1422,1138 1637,1153 1673,1132 1946,1156 1962,1124 1884,1123 1831,1082 1583,1126 1433,1093 1315,1122 1255,1092 1217,1131 1179,1097 1106,1127"/>
                <Baseline points="1112,1157 1154,1155 1196,1152 1238,1149 1280,1146 1323,1145 1365,1143 1407,1140 1449,1139 1491,1137 1534,1136 1576,1136 1618,1134 1660,1134 1702,1134 1745,1134 1787,1135 1829,1136 1871,1137 1913,1139 1956,1142"/>
                <TextEquiv>
                    <Unicode>der straß geredt wan die soloturner</Unicode>
                </TextEquiv>
            </TextLine>
            <TextLine id="r3l19" custom="readingOrder {index:18;} place {offset:13; length:10;}">
                <Coords points="1088,1240 1245,1220 1283,1248 1330,1217 1391,1253 1463,1214 1925,1222 1924,1165 1854,1182 1825,1154 1666,1134 1557,1178 1500,1151 1430,1189 1309,1196 1235,1159 1087,1193"/>
                <Baseline points="1094,1221 1135,1219 1176,1217 1217,1215 1259,1214 1300,1212 1341,1211 1382,1210 1424,1209 1465,1208 1506,1208 1547,1206 1589,1206 1630,1205 1671,1205 1712,1205 1754,1203 1795,1203 1836,1203 1877,1202 1919,1202"/>
                <TextEquiv>
                    <Unicode>zu guete gan Jegestorff komen Preid</Unicode>
                </TextEquiv>
            </TextLine>
            <TextLine id="r3l20" custom="readingOrder {index:19;}">
                <Coords points="1097,1297 1372,1284 1446,1329 1582,1281 1687,1318 1732,1281 1934,1289 1943,1256 1808,1262 1596,1213 1527,1258 1463,1215 1414,1263 1334,1227 1097,1262"/>
                <Baseline points="1103,1283 1144,1283 1186,1281 1228,1281 1270,1280 1311,1279 1353,1278 1395,1277 1437,1276 1478,1275 1520,1274 1562,1274 1604,1273 1645,1272 1687,1272 1729,1272 1771,1272 1812,1272 1854,1274 1896,1274 1938,1275"/>
                <TextEquiv>
                    <Unicode>man zu leiden seyten ob lisch zu einen</Unicode>
                </TextEquiv>
            </TextLine>
            <TextLine id="r3l21" custom="readingOrder {index:20;}">
                <Coords points="1102,1381 1179,1353 1617,1349 1725,1384 1834,1356 1886,1380 1926,1353 1973,1370 1973,1300 1915,1287 1851,1327 1747,1286 1692,1322 1621,1284 1437,1328 1372,1284 1102,1316"/>
                <Baseline points="1107,1346 1150,1347 1193,1347 1236,1347 1279,1347 1322,1347 1365,1346 1408,1346 1451,1346 1494,1344 1537,1344 1580,1344 1623,1344 1666,1344 1709,1344 1752,1344 1795,1346 1838,1346 1881,1347 1924,1349 1968,1352"/>
                <TextEquiv>
                    <Unicode>guten trunck komen werde, So dorfint</Unicode>
                </TextEquiv>
            </TextLine>
            <TextLine id="r3l22" custom="readingOrder {index:21;} person {offset:17; length:10;}">
                <Coords points="1095,1423 1937,1445 2000,1433 2001,1398 1911,1369 1834,1399 1615,1396 1564,1354 1344,1393 1203,1351 1095,1396"/>
                <Baseline points="1101,1409 1145,1409 1190,1409 1234,1410 1279,1410 1324,1410 1368,1412 1413,1412 1458,1412 1502,1413 1547,1413 1592,1415 1636,1415 1681,1416 1726,1416 1770,1416 1815,1418 1860,1418 1904,1418 1949,1419 1994,1419"/>
                <TextEquiv>
                    <Unicode>wol sobaldt, die soloturner, sy die fer</Unicode>
                </TextEquiv>
            </TextLine>
            <TextLine id="r3l23" custom="readingOrder {index:22;} person {offset:25; length:10;}">
                <Coords points="1097,1481 1148,1521 1206,1482 1341,1516 1420,1490 1465,1526 1519,1489 1622,1482 1982,1505 1983,1471 1849,1470 1805,1431 1312,1461 1242,1427 1097,1457"/>
                <Baseline points="1103,1472 1146,1472 1190,1472 1234,1473 1277,1473 1321,1473 1365,1475 1408,1475 1452,1476 1496,1476 1540,1477 1583,1478 1627,1479 1671,1481 1714,1482 1758,1484 1802,1484 1845,1486 1889,1488 1933,1491 1977,1493"/>
                <TextEquiv>
                    <Unicode>ner vnd hingegen sy, die Solodurner</Unicode>
                </TextEquiv>
            </TextLine>
            <TextLine id="r3l24" custom="readingOrder {index:23;}">
                <Coords points="1100,1559 1134,1580 1242,1542 1272,1566 1910,1561 1910,1539 1776,1528 1707,1491 1671,1515 1588,1496 1543,1527 1456,1524 1408,1491 1341,1523 1276,1502 1218,1520 1174,1489 1101,1506"/>
                <Baseline points="1107,1532 1146,1533 1186,1535 1226,1536 1266,1538 1306,1538 1346,1539 1385,1539 1425,1540 1465,1541 1505,1541 1545,1542 1585,1542 1625,1544 1664,1545 1704,1546 1744,1548 1784,1550 1824,1551 1864,1554 1904,1557"/>
                <TextEquiv>
                    <Unicode>anfachen, von deß ein vnd anderen</Unicode>
                </TextEquiv>
            </TextLine>
            <TextLine id="r3l25" custom="readingOrder {index:24;}">
                <Coords points="1094,1607 1273,1636 1317,1614 1597,1642 1701,1615 1753,1642 1868,1619 1988,1644 1981,1605 1628,1593 1548,1552 1095,1569"/>
                <Baseline points="1100,1590 1144,1593 1188,1596 1232,1598 1276,1599 1320,1601 1364,1602 1408,1604 1452,1605 1496,1606 1541,1607 1585,1608 1629,1610 1673,1611 1717,1614 1761,1615 1805,1617 1849,1620 1893,1623 1937,1626 1982,1631"/>
                <TextEquiv>
                    <Unicode>wegen, Spetzlen, vnd zwan Inne einer</Unicode>
                </TextEquiv>
            </TextLine>
            <TextLine id="r3l26" custom="readingOrder {index:25;}">
                <Coords points="1089,1672 1167,1706 1274,1670 1379,1710 1421,1685 1972,1705 1973,1669 1853,1640 1811,1664 1560,1631 1469,1663 1364,1611 1248,1645 1091,1628"/>
                <Baseline points="1095,1656 1138,1661 1182,1663 1225,1667 1269,1668 1313,1671 1356,1673 1400,1674 1443,1676 1487,1677 1531,1678 1574,1679 1618,1680 1661,1682 1705,1682 1749,1683 1792,1685 1836,1686 1879,1688 1923,1691 1967,1692"/>
                <TextEquiv>
                    <Unicode>derglychen Spetzlen werde, vnd derselbige</Unicode>
                </TextEquiv>
            </TextLine>
            <TextLine id="r3l27" custom="readingOrder {index:26;}">
                <Coords points="1091,1754 1220,1749 1246,1773 1394,1744 1462,1780 1765,1757 1816,1796 1951,1781 1952,1754 1790,1700 1647,1734 1591,1698 1433,1725 1290,1683 1232,1717 1094,1682"/>
                <Baseline points="1098,1719 1140,1725 1182,1729 1225,1733 1267,1736 1310,1739 1352,1742 1394,1743 1437,1746 1479,1748 1522,1749 1564,1751 1606,1752 1649,1754 1691,1756 1734,1757 1776,1759 1818,1761 1861,1764 1903,1766 1946,1770"/>
                <TextEquiv>
                    <Unicode>zur gnugsemme ursach und anlaß geben</Unicode>
                </TextEquiv>
            </TextLine>
            <TextLine id="r3l28" custom="readingOrder {index:27;}">
                <Coords points="1099,1801 1290,1809 1380,1848 1530,1821 1812,1844 1902,1888 1991,1859 1978,1782 1891,1823 1763,1775 1423,1793 1370,1762 1317,1790 1261,1760 1102,1757"/>
                <Baseline points="1106,1788 1150,1793 1194,1796 1238,1800 1282,1803 1326,1806 1370,1809 1414,1814 1458,1816 1502,1820 1546,1822 1590,1824 1634,1827 1678,1830 1722,1833 1766,1835 1810,1836 1854,1838 1898,1840 1942,1841 1986,1842"/>
                <TextEquiv>
                    <Unicode>werde, so dorffe wol so baldt dem jenig</Unicode>
                </TextEquiv>
            </TextLine>
            <TextLine id="r3l29" custom="readingOrder {index:28;}">
                <Coords points="1093,1865 1246,1881 1284,1923 1340,1892 1387,1918 1440,1897 1981,1932 1983,1891 1820,1888 1694,1843 1639,1874 1539,1826 1484,1865 1350,1863 1224,1808 1096,1827"/>
                <Baseline points="1100,1854 1143,1859 1187,1864 1231,1868 1275,1873 1319,1877 1362,1881 1406,1885 1450,1887 1494,1891 1538,1893 1581,1897 1625,1899 1669,1901 1713,1904 1757,1906 1800,1908 1844,1910 1888,1911 1932,1913 1976,1916"/>
                <TextEquiv>
                    <Unicode>ein multäschen geben, sonderst habe er die</Unicode>
                </TextEquiv>
            </TextLine>
            <TextLine id="r3l30" custom="readingOrder {index:29;}">
                <Coords points="1092,1933 1231,1950 1278,1979 1332,1958 1432,1971 1438,1914 1410,1901 1377,1918 1351,1900 1310,1899 1279,1917 1248,1889 1188,1913 1095,1896"/>
                <Baseline points="1098,1922 1123,1926 1148,1930 1174,1934 1199,1937 1224,1940 1250,1943 1275,1946 1301,1947 1326,1950 1351,1952 1377,1953 1402,1955 1428,1955"/>
                <TextEquiv>
                    <Unicode>vort nit geredt</Unicode>
                </TextEquiv>
            </TextLine>
            <TextLine id="r3l31" custom="readingOrder {index:30;}">
                <Coords points="1093,2032 1150,2075 1231,2052 1296,2086 1393,2070 1445,2107 1582,2080 1668,2116 1835,2098 1888,2148 1934,2112 1999,2133 2006,2043 1956,2022 1870,2070 1722,2066 1521,2021 1467,2041 1419,2004 1375,2032 1207,2021 1100,1956"/>
                <Baseline points="1100,2028 1144,2035 1189,2042 1234,2048 1279,2054 1323,2058 1368,2063 1413,2067 1458,2070 1502,2075 1547,2077 1592,2081 1637,2084 1681,2086 1726,2088 1771,2091 1816,2094 1860,2097 1905,2101 1950,2103 1995,2108"/>
                <TextEquiv>
                    <Unicode>Was aber die ursach disers verüebter unfugst</Unicode>
                </TextEquiv>
            </TextLine>
            <TextLine id="r3l32" custom="readingOrder {index:31;}">
                <Coords points="1085,2127 1125,2103 1265,2147 1473,2145 1526,2180 1616,2154 1666,2180 1700,2158 1727,2191 1802,2159 1853,2194 2018,2192 2022,2146 1927,2119 1888,2148 1812,2108 1769,2138 1582,2080 1479,2121 1092,2050"/>
                <Baseline points="1094,2088 1142,2097 1190,2106 1239,2113 1287,2119 1335,2126 1384,2131 1432,2135 1480,2140 1529,2144 1577,2147 1626,2151 1674,2154 1722,2157 1771,2160 1819,2163 1867,2165 1916,2169 1964,2173 2013,2177"/>
                <TextEquiv>
                    <Unicode>se, der imme den von gremdt synes hertzens</Unicode>
                </TextEquiv>
            </TextLine>
            <TextLine id="r3l33" custom="readingOrder {index:32;}">
                <Coords points="1081,2161 1286,2240 1409,2210 1497,2246 1678,2229 1744,2269 1885,2247 1985,2276 1984,2203 1866,2225 1705,2164 1540,2197 1458,2162 1412,2180 1361,2135 1290,2165 1128,2103 1085,2127"/>
                <Baseline points="1089,2145 1133,2157 1178,2167 1222,2176 1267,2185 1312,2192 1356,2198 1401,2204 1446,2209 1490,2214 1535,2218 1580,2221 1624,2224 1669,2227 1714,2231 1758,2233 1803,2235 1848,2238 1892,2241 1937,2243 1982,2247"/>
                <TextEquiv>
                    <Unicode>leidt, Sye kein andere Vrsach, der nach</Unicode>
                </TextEquiv>
            </TextLine>
            <TextLine id="r3l34" custom="readingOrder {index:33;}">
                <Coords points="1082,2251 1161,2288 1211,2252 1316,2298 1580,2285 1624,2323 1735,2333 1839,2309 1945,2325 1961,2293 1712,2254 1459,2258 1342,2224 1305,2248 1088,2190"/>
                <Baseline points="1091,2217 1134,2227 1177,2236 1220,2244 1263,2253 1306,2259 1349,2265 1392,2270 1435,2275 1478,2279 1522,2283 1565,2286 1608,2289 1651,2292 1694,2295 1737,2298 1780,2301 1823,2303 1866,2306 1909,2309 1953,2312"/>
                <TextEquiv>
                    <Unicode>in sy ob lisch und den mahl zu allen</Unicode>
                </TextEquiv>
            </TextLine>
            <TextLine id="r3l35" custom="readingOrder {index:34;}">
                <Coords points="1076,2317 1166,2315 1230,2351 1415,2343 1504,2400 1576,2371 1605,2393 1747,2376 1781,2410 1850,2384 1998,2405 2002,2370 1663,2340 1580,2285 1510,2328 1308,2314 1264,2279 1182,2295 1083,2252"/>
                <Baseline points="1085,2286 1130,2298 1175,2307 1221,2316 1266,2324 1312,2331 1357,2337 1403,2342 1448,2347 1494,2352 1539,2355 1584,2359 1630,2362 1675,2366 1721,2369 1766,2372 1812,2375 1857,2379 1903,2384 1948,2387 1994,2391"/>
                <TextEquiv>
                    <Unicode>sthen guter dingengsee und sy einan</Unicode>
                </TextEquiv>
            </TextLine>
            <TextLine id="r3l36" custom="readingOrder {index:35;}">
                <Coords points="1076,2357 1227,2414 1590,2440 1724,2484 1801,2452 1936,2485 1964,2473 1973,2399 1889,2445 1842,2399 1799,2429 1684,2379 1628,2416 1476,2409 1409,2367 1321,2379 1256,2338 1207,2372 1079,2327"/>
                <Baseline points="1082,2351 1125,2362 1169,2373 1213,2384 1257,2393 1301,2402 1344,2408 1388,2414 1432,2421 1476,2426 1520,2430 1563,2435 1607,2439 1651,2443 1695,2447 1739,2451 1782,2455 1826,2459 1870,2463 1914,2467 1958,2472"/>
                <TextEquiv>
                    <Unicode>deren mit trincken und sunst starck</Unicode>
                </TextEquiv>
            </TextLine>
            <TextLine id="r3l37" custom="readingOrder {index:36;}">
                <Coords points="1069,2419 1114,2457 1302,2479 1345,2525 1404,2489 1965,2563 1992,2488 1899,2505 1800,2452 1743,2492 1649,2493 1601,2444 1474,2456 1395,2422 1311,2455 1183,2403 1134,2414 1076,2367"/>
                <Baseline points="1076,2414 1121,2427 1166,2440 1211,2450 1256,2459 1301,2468 1346,2477 1392,2484 1437,2491 1482,2497 1527,2502 1572,2507 1617,2512 1662,2516 1708,2520 1753,2523 1798,2528 1843,2531 1888,2535 1933,2538 1979,2543"/>
                <TextEquiv>
                    <Unicode>zugesprochen, er kommet aber deß wyns</Unicode>
                </TextEquiv>
            </TextLine>
            <TextLine id="r3l38" custom="readingOrder {index:37;}">
                <Coords points="1087,2491 1329,2585 1423,2559 1811,2657 1888,2617 1971,2635 1983,2560 1900,2582 1865,2547 1767,2594 1713,2558 1626,2562 1551,2508 1423,2542 1313,2488 1254,2511 1142,2447 1092,2455"/>
                <Baseline points="1094,2486 1137,2498 1181,2510 1224,2520 1268,2530 1312,2541 1355,2549 1399,2557 1443,2565 1486,2571 1530,2577 1574,2583 1617,2588 1661,2593 1705,2598 1748,2602 1792,2607 1836,2611 1879,2615 1923,2619 1967,2622"/>
                <TextEquiv>
                    <Unicode>nit gewonet, dan er den wyn erst sidt</Unicode>
                </TextEquiv>
            </TextLine>
            <TextLine id="r3l39" custom="readingOrder {index:38;}">
                <Coords points="1087,2557 1140,2605 1306,2620 1384,2679 1522,2671 1575,2708 1683,2674 1725,2706 1857,2689 1897,2724 1965,2706 1972,2662 1821,2666 1736,2627 1489,2634 1418,2565 1361,2603 1268,2587 1166,2510 1093,2522"/>
                <Baseline points="1094,2553 1137,2569 1180,2582 1224,2594 1267,2605 1310,2615 1354,2624 1397,2631 1440,2639 1484,2645 1527,2651 1570,2656 1614,2662 1657,2667 1700,2670 1744,2674 1787,2678 1830,2681 1874,2686 1917,2690 1961,2694"/>
                <TextEquiv>
                    <Unicode>engfar einem halben Jar dahar, ange¬</Unicode>
                </TextEquiv>
            </TextLine>
            <TextLine id="r3l40" custom="readingOrder {index:39;}">
                <Coords points="1077,2658 1318,2694 1420,2751 1477,2726 1506,2756 1552,2727 1640,2759 1962,2781 1967,2748 1848,2693 1765,2728 1701,2692 1609,2713 1424,2693 1244,2623 1186,2641 1092,2562"/>
                <Baseline points="1089,2616 1132,2633 1175,2649 1219,2663 1262,2675 1306,2686 1349,2696 1393,2703 1436,2710 1480,2717 1523,2722 1566,2727 1610,2732 1653,2736 1697,2741 1740,2745 1784,2749 1827,2754 1871,2759 1914,2765 1958,2771"/>
                <TextEquiv>
                    <Unicode>sangen trincken, daner zuuor keue</Unicode>
                </TextEquiv>
            </TextLine>
            <TextLine id="r3l41" custom="readingOrder {index:40;}">
                <Coords points="1045,2729 1053,2729 1062,2733 1066,2738 1071,2737 1076,2742 1085,2743 1090,2697 1084,2697 1067,2675 1064,2675 1056,2668 1051,2668"/>
                <Baseline points="1052,2718 1082,2721"/>
                <TextEquiv>
                    <Unicode>24</Unicode>
                </TextEquiv>
            </TextLine>
            <TextLine id="r3l42" custom="readingOrder {index:41;}">
                <Coords points="1043,2666 1300,2793 1355,2779 1388,2821 1474,2791 1516,2819 1731,2815 1899,2868 1972,2846 1969,2812 1665,2791 1553,2732 1410,2758 1245,2678 1183,2703 1051,2616"/>
                <Baseline points="1050,2657 1095,2680 1141,2702 1187,2721 1233,2736 1279,2748 1325,2760 1370,2770 1416,2778 1462,2785 1508,2792 1554,2797 1600,2802 1646,2807 1691,2811 1737,2814 1783,2819 1829,2824 1875,2831 1921,2835 1967,2844"/>
                <TextEquiv>
                    <Unicode>ngetruncken habe, Also dzs gane der Wyn</Unicode>
                </TextEquiv>
            </TextLine>
            <TextLine id="r3l43" custom="readingOrder {index:42;}">
                <Coords points="1076,2792 1167,2851 1310,2859 1349,2887 1439,2858 1600,2930 1945,2927 1774,2840 1684,2876 1496,2807 1421,2834 1353,2778 1301,2801 1258,2750 1128,2741 1093,2707"/>
                <Baseline points="1092,2741 1134,2760 1176,2778 1219,2795 1261,2809 1304,2822 1346,2834 1388,2844 1431,2854 1473,2861 1516,2869 1558,2875 1600,2881 1643,2887 1685,2891 1728,2897 1770,2901 1812,2906 1855,2912 1897,2917 1940,2924"/>
                <TextEquiv>
                    <Unicode>un dhaupt gestigen und er hiemit einem</Unicode>
                </TextEquiv>
            </TextLine>
            <TextEquiv>
                <Unicode>146

und als er erstlichen befragt worden,
ber nit schon im hirreißen ganhr
gstorff uff der straß zu etlichen, so
mit imme grieten gredt habe, Man die
en soloturn zu inen gan Iegestorff
kömnen, so werdnit sy wol so baldt uns
un unsers kriegst und anderer sachen
wegen wellen Spätzlen, vnd wan Inne
einer derglychen spätzlen werde, So
wolle er einem ein multäschen geben
gott gäb was imme darob widerfhäre
und ob inne nit syne mitgfredten
darūmb abgemandt habnnt.
Darüber zeigt er an sye nit weniger
den dazs er zu etlichen vnd anderenvff
der straß geredt wan die soloturner
zu guete gan Jegestorff komen Preid
man zu leiden seyten ob lisch zu einen
guten trunck komen werde, So dorfint
wol sobaldt, die soloturner, sy die fer
ner vnd hingegen sy, die Solodurner
anfachen, von deß ein vnd anderen
wegen, Spetzlen, vnd zwan Inne einer
derglychen Spetzlen werde, vnd derselbige
zur gnugsemme ursach und anlaß geben
werde, so dorffe wol so baldt dem jenig
ein multäschen geben, sonderst habe er die
vort nit geredt
Was aber die ursach disers verüebter unfugst
se, der imme den von gremdt synes hertzens
leidt, Sye kein andere Vrsach, der nach
in sy ob lisch und den mahl zu allen
sthen guter dingengsee und sy einan
deren mit trincken und sunst starck
zugesprochen, er kommet aber deß wyns
nit gewonet, dan er den wyn erst sidt
engfar einem halben Jar dahar, ange¬
sangen trincken, daner zuuor keue
24
ngetruncken habe, Also dzs gane der Wyn
un dhaupt gestigen und er hiemit einem</Unicode>
            </TextEquiv>
        </TextRegion>
    </Page>
</PcGts>
