4000 3000
280 71 1035 276 schickt und die warheit, wie es nih
292 127 1031 330 dem knndt yngangen und ob
282 208 1004 376 wie auch gerysen und yn
282 267 1027 455 einen sölchen betrung vernebt habe
280 308 1021 503 oder nit anzuzeigen vermant,
261 396 1021 581 dae aber vor m h dem eherichten
254 455 1004 626 vemag fürtrag weder gang
257 502 1033 716 ysem noch pie fr deß anngerlagt
265 592 1033 767 betrung unnd das sy das keindt und
264 695 1045 855 eines anderen dan deß Hongense
246 744 1031 910 hab nit vellen tauffen laßenn
253 830 1043 989 velwenig wed die ein noch ander
260 882 1033 1051 person die Cirmen angwisen,
260 956 1028 1098 s das Enndt einem anderen dan
248 1042 1041 1189 dem rechten vatter geben solle
265 1115 1048 1249 nnsteien nit gestendig syn welle
205 1176 1040 1326 Diewyl und ob etwas brichts von
240 1254 1038 1417 h predwanten zu Hupperstwg
257 1329 1040 1450 m. h deshalb ihmgeschickt, dardur
245 1409 1053 1536 den die sach umb so vil verdächtiggn
249 1475 1026 1588 macht wirt. Sndt sy deßwegen
241 1528 1009 1658 Vß V. g. bemelch, vßei Chorhas
231 1618 1023 1738 In die Obere pfangenschafft gelegt
239 1681 1040 1793 und uff 3 novembr 1621 us
231 1773 1041 1875 beuelch durch s. Anthon Tiller d
231 1835 1020 1942 kleinen Rhats, Hanß Reiharts
227 1912 1017 2029 der burgeren, vnd Nielaus pr
199 1985 999 2104 Kilchbergers Großweibels, Ind
205 2061 1032 2173 Mannenbesi, mit ernsthafften wort
219 2155 1041 2250 exammictt und die warheit
255 2238 294 2288 3
189 2221 1024 2338 zeig vermant worden. Dahat
198 2290 1020 2410 den Hans gang im musten ei
201 2362 1028 2496 betrungß, noch das er weder die lrad
199 2416 1034 2583 aungwisen das kundt einem ander
200 2502 1016 2633 vatter zugeben, Vel wandger
190 2579 1014 2722 gebysen noch eyner E bemolchen
189 2661 964 2776 den kundt zu eines anderen, de
173 2708 1003 2876 synen wurffen zulaßen, wil
1962 12 2025 68 16
1143 48 1997 227 gen auch nit bschechen sye sonder man
1236 130 1986 254 die Tirmen zu Ime konen
1146 209 1240 275 gen
1139 170 1980 321 und imme anzeigt, das sy das kendt
1145 251 2055 396 deßen sy schwanger zme gebe willen
1138 289 2049 461 und das sy nun mehr alle tag warten.
1152 370 2049 540 geer des knndt, wan es ime zuch
1153 446 2053 586 werde, wol zfriden gsun und heauch
1144 512 2025 655 darby anzeigt, das wan das kindt ime
1146 586 2040 723 zugsore, sölle sy ime daselbege nur
1145 650 1992 761 wol zun ehren zuhen, sy daruff
1146 703 2043 837 heißen zum gedachts hebysens huß
1135 773 1989 902 geghan, dahin er den auch faldt
1138 846 1997 966 komen wolle, sy Zekundtbergen
1132 918 2001 1040 zuuerdingen, das er den auch than
1138 986 1976 1097 wol habe er zu gebysen, vnnd
1141 1056 2012 1172 syner f gredt, sy soll nit es aben
1142 1123 1962 1229 uff der gaßen nit vermelden wer deß
1133 1183 1985 1302 kindts vatter sye entzit er den
1124 1269 2021 1382 feiden mit syner bgemacht habe.
1145 1337 2067 1429 will also in nunsten einchen bezrugßt
1148 1396 2067 1507 noch das es anderst ergang gestendig
1139 1458 1216 1537 In.
1127 1497 2066 1612 Muchel Hebysen wll auch glycher
1148 1596 2062 1706 gstalt keines betringß nit gestendig
1148 1653 2016 1745 syn, sond nach dem Ime Zaug, die
1128 1720 1997 1817 ienen wie auch das Kundt, so daz e
1147 1780 2060 1908 geporen werde verdinget, vnd Ime
1141 1866 2055 1986 zang auch daby angesprochen, wan
1148 1921 2101 2071 inne das kindtzuehen und in der zyg
1141 1992 2048 2122 geporen werde, Solle er es In sn
1125 2047 2058 2216 deß zonggen namen laßenkouff.
1136 2123 2055 2264 vnd ehrliche gfächerte darzu er¬
1144 2193 2033 2352 bitten, wie er den auch gethan, ds
1157 2279 2062 2404 aber der hr predi zu Loüpperso
1149 2339 2055 2475 wyl dzs Kindt nit touffen wollen,
1150 2384 2104 2568 vond dem h. Bred zu Rüedersrepl
1147 2462 2070 2652 zetauffen zubracht worden, sye das die
1146 2524 2026 2712 deseth, das nach dem er gebysen zu
1145 2607 1980 2787 Heeren Predi zu Fauprerß, gan
1145 2663 1959 2837 vnd Inme den Lundt vmb den
1177 2744 1268 2826 es
1286 2766 1854 2914 rachn habe der h. zune
