4000 3000
64 2281 180 2366 g
40 2437 190 2527 Nota.
155 94 1012 241 Sundtlichen hat er ouch bekenndt, Wiewe
191 161 1008 277 jungfar vor einem jahl einer wyben
198 204 1004 330 on Margret genant, deren zunamen
188 254 958 356 nit zuwüsten, so domals zu Lörber
199 299 1001 415 spunnen, jetzund aber sines juncken
160 359 1007 471 In Bippdiene, die Eehversprochen vnnd
165 411 971 514 Acht tag laung mit Iren vmbher zogen
180 465 982 566 welche hernach, Wyl syn thun, vnnd wi
179 515 1012 619 iren mißfellig gsin, vor dem vorhabende
171 570 994 666 kilchganng, widerumb vonn ime glüfe
190 620 985 716 habe er doch iren nit wyter nachgfragt
191 670 973 770 unnd zun keinen wäg begerth, das sy
194 721 997 820 Imme zr gethan versprechen leyste, noch
192 774 982 867 das er erlicher gluph vnnd banden, daß
160 823 929 917 halb geledigt, vnnd vfglößt werde
201 882 1009 972 oundern vngeacht deßenn, Vmb faßnacht
190 930 1000 1025 jüngstverschinen zu Soloturn einandere
203 992 993 1083 so Benndichtli Myelheiste genommen
203 1038 993 1123 nnd dieselbe zu Cüstlingen Inn inuerg¬
196 1108 977 1177 S. vnnd Oberen hochen, vnnd Irer Eydt
185 1142 988 1235 guosten zu Soloturn Nideren Grichten
185 1195 972 1288 zu Kilchen gfurt, vnnd Inmaßen er
199 1245 989 1337 hiemit sich mit zwifacher er versprich
199 1301 1007 1388 ung schwarlich vergeßenn, vnd versündigt
215 1362 321 1425 habe,
179 1420 990 1496 Vff sölliche des gedachtenn Oberlinshoche
203 1483 1009 1555 vnnd schwäre mishandlungen, habent
200 1530 999 1603 hochgenannt nmin gnedig herren unnd
155 1600 1000 1664 Oberen, Schultheis Räth, vnnd Burgel¬
219 1634 959 1715 diser Coplichenn statt Bern uff Iren
196 1686 994 1771 Eÿd zu recht erkhenndt vnnd gesprochen,
204 1776 1012 1848 das man Inne dem Nachrichter beuelche
202 1830 980 1903 der znn obenus uff gwonnliche richt-
199 1886 1002 1961 tatt führenn, Imme Allda. Alls einen
210 1927 999 2019 Vneerlichen Todtshleger, Wußenhalten
203 1976 967 2054 lieben unnd sonst übeltättige person.
231 2037 962 2117 yn haūpt Abschlachen, vnnd Allso mit
197 2076 982 2162 dem Schwärdt vom Läben zum thodt,
206 2130 996 2232 nach keyserlichem rechten richten solle,
356 2217 969 2325 Dise urtheyl ist uff sambstig
328 2293 945 2376 Denn 29 vorgemelten dugst
346 2341 945 2419 monats an imme Oberli
621 2379 997 2468 erstacket worden.
207 2411 963 2544 Diser Oberli hat Hanns Däsen, sines
185 2495 984 2583 tochtermans halb wyter vermueldet, wi
211 2524 985 2632 yn däsen hußgsind, der gefangne bisse
906 2573 980 2639 chlit.
179 2593 888 2673 zu Herberg gsin, glyshwol, wie er
190 2641 888 2714 genigen, habe doch hernach er däsen.
166 2680 948 2765 dem hus begäben, allso das er achte, es
164 2723 924 2802 vil veruntrüwet haben, das sie im
179 2733 982 2852 eigentlich nit ze wüßen, well derhalbe
172 2817 911 2906 inne sölliches versprächen laßenn.
2022 -56 2134 33 91
1511 74 1611 153 6
1171 22 2063 266 Hunn Dinervs
1325 135 2009 273 dem oberen ormund
1502 210 1756 303 und
1166 222 2001 402 Jacobe Galtey syn wyb,
1065 298 2125 478 Demnach ein alltlechter man so sich Hans
1090 376 2056 532 seiner namset vnnd anzeigtter tie
1128 419 2125 576 ihm oberen grmung sürtig vor etwas
1119 481 2140 603 tagen mit verkouff etlicher huneren
1134 536 2028 656 so verdechtig gemacht, das man Ime
1130 565 2166 698 truwet er habe die endtwendt darumb
1141 625 2124 749 ersampt eiem vermeinten wybgfang
1132 679 2076 777 klich ynzogen unnd uff zinstag den
1133 732 2062 822 15 septembris diß 113 thars, durch
1127 774 2052 879 gehromen, fursichtigen, wysen
1122 823 2091 932 Herren, Santwel Jenner, des kleinen
1126 878 2107 961 sehats Hanns Reinhart der sürgern
1123 919 2037 1024 Hilans Bracher Großweybel,
1136 981 2114 1064 zu Marzilli uffgelegten benelch nach
1129 1029 2129 1100 mit Zimlicher marter exauniiert
1683 1062 2073 1162 Der hat uber
1059 1074 1448 1163 wordenn s
1127 1104 2091 1213 die erst zu Ime gethane fregwas
1124 1192 2088 1250 v hanndtierung, oder begangene
1133 1221 2097 1308 schafft sie, geantwortet, wie das er
1115 1266 2100 1339 Ie siner ingets hauptman Killier
1137 1318 2127 1399 selligen Inn dem beschechnen Nawer¬
1121 1363 2129 1453 wrischen kriegszug gedient, desglychen
1127 1412 2062 1503 sie er auch mit j lindwig von Erlach
1130 1462 2089 1545 selligen iun franckrych zogen unnd
1127 1511 2091 1601 habe Letstlich anfar vor einem Ier
1129 1559 2069 1622 einem hauptman uß Wallislannd
1106 1604 2077 1694 Albul genent im piemont gedient
1098 1652 2056 1749 Allzimer uß denn erstnermelten
1125 1702 2092 1798 zugen, widerumb heim komen habe
1125 1759 2114 1864 er zwar anfangs sich dienes beflißen
1096 1809 2033 1897 Aber nachwerts mit habermoll
1106 1850 2147 1963 Roßmaryn. Epb vnnd derglichen sachen
1111 1897 2099 2006 tragenn erhaltenn unnd durchbpacht
1102 1932 2051 2056 dergstalten das er hoffe es werde
1128 1992 2130 2108 sich eines verhaltens noch handels und
1110 2057 2051 2170 Vandels halbmemant billiher
1125 2101 1989 2219 wys ab Ime clagen können
1099 2168 2132 2341 Alls nun er hieruf befragt worden,
1105 2260 2108 2382 Ober daswys, mit welchem er¬
1129 2303 2093 2433 vmlherzieche, geeelichet, vnnd deß¬
1125 2354 2144 2495 halb gepürende Kilchenrecht erstadtet,
1127 2418 2132 2550 Iu er zubescheid gebenntha, vnnd
1137 2437 2116 2590 sie der Kilchgang zu Limpachbesihen
1107 2494 2102 2658 wie ein deßhalb Imme zugesteldten
1123 2529 2151 2732 unnd durchden schryber daßselbsten
1131 2579 2131 2788 verfertigten Zugunsbrief, welchen
1138 2637 2104 2829 erglich wie auch den prederarten
1138 2678 2095 2894 nit zumamsen gewißt bezuge, vnd
1053 2699 2070 2932 wwoletwolgents nit mi
