4000 3000
112 1450 185 1557 2
144 44 945 148 ein suppen (aber kein wyn)r geben
223 109 966 196 iuermannin aber dieselb
556 131 869 201 sy gefangene
151 141 216 198 E
177 139 550 242 moßen ungeacht
576 181 994 264 getanmietger
166 183 553 279 mit böses darin
593 212 979 302 hole siewor
156 222 497 312 wan dem syn
536 237 965 339 anebe kindet
149 260 502 353 acht wuchen ein
154 329 280 392 geeis
185 335 976 478 erners als sy befragt worden
158 404 962 531 Dob sy nie uf ein gytth viel ands
186 446 956 547 lers froüwen als dieselbig für
161 485 958 590 hus vofr zu kilchengan wölhen
172 522 957 626 uffhin gerüfft und als sy kommen
187 576 967 671 ygefanggene syaris einen dienst
170 610 973 707 augnede undd als gemelte schalten
151 654 969 744 von Ira, was für ein dienst zeuen
157 696 959 779 richten verstanden, sy dieselbig uff
145 733 960 832 Achsslen gescschlagene, das sy desem
183 783 952 877 großen eegneetzen habe ersstan
168 821 977 907 meizen Darüber hatt sy bekendt
177 868 985 945 alls sy und die irigen gemelte schaf
168 904 989 1002 vonspöllcher zulag wegen in das raht
151 950 981 1046 husp beschickt, habe dieselbige offendte
193 989 972 1082 kagen uund bekennen mühten, sy ge¬
195 1031 969 1114 fangene habe framit böses juge
169 1085 978 1159 fügk, was aber sy hienor gesagt, dar
187 1122 982 1216 Bu habindt zwo frouwen synange
158 1187 348 1267 wisen
226 1247 987 1334 annethin alsman sy befragt, ob nit
211 1312 963 1378 uf ein zyth als Hans Rüchtli mit
209 1349 968 1427 irem ggeman heimb in ir guss
209 1398 984 1458 komen, vnd mit inen znacht gesan
206 1441 973 1507 derselbig aber glych hernach kranck
176 1476 972 1555 worden und enttliegen nach langen
194 1516 981 1591 worren sterben müßen, sy demselben
240 1555 973 1638 sollches angetgan gabe antwort
221 1605 985 1684 sy hale dißem rüchtli mitzit geben
212 1639 967 1710 darnon er kranck worden, unnd
230 1699 953 1759 sterben mußen, danner sihen vor
223 1728 958 1788 undehr sygan Büren gomaind
188 1768 969 1843 und grad desmals als er zu inenn
229 1814 831 1894 kommen, gar kranck ysin sye
190 1863 965 1982 Esrff zinstag den 8. julii 1617 uf
196 1935 968 2027 sein censir und abtrag eostennd
223 1972 978 2072 ledig erkendt und gelaßen worden.
277 2009 959 2232 Bendich wendg
296 2160 890 2294 Myttin Bettingene
864 2280 912 2334 a
231 2241 975 2383 iff Fürtag derr 4 julii 6a
241 2316 967 2425 bendicht werger von Datingen
191 2350 977 2478 wegen er samibstag den 28ten junii.
218 2391 978 2519 erstgemelten sags als die ugouf
209 2445 986 2564 litth von Wattenwyl und dbat
207 2481 982 2618 mit iren vandtlinen und erlßate
1094 41 2087 195 hinweg gezogen, s Hans Ulrich Köcher
1068 121 2042 240 gewesnem landtvogt zu Roma
1132 167 2098 266 mohtick Inn desselben guses vnderen
1119 196 2035 303 tuben mitwilliger wyssmit einer
1103 235 2041 366 lußaueten durch die pfenster ginyn
1105 272 2095 389 etlische schyben zngespoßen und harumns
1096 309 2056 430 us benelsh mines gs 18 schuldgeisser
1089 353 1966 480 sagers giuf in gefangenschafft
1126 385 2094 519 elegt uff ein sexsusr ersatzung zugee
1075 433 2082 541 fügten schadens und abfragufgange,
1084 491 1995 608 nen rostens, neben einer glübtahnn
1088 533 2030 654 schydtsstatt, er ger statt von söllchen
1107 567 2011 681 begangenen fräfelswegen ein halb
1077 607 2050 737 par eang ghenyden, ledig gelaßenn
1048 691 1367 784 worden
1260 789 1953 903 argre ins
1242 922 2064 1030 einnach gegenwürtige Margeate
1231 999 2072 1077 Blust Ulli Vogels ab dem Buchholter
1174 1038 2019 1118 berg eheliche gussfrouw sich gegen
1091 1052 2050 1183 demselbigen irem egeman in galtung
1126 1122 2089 1212 heltiger pflicht und eriw anderer gstalten
1099 1154 2058 1250 nit beflißen, dann das sy abgewichener
1106 1198 2053 1299 zyth sich mit Ulli Ruppen by wellchessin
1108 1231 2002 1333 dochter an zogmer Vogel ir egeman
1093 1281 2022 1365 hienot ouch ein unehelich kindtersillet
1096 1316 2040 1401 Ja Fury und Egebruch lyegtfertiger
1065 1366 2002 1445 drysh vertiefft und vergangen unnd
1113 1419 2070 1493 volgendts das jenige kidt, so sy by angee
1111 1464 2061 1530 regtem Ruppen unehelich erspilet irene
1069 1498 1982 1581 Egeman ehelich zutouffen laßenn
1081 1504 2085 1606 argmalen aber ime Ruppen alsrechten
1088 1572 2028 1649 Vattern zugeeignet, Alls habendt mine
1114 1614 2073 1702 gh schuldgeis und raht dißer loblichen
1117 1650 2032 1732 Statt Bern haruf erkent, das vmog
1119 1699 1984 1778 dero dgegrichtsathung sy Margret
1117 1734 2041 1813 Blust von söllchen jres verbrechens und
1122 1785 2025 1853 verübten betrugswegen, zu wolver
1095 1829 2013 1904 dienter strat mennekllitem zu einem
1125 1870 2077 1958 exempel und syspyl ein stunde lang an das
1121 1917 2061 2007 halbysen gestelt und sölliches albereit an
1115 1959 1994 2057 Fra erstattet werden solle Actum
1661 2003 1787 2083 62
1114 2014 1639 2104 frytag den Julii
1001 2025 2080 2148 Ist uff donftagden  erkhendt und uff kedg den 11t arftmelt
1016 2100 1393 2173 an frasstattet werden.
1217 2052 2022 2251 Ano Stouffinegs.
1238 2216 1845 2312 er von Gümeen
1794 2302 1863 2342 o
1121 2285 2095 2369 uff zrirstag den 22. julii 1612. ist Hann
1132 2349 2097 2416 etoufffnegger von Gulnenen so etliche
1135 2399 2056 2464 tag lang von eines überschwene kichen
1142 2441 2080 2493 Iumällligen fliederlichen lebens vnnd
1045 2482 2061 2559 Vertrunckenen weßenswegen zeun
