4000 3000
252 110 1078 265 nit thun wollen, sonndern dem Wirthlign
236 183 1043 287 gethan. Abmanen, Widerredt, vnnder
233 236 1049 342 verlüfnen worten aber, alls die wirt
252 283 1047 391 disem hancken denn läter beschuldigt
227 331 1085 458 zigen, alls häte er irenn etwas saltzen
238 389 1050 488 veruntrüwet vermelldet, der wiert im
248 432 1096 551 einem sowol, Alls dem anderen Wirten vn
251 478 1084 598 sölte der leydige Lüffel vor dem uns
239 526 1036 618 bewar. inne unnd syn frouw, nammen
229 579 1105 706 Item er sie wol s guth alls sy beyde wellen
251 630 1095 741 denn wurth zu solchem Zorn greitzt, das er
248 685 1057 768 enndtlich denn läter mit der funst ab dem
261 744 1054 829 tul uff welchem er by dem disch gsäßen
254 782 1081 876 eentweders gschlagen oder gstossen, das er
249 830 1084 924 zu Bodenn, vff denn engken gfallen, vnnd
245 883 1081 972 volgennts uff znngewütscht. zun meynng
239 937 697 1016 Inn Wyter zeschlachen,
825 934 1061 1031 Versynu
248 980 1047 1068 vonn einanderen zogen, vnnd die jenigen
246 1030 1091 1123 welche by disem gstuchel gsin, das der wirt
238 1080 1078 1165 An dryen ortenn sines lybs namblichen
211 1129 1081 1214 Arm Inn der Sytenn, vnnd am Schniben
247 1184 1093 1266 vbelgstochenn, vnnd verletzt worden, Darah
265 1241 1059 1314 y nit wenigerschrocken, Ouch by den
251 1289 1098 1384 ußgefloßnen blutzet was saltzes, ersäch
234 1345 1055 1425 en, habe der läter ein mäßer uß der
254 1389 1089 1486 Hannd, Inn die Stuben gworffen, vnnd sie
256 1444 587 1514 dauon glüffen
809 1447 1103 1521 Ist mergemelt
234 1487 1072 1580 ein Oberli solliches alles, so wol Iun
246 1546 1089 1636 wortenn alls inn schrifften mit mer
236 1597 1057 1674 verein, zu zweyen vnnderschidlichen
254 1648 1063 1734 malen, fürgehaldtenn, ouch vorgeläsen
223 1693 425 1765 wordenn.
582 1706 1060 1770 stund wiewol er an¬
224 1725 1083 1833 fanngs dise sach mit sonderbaren umb
220 1798 1080 1882 standen, versprochen, Hat er doch enndt¬
218 1849 1038 1941 lich uff donnstag denn 27. augusti
234 1898 1082 1989 Diß 16 18 jars zum bywäsen, anhören
229 1952 1093 2045 unnd gegenwürtigkeyt, der ehrenuesten
236 2010 1050 2092 Frommen, fürsichtigen Wysen herren
218 2061 1055 2153 Hanns Rudolff Steÿgers, des kleynen
215 2119 1029 2201 Raths, Sammel Schmaltzen Tütschen
215 2167 1060 2265 vynnscheucfs der Burgeren Niclaus
216 2229 1069 2299 Brochers Großweybels, Ouch etlicher
194 2269 1080 2367 eyblen mmner Gnedigen herren vnd Obere
215 2315 1065 2432 dieneren zu Marzili bekenndt, verzechen,
225 2380 1041 2484 ouch mit der Martererhaldten, unnd
191 2442 508 2537 betättiget.
161 2494 1060 2602 Namblichen vnnd des ersten, was die
212 2570 1057 2668 imme vorgelesne kundtschafftsag be
173 2621 1040 2703 träffe. Wyl die jenigen personen
2087 23 2167 80 150
1239 40 2145 225 so über disem leydigen hanndel züget. Er¬
1230 110 2139 273 liche lüth gsin, faßeer die fürwarhafft
1238 156 2119 308 llten, vnnd blyben, könne, derhalben ouch
1232 199 2181 354 verwidernütziterden, bekenne hiemit Jun¬
1232 256 2155 398 sonderheyt, das er dem Abgelybeten wirth
1232 302 2188 449 soligen über vilfaldtiges abmanen sich wider
1235 351 2164 498 wgt unnd zmme sohart unnd starck zugredt
1213 407 2180 561 Das er darab zornig wordenn, vnnd wyl er
1230 466 2138 606 gefanngne deßhalb wol erachtenn, vnnd Ab¬
1222 513 2112 659 nemmen mögen, er werde znn Angryffen
1213 569 2139 696 vnnd schlachen, habe er Inn Allein Zancken
1225 625 2158 740 ein uff dem disch gelegen meßer, so des wurths
1215 671 2097 790 töchterlins gsin verborgnerwys, inn syn
1209 719 2118 840 hosensack gestoßenn, vnnd ime furgesetzt
1225 785 2101 879 denn wurth. Wann er inn schlach, damit
1662 839 2142 924 vienun uff sölliches,
1209 862 1458 959 Zeuerletzen
1220 887 2099 981 mergemelter Wurth, Inne gefangnen,
1212 925 2157 1037 über ein stul uß zu bodengschlagen unnd
1193 994 2127 1093 uff inne gewüscht, habe er allsbald diß
1225 1039 2192 1124 meser furgezogenn, das wider Inn brucht
1225 1090 2190 1190 unnd inn damit fürsetzlicher wys solcher
1162 1149 2135 1239 maßen verletzt, das er deßwagen syn
1205 1196 2144 1289 Läbenn, vffgäben, vnnd verlieren müßen,
1156 1279 2064 1380 Sie hiemit ouch gsteundig, das er vor dem
1220 1349 2095 1442 Zancken, des wirts Saltz faß grumpt
1171 1408 2072 1472 Vnnd was darim gsin, enndtfrömbdet
1199 1454 2203 1530 villens das heimzetragen, das sie Im Aber
1211 1501 2194 1604 Inn disem leydigen gstüchel uß dem bußen
1230 1555 1445 1641 gefallenn.
1180 1609 2171 1723 Wyter habe er deß würts seligen, vorgenden
1213 1692 2107 1788 frauwenn, vß ein irer GippenZechen
1226 1733 1684 1813 batzen enndtzuckt,
1186 1792 2212 1929 Item so sie er mit Hanns däsen sinem tochter
1208 1875 2162 1981 man ongfar vor Sechs Jaren, Inn ein dem
1209 1918 2204 2041 großen Spital allhie gehörige Schur, brochen
1207 1977 2160 2085 Daruser sechstmäs forn, syn tochterman
1186 2030 2063 2144 Aber souil ertragenn mögen. gestolen,
1186 2078 2138 2233 Denne Im Ridersibental, An einem Ordt¬
1198 2169 2164 2309 Inn der Schwänndi genant, habe er einem
1139 2236 2159 2380 Lanndtman, ein wonen, vernnteuwetz,
1189 2296 2176 2465 deßglychenn zu Schwartzenburg, zun häch¬
1206 2396 2162 2528 lers hus, habe er dem Alten Gutschiman,
1213 2439 1907 2565 ein philupstaler enndtzuckt
1169 2514 2164 2675 Caspar Walthert zu Sub, habe er vor einem
1197 2577 2205 2719 har ein bulferflüschen veruntrüwet, unnd
1209 2633 2190 2782 die zu soloturg umb achtzechen batzen, var
1177 2660 1406 2783 konfft
