4000 3000
151 109 969 206 imme bescheidzegaben unnd habe er sy anfengkli
152 148 996 261 scholegen, das sy dennaßt werswibel warsihe
166 194 1003 317 eser nacht veroschet, un dercht und bhrand geschenen
149 244 960 337 umbdörffe er frgin nit zu fe Kasten komen
170 286 1015 411 abe nachmalen erworten den teckeh den destenshelh
173 347 935 431 die Leittteren hinabzelaßen, vnnd sy mit zh
155 395 990 497 zufüren, welches sy ihn aber glysch wie zunoren
148 447 1000 557 schagen erhale Irendomal anzeigt, Als sy erffen
161 501 988 598 Fundee wyberbefi glegen, habeer gepfpffet, w
175 546 1008 656 y zwahr ghörttt ime abte, wyl sy nit fmüst, de
161 603 1014 704 dagsin, sondern veinemt, ersie so woll in basnden, e
191 661 661 752 y sit geandtwortthett
152 726 1014 827 Denie haltt y geemeldet, Ie man, wan er glychwol
170 787 1008 876 dr schul oder in anderen ortten gsei, habe jederzyl
182 840 1026 941 gwüst, was daheim im gußvergangen, welches
175 891 1011 994 masls, mit verwunderen von ihme verstanden, das
185 942 993 1039 syn vorgemelter Crist, wie er Ir bekandtlich worden
991 991 1029 1050 In
463 995 1005 1083 do sye er ouch ongfar vor 15
179 1009 359 1090 ffenbare
152 1045 1007 1147 Weihen zu Letzern gsin nd alls er morgens umb 6v
176 1104 1027 1205 fennkomen habe es Ie vermeldet, er sie noch am abendtzu
179 1169 1015 1263 geycheezytt vnd tund. In gemelter Statt Lurerngsi
189 1227 1006 1311 und verreiset, Ob daswahe, mög sy nit wessen,
177 1276 1008 1355 Woll hiemit ihrer G. Oberkeit, alles gennstellen
177 1334 1023 1409 was Ihr g mit iren fürzenemmen vnd handlen zelasen
198 1387 1017 1468 gellig, mit gedult erwarlten, bezuge aber hahle
187 1439 1003 1532 das y vmb ires Mans fule sach kein wussens
187 1504 444 1582 gegept gabe,
186 1606 1023 1704 nach dem uff verschinen sambstag vorgemelt
189 1687 1022 1745 Eemeggern, durch vorgenampte Herren vnd Ger¬
180 1746 1008 1816 Martz khin der Burgeren wideumb ex ammiert
171 1784 1029 1868 vnnd mit dem Dingsen gemarteet worden, Ist syn
194 1830 1030 1929 diser vorgendee bekandtnuß bstendig vergarget, de
189 1878 1030 1980 das yvermeldet je man, als sy voreltwas faren jnder
190 1939 1020 2038 Chorgrichtlichen gfangenschafft glegen, sye ouch zuhe¬
201 1999 1017 2090 kommen. Ir iin capimen und oest syßen, so y mit
198 2042 1024 2151 anderen daselbst domal gefangnen wybspersonten
179 2100 1033 2215 geßen, bracht vnnd widesumb ohne vorwüssen des
179 2168 1033 2268 Thorweibels saligen unnd synes gsindts daum ganzen
169 2257 1038 2400 Htems syeer von einem pfaffen in Walligland syn
161 2344 1023 2432 fürgaben nach, welcher ein offendtlicher zonset
170 2387 1015 2489 gsin sie deßen nammen werde ihr stieff sohn zu nach
164 2447 1020 2551 wüssen erzogen worden, achte er ward syne fühe
148 2527 879 2621 künst von demselben erlert haben
1983 8 2050 81 4
1146 71 1967 274 Sorolentermeygerin
1201 175 1799 324 allhiezu Bärn pudtig
1070 248 2035 444 Nievolvorwenig abgeloffner zyttneren.
1093 303 2055 494 thyls den denn Walschen vnnd besteldten Hand
1091 383 1989 536 alslütenn Allhie enntfrömbdten Waren
1110 419 2083 572 snder Petern Zuberidem endtlufnen prom¬
1112 469 2003 632 sr unnd doroten hermeggerin, mein erh
1095 494 2065 673 wyb funden. Wrowägenn sy dan gfengklich
1100 582 2010 749 benzogen. Ouch vnnderschidliche mal exa¬
1108 615 1995 779 miniert, vnnd unzuzeygen, Alles ernste
1112 683 2001 823 vermant worden. Wasmaßen ouch durch
1087 730 2002 874 was mitel diser diebstal beschechen sie, Hat
1105 785 2077 935 Jedoch sy hermeggerin, Vngeacht sy solchen alles
1100 843 2010 973 vol gwüßt, vnnd die Schlüstel zum trögen
1099 896 2082 1024 vnnd annderen ghalten, darum berurte waren
1120 940 2086 1075 glägen, gehept, Die ouch danen so sy gfengklich
1082 1005 2076 1119 angenommen überlifert, hardtnächiger wys
1114 1054 2037 1159 vernemet, vnnd nit bekenndtlich syn wollen
1117 1106 2036 1214 das die kundtfrömbdung dis zügs, mit iren
1087 1138 2081 1272 wüsten beschechen sie, vilweniger das sy darzu
1117 1195 2037 1308 ennche hilffthan habe, Eßhalb ouch vil
1082 1252 2045 1353 wunderbarliche vmbschweyffende werden, zu
1106 1309 2001 1418 irer enntschuldigung fürgwendt unnd
1117 1353 2085 1471 mit denselben sich zwyffels ohn diß gezegs
1123 1414 2099 1504 ledig ze machen vermeint, Untzit sy endtlich
1117 1468 2017 1571 vff Mitwuchen. denn 17. Wie oūch vff
1112 1519 2072 1605 Donnstag den 18. dereub. diß schierest Ab
1109 1567 2030 1673 geloffnenn 1617 tars. Abermalen ge¬
1100 1629 1996 1717 Furenndermaßen, so wil angeregten
1091 1680 2082 1767 Diebstals, Alls annderer entzwuschen fur¬
1105 1736 2079 1811 gefallner Nuneten halb gepurendermaste
1692 1781 2078 1862 die hat volgents
1108 1786 1471 1874 befragt wordenn
1121 1834 2106 1928 Inn bywäsen anhören vnnd gegenwürtigkey
1127 1895 2103 1977 er Ehrenueßten, frommen, fursichtigen, Wysen
1109 1950 2028 2016 herren, Dauidt Ammians des kleynen
1100 1989 2024 2082 raths Niclaus Grochers der Burgeren.
1112 2047 2042 2137 Burckhardt Fischers Großweybels, Ouch
1109 2105 2064 2189 etlicher Weyblen miner Gnedigen Herren
1112 2152 2124 2253 unnd oberen dieneren zu Marzili bekennt
1100 2204 2063 2308 unnd mit dermarter erhaldten unnd be-
1097 2255 1277 2341 stätigk
1091 2315 2089 2445 Vrstlichenn, wie das vor etwas Abgeloffnen
1097 2400 2110 2503 Wuchen, an welchem tag, sie veigentlich nit
1110 2443 2085 2563 zuwüßenn, Ir man abents umb acht vren
1155 2506 2075 2608 ich zu der Wälschen hanndelslüten laden
1126 2559 2074 2654 Allhie verfügt, vnnd Inn Allein Lüten, en
1140 2592 2142 2720 großmalet schloß, damit die thur versicheret
1138 2650 2102 2766 unnd verwardt gsin, mit gwaldt abbrochen
1136 2699 2144 2854 demnach mit einem selbs zugerichten Schluß
