4000 3000
21 2376 66 2443 A
16 2439 191 2493 in einem
17 2474 188 2534 oander
21 2518 147 2603 postrn
71 982 244 1054 wie Zūūor¬
277 10 1066 251 n vnderenden
278 77 1066 280 neidt und bätte kott und f und
302 157 1051 348 gantze Frundtschafft vmb gnädigen
264 222 1038 408 bychnung und das syn muter den se
285 291 1060 451 synes bruders s Frouwer und
263 353 1023 542 zu gutem vermiegen vnd das sy
287 456 1059 629 bar syn werdnnt, widerumb esen
287 515 1049 677 wellt, wie sich dan syn Muter si
294 590 996 739 hieuor auch schon anerbotten habe,
287 647 1060 818 Was aber fübrige synes bruders zu
279 710 1044 867 vbergebne vnd vetrunrte sachere
263 793 1055 935 S von gehapten Ennung dienstach
286 855 1045 985 so vd g. zustendig, als auch synen
285 920 1026 1046 bruders s eigne sachei, antreffen
287 999 1027 1102 thuey, da erbuthe er sich Iuende
245 1041 1033 1176 frunden oder wei un g darzu verordn.
282 1147 1052 1239 wurde, das er vermog der rodlen
278 1207 1046 1307 gutem vermuegen dergstalten rechen
279 1291 1040 1370 geben wolle, das man wol daran ke
280 1334 1044 1422 muge vnd wo dan In einem damte
270 1372 1026 1500 pinten etwas vnrichtigst sich e¬
255 1474 1041 1554 vndtmd begeben wurde Solle man
276 1530 1031 1644 aldan zu den jenngen prsonen schiken
263 1599 1031 1710 wo sy könnit anzeigen, das sy im
261 1664 1043 1765 die schuldige Sum geben, wolle walden
253 1733 1043 1827 deßen entgelten und de sum zugee
227 1796 1026 1900 vertuegen bezolen, hoffe aber es werde
257 1872 1037 1979 sich mit wytters dan wie er zu se
227 1920 1042 2043 Rechnung gesetzt, das er Ingenomen habe
239 1988 1044 2126 erfinden, Bildet also uder glgnt
239 2072 1031 2181 demetig und underthänig, die wellen
231 2122 1026 2248 Ime vff Burgschafft hur vff frst
231 2196 1019 2338 fuß stellen, damit er der Rechel
231 2261 1031 2406 so er von Inzognem geltempt
248 2334 1006 2474 selbs bywonen könne, vnd so de
201 2383 1008 2553 fründt nit an syn anzeige komme
222 2455 1034 2616 wolte, er mit ihnen selbs zu den jeg
208 2514 1009 2694 personen gahn, die warheit f
203 2590 1014 2747 Inen zunermen, wen ey gre shu
207 2660 992 2827 Sum gegeben habnit, so erpütett,
920 2752 973 2837 s
1971 34 2053 93 158
1182 77 2000 237 vn Muter was sich aldan erfinden
1167 146 2070 278 werde, das er emppfangen alles zuer¬
1190 214 2036 341 setzen, also das synes bruders
1158 266 2025 400 s erben keinen verhürst erlyden und
1182 333 2082 485 hiemit ud ge von dem einingr dienst
1190 390 2023 532 naher vermog der Rudlen auch desto
1179 474 1979 632 beßere Rechnung geben könnet.
