4000 3000
71 127 984 297 Naca
145 222 920 332 elichen von Geuf sich dach Leiode
145 253 975 362 begeben, alda ein sybglang sin erter
124 296 917 401 ner sammat wäber handtwirek
135 322 950 438 übt, nachmalen abr dadannten zud
156 360 945 474 Wiedmont komen und daselbsten
742 387 965 460 ye er en
158 399 725 501 Aals ein soldat gedienet
163 425 966 536 bigen in ein solche arbeitseligkeit
171 466 981 571 sines lybsgersargen, das ser dadanne
143 499 981 605 rch müßer und also zu obgemen
147 536 936 646 zweyen personen erspisner tagen
160 570 927 679 in der Müerenbrugg komen
147 613 951 712 und als er sich mit hinselben gann
138 650 947 760 ünitz verfügt, syenße sy aldasen
133 685 982 797 lich begendtiget und alhaf geschihen
138 722 928 832 wordene, das er aber alls man
139 758 938 879 Inne sines namens befragt, den
153 796 926 889 selben anfencklichen erneinen
142 839 942 944 und also einen faltschen namen
168 875 976 981 Matrgni nacerisd angeben, nach
156 907 982 1009 malen abersan zeigt das er mit
145 942 927 1066 dem zunamen Honlard Heißer
151 987 939 1089 vnd Nicolao Gonlard Predicgnt
150 1029 940 1124 3o samct Gdenle in der statt
155 1073 970 1168 Genff syn vatter sye sye darumb
166 1107 945 1205 beschechen, das er von jetzigen einer
168 1150 984 1237 asemen zustandts und kinchs arbeit
170 1186 898 1284 selig sybs sines geschlechts unnd
174 1228 940 1312 Jarkomens keinmeldung thun
119 1265 934 1354 Gorffen, vnd als einen andeng
163 1306 937 1382 kamenangeben, sunsten yn sie
147 1335 921 1431 vatter gemelter 8 Sonlanß un
158 1387 967 1475 derselbig als er einweg zeyen an
181 1434 951 1523 gesagkem ort vredient gn wil
185 1473 923 1552 aber von sines langen ußblybens
154 1509 924 1600 wegen nit ob er mehr imleben
210 1607 961 1694 Diewol vorgemelter Gpod, wyl
153 1649 970 1729 min gl an sin versprach nie kommen
176 1693 966 1771 mög uf zinstag bei e junii 161
194 1745 957 1801 Jars gannHarbild gefürt, alda
191 1766 953 1843 in gegenwürtigkeit der egeren
164 1810 930 1878 nestenec. zu Seniel Ketbers
179 1841 948 1915 des rahts und Burckharde Fischers
183 1890 957 1953 Brotareybels feerners zung theil
195 1927 942 1985 gutworten, excaminiert vndd
204 1983 929 2034 weill an die marter geschlagen
187 1993 970 2075 und einmal lär ufgogen worden.
174 2045 943 2108 vatter doch wybers mit bekennen
161 2064 973 2152 wellen, sonders es by obstehender sint
194 2120 969 2199 ekanttnuß unnd veraucht uglyb
184 2161 914 2231 laßen deswegen sy uf uliewne
176 2184 913 2277 Den 18te eiusdem uf ein censur
185 2230 964 2329 aller syts ledig gelaßsen worden,
252 2279 344 2366 It
310 2352 812 2456 seterman Got
810 2343 936 2459 sch
198 2473 983 2628 IMichwuchen den 15. juni
2048 12 2096 69 16
1126 63 2072 172 I ss benelch, vnd ansechen miner
1123 119 2091 205 1612 ß oberen durch die egerenuesten
1099 156 2058 259 g syen Beach herpore des kleinen ei
1107 202 2019 337 Zurckgard sischern Großweybel, des
1091 243 1173 306 5
1093 235 2079 371 reschen rahts, ward verehrmen gotsihet
1087 283 1975 413 iun der wlansen bati alzie befragt
1095 311 2101 449 und imme hieneben füstgebilder, als werde
1093 357 2046 494 eime zwyffels ohn noch guter maßen
1104 389 2072 526 hin zu wüßben, was gschalten und was
1117 428 2016 548 ergienor uff Catharyna Güng wi
1104 474 2073 597 Hans Frantz Rungen, bürgers alhie
1117 512 2046 629 ehelichen tochter mit sechs durchzuue
1118 553 2050 657 grüffte kundtschafften war zemachen
1117 590 2085 686 sich verwegen und als nun dieselbigen
1122 620 2023 736 uff sin begaren formbklich maßenn
1099 669 1922 779 vergört, ir aller ufstag von einem
1065 707 1944 850 hrsammen vergricht dsher statt ir ge
1144 750 2030 872 sschrifftlich übersentt, ußwellicheren
1105 782 2081 910 selben nützist, weßen er aber sich under
1120 833 1977 938 stenden wargtmachen gespürt moctn
1106 865 2068 973 gesergen, dezwegen nit ernsthafften
1093 916 2091 1024 drerten uls was anlaßs und was iune
1096 959 1996 1072 daßzu bewegt, sich uf dieselbig zebe¬
1088 992 1982 1103 rüffen exammert worden, hatt er
1111 1039 2072 1150 darüber volgende antwort von sich geben
1085 1116 2094 1242 Wie ds diesechs kundtschafftreger vast gmein
1105 1171 2089 1269 lich besonders aber wr sinon tünigen
1078 1206 2048 1313 Dienersofftmals zu ime selbs heinger
1069 1243 2021 1347 wahr sye gerett und sölliche vertröstung
1074 1287 1990 1381 gegeben habe, ime tölliches mitzie
1112 1312 2073 1430 schaden werde, sonders er Ime darmut
1116 1365 2058 1456 standt ernn und hallten wolle, deswegen
1111 1408 1950 1493 er dann uss söllichem und keinem
1114 1460 2050 1523 anderm anfals verursachet wordenn
1118 1488 2010 1574 sich uff dieselbigen zeuerlaßsen, mit
1557 1527 2012 1593 der worten imn
1114 1538 1521 1601 der zunersicht
1091 1557 2013 1642 keinen wes hindersich, sonders vmb
1088 1598 2063 1683 dieselbigen ime stankt tgun und halten
1051 1643 2035 1723 wurdindt, sunst wro es ihme durch sy selbs
1100 1687 2036 1767 pertonlics nit were zu ohren getragen
1031 1737 2008 1803 osden, er sich nemnalen angemasset
1105 1770 2036 1841 Iren Bebeheltten, sonders vlermers ge¬
1114 1819 2079 1884 schwegen, wiesse derenweg by ime keinen
1070 1825 1113 1888 11
1124 1852 1959 1913 anderen anfaß Beerachten
1078 1864 2070 1959 wolle es auch gentzlich darby belyben Nu
1099 1939 1485 2004 beruwen laßsen
1062 1987 2031 2094 Isf uff donstag den 36. junii 1612 uft
1159 2045 1989 2133 sein censur und abtrag erstens ledig
1112 2100 1561 2172 gflassen worden.
1043 2016 1116 2174 8
1712 2197 1825 2285 e
1232 2187 1626 2299 Aos pt
1268 2259 1416 2347 Ddor
1713 2275 1756 2345 .
1435 2280 1685 2359 Facter
1833 2335 1925 2400 tr
1056 2329 2038 2454 Also uff Frytag den 25. juni 1612 durch
1102 2405 1577 2492 die eherennesten etc. H
1624 2421 2004 2490 Jacob Gilliern
1119 2430 2107 2527 deß kleinen rahts und Burckhardt Kischern
1099 2496 1979 2577 Großweybal Jost Pfyffer von Jann
