4000 3000
347 129 1001 259 ulld Lelarier.
464 228 955 338 bürtig vona Lausaung
104 384 1088 537 E ff donstag den 15 Marty jaus 108
138 488 1108 595 stadt inn gegenn würtigkeit bor unnd wolgemelter
177 554 1111 651 Sid hatt Onzuia Golries inn der mannag
192 594 1126 716 koff alhie Wyters bekennt, das nach dem Dircht
195 667 1113 775 bo Prillicz Insiner mattung sy erstlichem
212 721 1123 836 noth zwangt, habe sy doch synen annderer gstallte
219 782 1102 889 sich nit eintzuchen khönen, dann das sy shernach
189 847 1107 964 Imnsineeen haß Im Kleinen Stublh Igee sedt
212 907 1125 1015 das er min Witttlig bff sim erporgeres Vnge¬
209 974 1143 1075 vertuungner hutwilliger wyß zu willen wordenn,
176 1026 1119 1152 Vnd so also auch dgmale fleischlichen Woreke
230 1097 1126 1206 mit einen annderen Verbracht, auch er ben Prillic¬
208 1163 1076 1283 Fra haruff sechs schellung zu lohen gebonm.
115 1276 1140 1443 Apurtreffent. Dennach alß Ihr vatter
220 1371 1150 1470 by somont by hen gs, was sy mit demselben
248 1421 1145 1523 für gspräch gehalltung, hat sy vermeldet, der
234 1486 1140 1598 sy dhm selben anward mit anngezeigt dann das
230 1550 1118 1670 s dem hey vom Priltils funden, das se
217 1612 1140 1729 gesagt, er fra dein nasenlumgnen Vff den mundt
226 1670 1137 1772 getegt, unnacht gethan, dann der selbig fra
201 1724 1131 1848 Die hanndt uff der mundt gelegt habe, damit sy
227 1798 638 1915 nit schryen, könnte
87 1911 1144 2070 Abenerneaßen habe sy sich gegeng Marqueris
239 1994 1150 2126 Blond erluefferet, welche Vnnder anndereig gestra¬
214 2068 1124 2200 Fra vermeldet habe, wann sy dem sdi sone
218 2115 1141 2262 hritligh etwarin unnrecht gethan, sölle sy ihm
210 2193 1125 2314 Vmb k. Zychnung betten, Imne auch Cos
231 2231 1130 2371 konne, dz Lebenn erretttenn, Jedof alle Zytt
229 2302 965 2424 die wahrheit bruchung vnndt redeng
91 2382 1138 2583 5 Volz ieure Hauuff gnmelter Marguoritu Flor
243 2472 1147 2613 sollich Ihr der vorgedachteng Vrsulan teuri
222 2528 1143 2663 vsprechung vong einem ann das gunder bong thal
212 2585 1123 2753 sosnnderlichenn aber auch, wer sy n nach romont
1017 2639 1148 2743 zu de
2176 -12 2261 66 4.
1240 56 2241 249 zu der Orcular zugen aingelprtiseg, Ann Zuhrig
1270 139 2191 269 sy srunenntwordung, hat sy annders nit vermeldet,
1245 204 2226 354 Dann dzs der tochter elterung spar darzu er belteme
1256 261 2193 411 Deßwegeng sy mit dem satten sich bs dem weg
1297 333 2226 466 begeben unnder Wegeng sehar. Wyll sy nitwall
1300 377 2229 525 reißung mögen, derselbig von Fra brungen, Alßo
1301 447 2222 596 nu gag Bomons khomeen, vnndt den Vatten schon
1296 511 2243 657 by der tochter funnden, Welch mit der selbeng graedte,
1293 582 2185 721 habe s hernahh sich auch zu Fracvfogt, Vnndt
1282 640 2227 794 Ina vermoldet, das sy demn Frigenn Keig schmach
1299 714 2216 828 bewysen unnd niemandt unnecht thun, Sonedere
1300 783 2220 896 sich jrchn haltenn solte, unndt wo sy solches theye
1284 841 2220 942 wölle sy Masquertts Fra nitzit vnd sagenn,
1309 906 2241 1029 sy auch einen bitzenn brott habe, wölle, sy fra
1256 965 2214 1081 Demnselbigen halb gebeng, Hatt hiemit Vn
1302 1028 2233 1144 vberignng so Marquerito Sone, das sy
1288 1096 2241 1213 zu der tochter geredt, warn y vörnr, sölle syze
1267 1151 2267 1266 Herborg Prillics syn leben errelften, unngeacht
1273 1210 2263 1323 Die tochter fra sölliches unndermundts erhahlten
1269 1275 2226 1386 kennesweges gesteundig syn, noch auch bekanntlich
1256 1332 2238 1450 werdenn wöllen, das sy anngrdufte reyß furze¬
1286 1395 2208 1489 nemmen Bonn jemandts annderem als der tochter
1287 1460 2241 1559 Vatter vnndt Stieffnutter syr anngewisenn,
1266 1517 2200 1600 Wordung Sonnsteg syr E Inn solch reyß nach
1252 1577 2211 1689 EGnnnfft Zegahn vorhabennd gsyn, vnndt wülle
1287 1638 2067 1732 by solchen iree bekamtnus verblyben.
1240 1813 2227 1910 Frangoise Faccautt hatt vber Ire
1279 1902 2268 2011 schon haus zu Mildung gethane vnndt Im schrifft
1284 1960 2252 2087 verfaßte beranntnus volgennde erlütherung zethan
1297 2076 2245 2220 autirchen, was denn ersten puneten Erersehen
1297 2157 2255 2278 gethanen vergicht belannget, laße sy es by dem
1301 2220 1688 2324 selbenn Obewennden
1237 2321 2257 2465 Senueaeh habe sich vor Zechnnn Jahren begeben,
1265 2406 2231 2527 das der Sobon Prillics zu Corselles zur
1284 2471 2257 2598 Irem huß zu Fra kommen, sya anngriffnund,
1278 2523 2285 2680 dra Vhrnenhar das göller unndt hembt zum theylln
2042 2664 2232 2777 grösurs.
