<?xml version="1.0" encoding="UTF-8" standalone="yes"?>
<PcGts xmlns="http://schema.primaresearch.org/PAGE/gts/pagecontent/2013-07-15" xmlns:xsi="http://www.w3.org/2001/XMLSchema-instance" xsi:schemaLocation="http://schema.primaresearch.org/PAGE/gts/pagecontent/2013-07-15 http://schema.primaresearch.org/PAGE/gts/pagecontent/2013-07-15/pagecontent.xsd">
    <Metadata>
        <Creator>prov=University of Rostock/Institute of Mathematics/CITlab|PLANET AI GmbH/Gundram Leifert/gundram.leifert@planet-ai.de:name=German_Kurrent_XVI-XVIII_M1(htr_id=19584)::::v=2.6.7
prov=University of Rostock/Institute of Mathematics/CITlab|PLANET AI GmbH/Tobias Gruening/tobias.gruening@planet-ai.de:name=de.uros.citlab.module.baseline2polygon.B2PSeamMultiOriented:v=2.6.7
prov=University of Rostock/Institute of Mathematics/CITlab|PLANET AI GmbH/Gundram Leifert/gundram.leifert@planet-ai.de:name=Turmbücher_StaBe_3_A.Funk(htr_id=27278)::::v=2.6.7
prov=University of Rostock/Institute of Mathematics/CITlab|PLANET AI GmbH/Tobias Gruening/tobias.gruening@planet-ai.de:name=de.uros.citlab.module.baseline2polygon.B2PSeamMultiOriented:v=2.6.7
prov=University of Rostock/Institute of Mathematics/CITlab|PLANET AI GmbH/Tobias Gruening/tobias.gruening@planet-ai.de:name=/net_tf/LA73_249_0mod360.pb:de.uros.citlab.segmentation.CITlab_LA_ML:v=2.6.6
Transkribus</Creator>
        <Created>2020-10-03T12:26:25.889+02:00</Created>
        <LastChange>2022-09-12T14:25:05.729+02:00</LastChange>
        <TranskribusMetadata docId="1334811" pageId="52359449" pageNr="127" tsid="114641193" status="IN_PROGRESS" userId="9570" imgUrl="https://files.transkribus.eu/Get?id=EEFQMUMGKZAHQSQRBWYEAJBV&amp;fileType=view" xmlUrl="https://files.transkribus.eu/Get?id=WCOQRURCJVKDYLYSIMYVHOPV" imageId="15997976"/>
    </Metadata>
    <Page imageFilename="BIX461_119v,120r.jpg" imageWidth="4000" imageHeight="3000">
        <ReadingOrder>
            <OrderedGroup id="ro_1687513819824" caption="Regions reading order">
                <RegionRefIndexed index="0" regionRef="r1"/>
                <RegionRefIndexed index="1" regionRef="r2"/>
                <RegionRefIndexed index="2" regionRef="r3"/>
                <RegionRefIndexed index="3" regionRef="r4"/>
            </OrderedGroup>
        </ReadingOrder>
        <TextRegion orientation="0.0" id="r1" custom="readingOrder {index:0;}">
            <Coords points="102,1348 102,1505 188,1505 188,1348"/>
            <TextLine id="r1l1" custom="readingOrder {index:0;}">
                <Coords points="97,1473 114,1470 134,1475 146,1468 152,1471 166,1468 177,1476 196,1473 190,1389 172,1392 157,1407 141,1408 125,1422 107,1425 93,1421"/>
                <Baseline points="102,1455 130,1451 159,1448 188,1449"/>
                <TextEquiv>
                    <Unicode></Unicode>
                </TextEquiv>
            </TextLine>
            <TextEquiv>
                <Unicode></Unicode>
            </TextEquiv>
        </TextRegion>
        <TextRegion orientation="0.0" id="r2" custom="readingOrder {index:1;}">
            <Coords points="140,96 140,2512 1064,2512 1064,96"/>
            <TextLine id="r2l1" custom="readingOrder {index:0;}">
                <Coords points="174,144 745,179 1044,279 1051,232 896,145 843,177 707,128 542,117 504,82 316,101 190,41"/>
                <Baseline points="185,116 227,121 270,126 313,130 356,134 398,138 441,142 484,146 527,149 569,153 612,157 655,163 698,169 740,175 783,185 826,194 869,204 911,217 954,230 997,247 1040,264"/>
                <TextEquiv>
                    <Unicode>darüber Anrtwortet er Eusyebet</Unicode>
                </TextEquiv>
            </TextLine>
            <TextLine id="r2l2" custom="readingOrder {index:1;}">
                <Coords points="224,197 360,182 491,214 620,205 659,231 702,210 892,263 895,233 745,181 680,193 652,169 513,151 483,166 416,144 386,160 230,145"/>
                <Baseline points="233,174 265,176 298,177 331,179 363,180 396,182 429,183 461,186 494,188 527,191 560,194 592,197 625,201 658,206 690,210 723,216 756,222 788,228 821,236 854,244 887,252"/>
                <TextEquiv>
                    <Unicode>das er die pfannen zu synen</Unicode>
                </TextEquiv>
            </TextLine>
            <TextLine id="r2l3" custom="readingOrder {index:2;}">
                <Coords points="250,228 774,267 796,293 895,291 975,331 1029,311 1032,283 793,251 715,211 657,231 598,202 253,201"/>
                <Baseline points="257,221 295,221 333,222 371,224 410,226 448,228 486,231 524,234 563,237 601,241 639,245 677,249 716,255 754,261 792,268 830,274 869,281 907,290 945,298 983,306 1022,317"/>
                <TextEquiv>
                    <Unicode>namen mit dem Röch diseach</Unicode>
                </TextEquiv>
            </TextLine>
            <TextLine id="r2l4" custom="readingOrder {index:3;}">
                <Coords points="901,276 914,278 920,274 928,282 932,282 939,277 958,284 960,249 940,245 917,223 904,224"/>
                <Baseline points="908,267 953,270"/>
                <TextEquiv>
                    <Unicode>sh</Unicode>
                </TextEquiv>
            </TextLine>
            <TextLine id="r2l5" custom="readingOrder {index:4;}">
                <Coords points="231,290 717,299 1008,370 1066,417 1073,361 894,292 859,309 773,267 577,245 302,248 240,218"/>
                <Baseline points="240,269 281,270 322,270 363,272 404,273 446,275 487,276 528,279 569,281 610,284 652,288 693,293 734,298 775,305 816,312 858,321 899,331 940,342 981,356 1022,371 1064,387"/>
                <TextEquiv>
                    <Unicode>umbgangen unnd alls der beefe</Unicode>
                </TextEquiv>
            </TextLine>
            <TextLine id="r2l6" custom="readingOrder {index:5;}">
                <Coords points="211,338 792,352 1016,422 1010,371 780,313 717,325 621,289 554,311 392,286 215,299"/>
                <Baseline points="219,318 258,318 298,318 337,318 377,320 417,320 456,321 496,323 535,324 575,327 615,331 654,334 694,338 733,344 773,350 813,357 852,365 892,374 931,385 971,396 1011,410"/>
                <TextEquiv>
                    <Unicode>Hitzwegenwöllen unberlaufe</Unicode>
                </TextEquiv>
            </TextLine>
            <TextLine id="r2l7" custom="readingOrder {index:6;}">
                <Coords points="239,369 334,385 370,367 433,405 624,378 761,423 846,402 893,446 989,437 978,402 793,354 686,368 566,333 457,354 243,332"/>
                <Baseline points="246,359 282,360 319,361 356,363 393,364 430,365 467,366 503,369 540,371 577,373 614,376 651,380 688,383 725,387 761,391 798,397 835,403 872,411 909,418 946,427 983,437"/>
                <TextEquiv>
                    <Unicode>erweger daryn thun lagen</Unicode>
                </TextEquiv>
            </TextLine>
            <TextLine id="r2l8" custom="readingOrder {index:7;}">
                <Coords points="207,435 281,411 549,418 605,448 686,422 729,449 889,458 969,505 1015,489 1020,433 951,455 816,398 757,422 620,380 508,399 368,368 311,390 213,355"/>
                <Baseline points="215,410 254,408 294,408 334,408 374,410 413,410 453,411 493,414 533,417 572,419 612,423 652,426 692,430 731,434 771,439 811,444 851,450 890,456 930,461 970,468 1010,474"/>
                <TextEquiv>
                    <Unicode>die pfalten wyl dir buppen </Unicode>
                </TextEquiv>
            </TextLine>
            <TextLine id="r2l9" custom="readingOrder {index:8;}">
                <Coords points="220,468 275,494 331,464 400,494 536,465 733,532 855,498 1018,544 1022,503 820,445 753,462 686,422 526,447 281,411 222,444"/>
                <Baseline points="227,458 266,456 305,456 344,456 384,456 423,456 462,458 502,459 541,461 580,463 620,466 659,470 698,474 737,478 777,483 816,489 855,495 895,501 934,509 973,517 1013,525"/>
                <TextEquiv>
                    <Unicode>ghin uff ein dryfuß gestelt und</Unicode>
                </TextEquiv>
            </TextLine>
            <TextLine id="r2l10" custom="readingOrder {index:9;}">
                <Coords points="179,512 236,533 284,515 405,521 432,547 479,524 525,553 645,537 646,502 598,487 322,493 259,489 237,466 181,472"/>
                <Baseline points="186,497 211,499 236,500 261,501 286,503 311,503 337,504 362,504 387,506 412,506 437,507 462,507 488,510 513,510 538,512 563,515 588,517 613,519 639,524"/>
                <TextEquiv>
                    <Unicode>Invon gangen,</Unicode>
                </TextEquiv>
            </TextLine>
            <TextLine id="r2l11" custom="readingOrder {index:10;}">
                <Coords points="159,684 229,654 580,673 1037,754 1050,690 915,643 808,672 619,633 500,647 388,585 280,646 229,617 164,627"/>
                <Baseline points="168,656 211,657 255,659 298,660 342,662 386,663 429,664 473,666 516,668 560,669 604,672 647,675 691,678 734,682 778,687 822,693 865,699 909,706 952,714 996,723 1040,734"/>
                <TextEquiv>
                    <Unicode>um Anderen Ober gn boden ders</Unicode>
                </TextEquiv>
            </TextLine>
            <TextLine id="r2l12" custom="readingOrder {index:11;}">
                <Coords points="136,714 208,702 327,743 465,714 577,745 833,739 1048,798 1051,754 889,709 139,668"/>
                <Baseline points="143,708 188,708 233,708 278,708 323,708 368,710 413,710 458,712 503,714 548,715 593,718 638,721 683,724 728,728 773,733 818,738 863,745 908,751 953,760 998,768 1043,779"/>
                <TextEquiv>
                    <Unicode>Jaryn die suppen angricht worden</Unicode>
                </TextEquiv>
            </TextLine>
            <TextLine id="r2l13" custom="readingOrder {index:12;}">
                <Coords points="248,768 273,784 323,761 349,791 407,760 449,800 488,771 620,764 690,790 734,769 774,798 916,810 956,846 1031,829 981,766 900,773 833,739 703,753 586,724 529,746 463,715 335,740 253,706"/>
                <Baseline points="255,753 293,754 332,755 370,756 409,757 447,758 486,759 524,759 563,761 601,762 640,765 679,766 717,770 756,773 794,777 833,783 871,788 910,795 948,803 987,812 1026,822"/>
                <TextEquiv>
                    <Unicode>ein gwüste lateri Posichwyßen,</Unicode>
                </TextEquiv>
            </TextLine>
            <TextLine id="r2l14" custom="readingOrder {index:13;}">
                <Coords points="238,831 302,814 350,845 472,816 550,853 725,833 757,861 812,839 881,865 892,819 816,781 772,799 733,768 708,791 617,764 574,791 497,774 453,794 422,763 350,790 323,761 297,781 241,765"/>
                <Baseline points="246,803 279,804 313,804 346,806 380,807 414,807 447,809 481,809 515,810 548,811 582,813 615,814 649,815 683,818 716,820 750,822 784,824 817,828 851,831 885,836"/>
                <TextEquiv>
                    <Unicode>debglicheln gesuchen habe,</Unicode>
                </TextEquiv>
            </TextLine>
            <TextLine id="r2l15" custom="readingOrder {index:14;}">
                <Coords points="153,949 569,953 680,999 757,971 1058,1021 1061,971 1024,975 963,918 882,947 739,896 497,932 312,910 238,860 157,878"/>
                <Baseline points="159,944 203,944 248,944 293,944 337,944 382,945 427,946 471,948 516,950 561,951 606,954 650,957 695,960 740,965 784,968 829,972 874,978 918,982 963,988 1008,993 1053,1001"/>
                <TextEquiv>
                    <Unicode>Antwortt, er sye gestündig, das er</Unicode>
                </TextEquiv>
            </TextLine>
            <TextLine id="r2l16" custom="readingOrder {index:15;}">
                <Coords points="220,1010 632,1003 924,1024 968,1062 995,1039 1045,1064 1058,1025 753,971 689,994 568,956 223,971"/>
                <Baseline points="228,992 269,993 310,993 351,993 392,993 433,995 474,995 515,996 556,998 597,999 639,1001 680,1004 721,1006 762,1010 803,1014 844,1017 885,1022 926,1027 967,1033 1008,1039 1050,1046"/>
                <TextEquiv>
                    <Unicode>gemelt ain btoder der cantagnen schu</Unicode>
                </TextEquiv>
            </TextLine>
            <TextLine id="r2l17" custom="readingOrder {index:16;}">
                <Coords points="226,1060 402,1041 719,1073 788,1046 983,1073 1067,1114 1072,1026 1022,1056 629,1003 229,1004"/>
                <Baseline points="234,1038 275,1040 316,1040 358,1040 399,1040 441,1040 482,1041 523,1041 565,1043 606,1043 648,1044 689,1046 730,1049 772,1052 813,1055 855,1059 896,1064 937,1068 979,1075 1020,1081 1062,1089"/>
                <TextEquiv>
                    <Unicode>ken ein wys stückl einer kente</Unicode>
                </TextEquiv>
            </TextLine>
            <TextLine id="r2l18" custom="readingOrder {index:17;}">
                <Coords points="243,1116 375,1089 676,1095 818,1146 895,1148 934,1118 1058,1146 1060,1108 983,1073 809,1068 788,1046 729,1080 688,1058 629,1075 601,1049 552,1070 247,1043"/>
                <Baseline points="252,1080 292,1082 332,1083 372,1085 412,1085 452,1086 492,1087 532,1088 572,1089 612,1089 652,1091 692,1092 732,1094 772,1097 812,1099 852,1103 892,1106 932,1111 972,1116 1012,1122 1053,1130"/>
                <TextEquiv>
                    <Unicode>ssuchen, ob das abersgiffsgsin bote</Unicode>
                </TextEquiv>
            </TextLine>
            <TextLine id="r2l19" custom="readingOrder {index:18;}">
                <Coords points="233,1165 298,1133 365,1171 407,1141 503,1145 526,1129 782,1158 801,1148 803,1103 756,1121 674,1096 592,1118 552,1091 434,1110 355,1090 330,1113 234,1117"/>
                <Baseline points="240,1134 267,1133 295,1131 323,1131 351,1130 378,1130 406,1130 434,1130 462,1130 489,1130 517,1130 545,1131 573,1133 600,1134 628,1136 656,1137 684,1139 711,1142 739,1144 767,1145 795,1148"/>
                <TextEquiv>
                    <Unicode>eye im nit zewüßen</Unicode>
                </TextEquiv>
            </TextLine>
            <TextLine id="r2l20" custom="readingOrder {index:19;}">
                <Coords points="219,1257 494,1294 659,1279 702,1305 759,1275 976,1309 1005,1287 1058,1319 1060,1243 959,1208 771,1208 696,1251 611,1213 526,1242 464,1202 320,1224 220,1192"/>
                <Baseline points="225,1260 266,1264 307,1265 349,1268 390,1269 432,1269 473,1271 514,1271 556,1271 597,1271 639,1271 680,1272 721,1272 763,1272 804,1274 846,1275 887,1277 928,1278 970,1281 1011,1285 1053,1289"/>
                <TextEquiv>
                    <Unicode>Dum 3. osyn ehewyb unnd dienstmas</Unicode>
                </TextEquiv>
            </TextLine>
            <TextLine id="r2l21" custom="readingOrder {index:20;}">
                <Coords points="239,1320 626,1338 870,1318 917,1350 973,1325 1040,1337 1041,1301 759,1274 710,1300 385,1274 276,1292 240,1272"/>
                <Baseline points="246,1307 285,1308 324,1310 364,1311 403,1311 443,1311 482,1313 522,1313 561,1313 601,1314 640,1314 679,1314 719,1315 758,1316 798,1316 837,1317 877,1319 916,1320 956,1322 995,1323 1035,1326"/>
                <TextEquiv>
                    <Unicode>alls sy wann der suppengroßen</Unicode>
                </TextEquiv>
            </TextLine>
            <TextLine id="r2l22" custom="readingOrder {index:21;}">
                <Coords points="224,1364 514,1392 555,1363 665,1389 741,1357 803,1388 945,1361 1047,1375 1048,1336 225,1313"/>
                <Baseline points="231,1355 271,1355 312,1355 352,1353 393,1353 433,1353 474,1355 514,1355 555,1355 595,1356 636,1356 676,1357 717,1358 757,1359 798,1359 838,1361 879,1361 919,1362 960,1363 1000,1364 1041,1365"/>
                <TextEquiv>
                    <Unicode>vnnd die fast bitter gfunden. zuzu</Unicode>
                </TextEquiv>
            </TextLine>
            <TextLine id="r2l23" custom="readingOrder {index:22;}">
                <Coords points="224,1423 1050,1415 1050,1375 945,1361 840,1391 742,1356 669,1387 614,1366 320,1385 268,1357 225,1388"/>
                <Baseline points="231,1407 271,1406 312,1404 352,1403 393,1401 434,1401 474,1401 515,1401 556,1401 596,1401 637,1401 678,1401 718,1402 759,1403 800,1403 840,1404 881,1406 922,1406 962,1407 1003,1407 1044,1409"/>
                <TextEquiv>
                    <Unicode>gsprochen er habe symit diser be</Unicode>
                </TextEquiv>
            </TextLine>
            <TextLine id="r2l24" custom="readingOrder {index:23;}">
                <Coords points="197,1462 483,1458 594,1484 687,1451 792,1484 888,1451 1040,1479 1040,1411 983,1433 713,1406 614,1431 502,1407 457,1433 396,1404 197,1423"/>
                <Baseline points="203,1449 244,1449 286,1449 327,1449 369,1448 410,1448 452,1448 493,1446 535,1446 576,1446 618,1446 660,1445 701,1445 743,1445 784,1445 826,1446 867,1446 909,1448 950,1448 992,1449 1034,1451"/>
                <TextEquiv>
                    <Unicode>Tbel versorget Jagar vergiffte</Unicode>
                </TextEquiv>
            </TextLine>
            <TextLine id="r2l25" custom="readingOrder {index:24;}">
                <Coords points="199,1580 505,1572 604,1607 705,1579 772,1608 903,1578 952,1607 1036,1583 1036,1522 811,1554 707,1522 660,1544 587,1509 526,1545 374,1522 199,1557"/>
                <Baseline points="206,1575 247,1575 288,1575 329,1575 370,1575 411,1575 452,1575 494,1575 535,1575 576,1575 617,1575 658,1575 699,1575 740,1575 782,1575 823,1574 864,1574 905,1574 946,1573 987,1572 1029,1572"/>
                <TextEquiv>
                    <Unicode>Antwortt dises fürhaltens synes</Unicode>
                </TextEquiv>
            </TextLine>
            <TextLine id="r2l26" custom="readingOrder {index:25;}">
                <Coords points="212,1640 975,1618 1007,1647 1049,1625 1049,1590 928,1602 902,1579 773,1607 701,1580 605,1605 404,1580 333,1608 212,1576"/>
                <Baseline points="218,1626 259,1625 300,1623 341,1622 383,1622 424,1620 465,1620 506,1620 548,1619 589,1619 630,1619 671,1619 713,1619 754,1619 795,1618 836,1617 878,1617 919,1616 960,1616 1001,1614 1043,1613"/>
                <TextEquiv>
                    <Unicode>Ehewybs sye erstwar gestähndiger</Unicode>
                </TextEquiv>
            </TextLine>
            <TextLine id="r2l27" custom="readingOrder {index:26;}">
                <Coords points="248,1675 1050,1674 1049,1629 975,1619 815,1643 699,1616 592,1646 528,1622 388,1650 248,1632"/>
                <Baseline points="254,1664 293,1663 332,1662 372,1662 411,1662 451,1662 490,1662 530,1662 569,1661 609,1661 648,1661 687,1661 727,1659 766,1659 806,1659 845,1658 885,1658 924,1656 964,1656 1003,1656 1043,1655"/>
                <TextEquiv>
                    <Unicode>habe aber Gro das Ofderspracht</Unicode>
                </TextEquiv>
            </TextLine>
            <TextLine id="r2l28" custom="readingOrder {index:27;}">
                <Coords points="200,1734 305,1716 380,1741 438,1709 608,1737 657,1712 774,1737 881,1711 938,1734 1043,1704 1030,1659 790,1688 244,1667 200,1697"/>
                <Baseline points="206,1713 247,1712 289,1710 330,1709 372,1708 413,1707 455,1706 496,1706 538,1706 579,1704 621,1704 663,1704 704,1704 746,1703 787,1703 829,1703 870,1701 912,1701 953,1700 995,1698 1037,1697"/>
                <TextEquiv>
                    <Unicode>Vnnd das er sich vergifftet gentzlich</Unicode>
                </TextEquiv>
            </TextLine>
            <TextLine id="r2l29" custom="readingOrder {index:28;}">
                <Coords points="233,1796 263,1797 287,1773 326,1765 353,1765 381,1790 392,1784 430,1795 522,1757 521,1722 504,1718 459,1743 416,1721 382,1743 349,1721 232,1728"/>
                <Baseline points="239,1763 264,1763 289,1761 314,1761 339,1760 364,1759 390,1758 415,1758 440,1758 465,1758 490,1760 516,1761"/>
                <TextEquiv>
                    <Unicode>verlaugnet</Unicode>
                </TextEquiv>
            </TextLine>
            <TextLine id="r2l30" custom="readingOrder {index:29;}">
                <Coords points="528,1758 543,1759 553,1770 558,1772 578,1772 583,1711 570,1710 563,1716 551,1717 539,1726 531,1725"/>
                <Baseline points="534,1760 573,1763"/>
                <TextEquiv>
                    <Unicode>1</Unicode>
                </TextEquiv>
            </TextLine>
            <TextLine id="r2l31" custom="readingOrder {index:30;}">
                <Coords points="203,1888 393,1930 453,1899 507,1918 811,1890 883,1914 930,1882 1024,1878 1037,1826 791,1868 697,1823 558,1871 502,1839 282,1851 201,1820"/>
                <Baseline points="209,1890 250,1892 291,1893 332,1893 373,1893 414,1895 455,1895 497,1895 538,1893 579,1893 620,1892 661,1892 702,1890 743,1887 785,1886 826,1884 867,1881 908,1878 949,1874 990,1870 1032,1866"/>
                <TextEquiv>
                    <Unicode>Dem 4. oosyn ezefrauw ime nit</Unicode>
                </TextEquiv>
            </TextLine>
            <TextLine id="r2l32" custom="readingOrder {index:31;}">
                <Coords points="204,1952 936,1940 1050,1914 1049,1886 1014,1879 892,1908 669,1891 626,1916 583,1896 343,1928 202,1890"/>
                <Baseline points="210,1944 251,1944 293,1943 335,1943 376,1941 418,1940 460,1940 501,1938 543,1937 585,1935 627,1934 668,1932 710,1931 752,1928 793,1926 835,1923 877,1921 918,1918 960,1915 1002,1911 1044,1907"/>
                <TextEquiv>
                    <Unicode>vermeldet, das er die mehr antoge</Unicode>
                </TextEquiv>
            </TextLine>
            <TextLine id="r2l33" custom="readingOrder {index:32;}">
                <Coords points="200,2023 272,1994 517,1986 583,2013 628,1982 881,1996 923,1969 988,1990 1048,1954 1045,1907 1015,1906 816,1955 637,1936 338,1976 196,1958"/>
                <Baseline points="204,1997 245,1995 287,1993 329,1992 371,1990 413,1989 455,1987 496,1985 538,1984 580,1982 622,1980 664,1979 706,1976 748,1974 789,1971 831,1970 873,1966 915,1962 957,1958 999,1954 1041,1950"/>
                <TextEquiv>
                    <Unicode>Buppen nit sölle abwegschaffet</Unicode>
                </TextEquiv>
            </TextLine>
            <TextLine id="r2l34" custom="readingOrder {index:33;}">
                <Coords points="201,2068 259,2043 379,2040 414,2067 508,2037 543,2063 576,2034 781,2046 1041,1995 1015,1965 859,2002 737,1979 689,2007 506,1988 344,2020 289,1993 198,2024"/>
                <Baseline points="206,2049 247,2046 288,2042 330,2039 371,2036 413,2034 454,2033 495,2031 537,2030 578,2030 620,2028 661,2027 702,2025 744,2024 785,2020 827,2017 868,2015 909,2009 951,2005 992,1999 1034,1991"/>
                <TextEquiv>
                    <Unicode>sonders blyben lassen, damit</Unicode>
                </TextEquiv>
            </TextLine>
            <TextLine id="r2l35" custom="readingOrder {index:34;}">
                <Coords points="216,2127 324,2089 392,2118 521,2082 670,2098 697,2072 738,2098 885,2060 1018,2085 1042,2067 1038,1993 818,2049 656,2029 543,2065 505,2040 413,2067 212,2056"/>
                <Baseline points="221,2094 261,2092 302,2088 342,2087 383,2085 424,2082 464,2081 505,2079 546,2077 586,2076 627,2074 668,2072 708,2070 749,2067 790,2064 830,2061 871,2058 912,2053 952,2049 993,2043 1034,2037"/>
                <TextEquiv>
                    <Unicode>gstaltsame derselbsen, und bygefu¬</Unicode>
                </TextEquiv>
            </TextLine>
            <TextLine id="r2l36" custom="readingOrder {index:35;}">
                <Coords points="201,2169 357,2173 401,2138 441,2160 493,2134 530,2148 577,2131 638,2158 674,2134 711,2138 709,2106 677,2098 535,2115 508,2094 414,2121 333,2089 255,2129 199,2123"/>
                <Baseline points="206,2148 232,2146 258,2144 284,2143 310,2141 337,2139 363,2138 389,2137 415,2135 441,2134 468,2132 494,2131 520,2129 546,2129 572,2127 599,2126 625,2126 651,2124 677,2124 704,2123"/>
                <TextEquiv>
                    <Unicode>gifftfsachen möge,</Unicode>
                </TextEquiv>
            </TextLine>
            <TextLine id="r2l37" custom="readingOrder {index:36;}">
                <Coords points="134,2306 919,2287 1053,2232 1050,2177 978,2233 922,2189 752,2233 565,2228 499,2274 132,2265"/>
                <Baseline points="140,2295 185,2295 230,2294 276,2294 321,2293 366,2292 412,2292 457,2291 502,2289 548,2288 593,2286 638,2283 684,2282 729,2277 774,2273 820,2269 865,2264 910,2258 956,2251 1001,2244 1047,2235"/>
                <TextEquiv>
                    <Unicode>ntwortt diß artickdils sye ern</Unicode>
                </TextEquiv>
            </TextLine>
            <TextLine id="r2l38" custom="readingOrder {index:37;}">
                <Coords points="201,2363 278,2382 376,2340 422,2373 489,2340 771,2346 841,2318 891,2340 1044,2278 1025,2247 733,2310 617,2284 471,2319 380,2292 198,2312"/>
                <Baseline points="207,2349 248,2345 290,2341 331,2339 373,2336 414,2334 456,2333 497,2331 539,2331 580,2329 622,2328 664,2325 705,2323 747,2321 788,2317 830,2313 871,2308 913,2301 954,2294 996,2285 1038,2274"/>
                <TextEquiv>
                    <Unicode>gestündig, wüß sich auch nit zu erfünte</Unicode>
                </TextEquiv>
            </TextLine>
            <TextLine id="r2l39" custom="readingOrder {index:38;}">
                <Coords points="148,2433 273,2395 336,2423 391,2390 543,2411 610,2379 740,2396 792,2361 952,2368 1032,2332 1029,2291 769,2347 142,2355"/>
                <Baseline points="152,2405 195,2399 239,2394 282,2391 326,2387 370,2384 413,2382 457,2380 501,2378 544,2376 588,2375 632,2372 675,2370 719,2367 763,2363 806,2359 850,2355 894,2349 937,2343 981,2334 1025,2325"/>
                <TextEquiv>
                    <Unicode>das syn wyb imme folliches für</Unicode>
                </TextEquiv>
            </TextLine>
            <TextLine id="r2l40" custom="readingOrder {index:39;}">
                <Coords points="187,2459 298,2483 388,2441 422,2459 890,2420 1021,2377 1017,2331 920,2371 784,2362 742,2395 614,2380 542,2411 330,2424 240,2402 184,2426"/>
                <Baseline points="192,2450 233,2444 274,2440 315,2437 356,2434 397,2432 438,2429 479,2427 520,2426 561,2423 603,2421 644,2419 685,2416 726,2412 767,2409 808,2403 849,2399 890,2393 931,2386 972,2376 1014,2367"/>
                <TextEquiv>
                    <Unicode>So haab er auch die supber nit</Unicode>
                </TextEquiv>
            </TextLine>
            <TextLine id="r2l41" custom="readingOrder {index:40;}">
                <Coords points="184,2537 375,2492 440,2523 659,2501 686,2477 748,2491 774,2482 771,2427 652,2430 593,2454 550,2436 462,2461 362,2454 309,2476 269,2450 180,2467"/>
                <Baseline points="188,2502 218,2501 248,2498 279,2495 309,2494 340,2491 370,2489 401,2487 431,2485 462,2483 492,2481 523,2480 553,2478 584,2477 614,2475 645,2474 675,2473 706,2471 736,2471 767,2469"/>
                <TextEquiv>
                    <Unicode>hinweg geschaffet</Unicode>
                </TextEquiv>
            </TextLine>
            <TextEquiv>
                <Unicode>darüber Anrtwortet er Eusyebet
das er die pfannen zu synen
namen mit dem Röch diseach
sh
umbgangen unnd alls der beefe
Hitzwegenwöllen unberlaufe
erweger daryn thun lagen
die pfalten wyl dir buppen 
ghin uff ein dryfuß gestelt und
Invon gangen,
um Anderen Ober gn boden ders
Jaryn die suppen angricht worden
ein gwüste lateri Posichwyßen,
debglicheln gesuchen habe,
Antwortt, er sye gestündig, das er
gemelt ain btoder der cantagnen schu
ken ein wys stückl einer kente
ssuchen, ob das abersgiffsgsin bote
eye im nit zewüßen
Dum 3. osyn ehewyb unnd dienstmas
alls sy wann der suppengroßen
vnnd die fast bitter gfunden. zuzu
gsprochen er habe symit diser be
Tbel versorget Jagar vergiffte
Antwortt dises fürhaltens synes
Ehewybs sye erstwar gestähndiger
habe aber Gro das Ofderspracht
Vnnd das er sich vergifftet gentzlich
verlaugnet
1
Dem 4. oosyn ezefrauw ime nit
vermeldet, das er die mehr antoge
Buppen nit sölle abwegschaffet
sonders blyben lassen, damit
gstaltsame derselbsen, und bygefu¬
gifftfsachen möge,
ntwortt diß artickdils sye ern
gestündig, wüß sich auch nit zu erfünte
das syn wyb imme folliches für
So haab er auch die supber nit
hinweg geschaffet</Unicode>
            </TextEquiv>
        </TextRegion>
        <TextRegion orientation="0.0" id="r3" custom="readingOrder {index:2;}">
            <Coords points="1107,740 1107,896 1122,896 1122,740"/>
            <TextLine id="r3l1" custom="readingOrder {index:0;}">
                <Coords points="1108,866 1116,863 1118,858 1120,858 1124,846 1130,844 1114,803 1108,806 1106,805 1100,820 1098,823 1092,826"/>
                <Baseline points="1107,846 1122,840"/>
                <TextEquiv>
                    <Unicode></Unicode>
                </TextEquiv>
            </TextLine>
            <TextEquiv>
                <Unicode></Unicode>
            </TextEquiv>
        </TextRegion>
        <TextRegion orientation="0.0" id="r4" custom="readingOrder {index:3;}">
            <Coords points="1107,54 1107,2116 2115,2116 2115,54"/>
            <TextLine id="r4l1" custom="readingOrder {index:0;}">
                <Coords points="2004,91 2014,91 2025,84 2042,96 2065,91 2078,95 2082,91 2094,90 2094,29 2084,30 2075,39 2058,32 2044,36 2034,46 2019,41 2004,44"/>
                <Baseline points="2010,77 2036,77 2062,77 2088,77"/>
                <TextEquiv>
                    <Unicode>120</Unicode>
                </TextEquiv>
            </TextLine>
            <TextLine id="r4l2" custom="readingOrder {index:1;}">
                <Coords points="1164,289 1503,218 2120,206 2117,152 2022,174 1893,130 1690,171 1617,144 1386,210 1281,190 1158,222"/>
                <Baseline points="1169,281 1216,267 1263,256 1310,247 1358,237 1405,230 1452,223 1499,217 1547,212 1594,207 1641,205 1688,201 1736,199 1783,197 1830,195 1877,193 1925,192 1972,191 2019,189 2066,188 2114,186"/>
                <TextEquiv>
                    <Unicode>Jum 5 fber nit reverenter tmelden den</Unicode>
                </TextEquiv>
            </TextLine>
            <TextLine id="r4l3" custom="readingOrder {index:2;}">
                <Coords points="1173,336 1378,275 2103,241 1909,192 1886,217 1824,196 1716,231 1363,240 1214,298 1169,277"/>
                <Baseline points="1178,321 1223,308 1269,296 1315,286 1361,277 1407,270 1453,264 1499,258 1545,254 1591,249 1637,248 1682,245 1728,243 1774,242 1820,240 1866,240 1912,240 1958,239 2004,238 2050,237 2096,236"/>
                <TextEquiv>
                    <Unicode>onraht, so glych nach genoßener auppen</Unicode>
                </TextEquiv>
            </TextLine>
            <TextLine id="r4l4" custom="readingOrder {index:3;}">
                <Coords points="1189,370 1609,291 1788,324 1822,296 1854,318 1960,285 2024,315 2121,289 2056,238 1888,266 1779,241 1632,278 1381,275 1187,334"/>
                <Baseline points="1194,359 1240,344 1286,331 1332,322 1378,313 1424,306 1470,300 1516,296 1562,292 1608,290 1654,287 1700,287 1746,286 1792,285 1838,285 1884,285 1930,287 1976,286 2022,285 2068,285 2114,284"/>
                <TextEquiv>
                    <Unicode>unwybtesund magt ußsgworffen.</Unicode>
                </TextEquiv>
            </TextLine>
            <TextLine id="r4l5" custom="readingOrder {index:4;}">
                <Coords points="1191,410 1294,378 1338,399 1375,370 1478,379 1526,345 1700,359 1859,333 1912,364 1936,339 2037,339 1961,286 1853,317 1541,289 1188,371"/>
                <Baseline points="1196,398 1237,385 1279,375 1321,366 1362,358 1404,351 1446,346 1487,341 1529,338 1571,335 1613,333 1654,332 1696,332 1738,330 1779,330 1821,331 1863,332 1904,332 1946,332 1988,332 2030,332"/>
                <TextEquiv>
                    <Unicode>vnweg geschafft, vnnd dassolath. dia</Unicode>
                </TextEquiv>
            </TextLine>
            <TextLine id="r4l6" custom="readingOrder {index:5;}">
                <Coords points="1162,475 1303,471 1480,417 1590,446 1638,395 1696,389 1814,426 1910,381 2005,402 2003,340 1713,364 1595,341 1157,414"/>
                <Baseline points="1166,450 1207,439 1249,429 1291,419 1332,411 1374,404 1416,399 1457,393 1499,389 1541,386 1583,383 1624,381 1666,380 1708,380 1749,378 1791,378 1833,378 1874,378 1916,378 1958,380 2000,380"/>
                <TextEquiv>
                    <Unicode>Fölicher gwegens gesüberet habe</Unicode>
                </TextEquiv>
            </TextLine>
            <TextLine id="r4l7" custom="readingOrder {index:6;}">
                <Coords points="1140,587 1496,527 2037,538 2034,486 1954,507 1858,442 1783,475 1651,465 1565,493 1525,470 1137,529"/>
                <Baseline points="1146,587 1190,575 1234,565 1278,556 1322,549 1367,542 1411,537 1455,532 1499,528 1543,525 1588,522 1632,521 1676,521 1720,521 1764,521 1809,521 1853,522 1897,524 1941,526 1985,528 2030,530"/>
                <TextEquiv>
                    <Unicode>Anrwortt das er ettwas abweg</Unicode>
                </TextEquiv>
            </TextLine>
            <TextLine id="r4l8" custom="readingOrder {index:7;}">
                <Coords points="1159,655 1461,583 1508,612 1598,575 1726,575 1772,606 1823,572 2021,592 2058,579 2056,525 1984,549 1939,527 1902,559 1793,530 1399,537 1156,592"/>
                <Baseline points="1164,630 1208,619 1252,608 1297,598 1341,591 1386,585 1430,581 1474,576 1519,574 1563,572 1608,570 1652,570 1696,570 1741,570 1785,572 1830,572 1874,573 1918,575 1963,576 2007,576 2052,576"/>
                <TextEquiv>
                    <Unicode>geschaffet oder gesüderet habe, deß</Unicode>
                </TextEquiv>
            </TextLine>
            <TextLine id="r4l9" custom="readingOrder {index:8;}">
                <Coords points="1158,678 1360,631 1431,658 1496,627 1584,647 1734,618 2002,633 2045,664 2117,636 2116,596 1609,576 1513,606 1478,581 1157,648"/>
                <Baseline points="1164,669 1211,658 1258,648 1306,640 1353,633 1400,627 1448,623 1495,620 1542,617 1590,615 1637,614 1684,614 1732,615 1779,615 1826,617 1874,617 1921,618 1968,620 2016,621 2063,621 2111,623"/>
                <TextEquiv>
                    <Unicode>wye er nit gestänndig, woll das er wegen</Unicode>
                </TextEquiv>
            </TextLine>
            <TextLine id="r4l10" custom="readingOrder {index:9;}">
                <Coords points="1152,739 1249,695 1383,709 1486,673 2046,687 2044,623 1891,646 1661,622 1586,647 1543,624 1426,659 1360,632 1150,685"/>
                <Baseline points="1158,713 1202,703 1246,694 1290,688 1334,681 1378,675 1422,672 1466,668 1510,666 1554,663 1598,662 1642,662 1686,661 1730,662 1774,662 1818,663 1862,663 1906,665 1950,666 1994,668 2039,671"/>
                <TextEquiv>
                    <Unicode>de zulauffenden Wolcks, damit</Unicode>
                </TextEquiv>
            </TextLine>
            <TextLine id="r4l11" custom="readingOrder {index:10;}">
                <Coords points="1108,792 1205,751 1673,703 1739,746 1778,715 2098,738 2115,678 1733,692 1637,666 1105,720"/>
                <Baseline points="1113,762 1162,753 1212,746 1262,739 1312,732 1362,726 1412,722 1462,718 1512,714 1562,711 1612,710 1661,708 1711,708 1761,707 1811,708 1861,708 1911,710 1961,711 2011,713 2061,716 2111,719"/>
                <TextEquiv>
                    <Unicode>kiendant darab unlüstig werde, beuolch</Unicode>
                </TextEquiv>
            </TextLine>
            <TextLine id="r4l12" custom="readingOrder {index:11;}">
                <Coords points="1141,831 1206,835 1298,789 1343,810 1439,785 1477,813 1547,784 1613,819 1645,794 1701,818 1748,776 1810,814 1890,782 1966,791 1964,745 1872,719 1739,745 1673,706 1619,735 1432,727 1139,781"/>
                <Baseline points="1146,803 1186,793 1227,787 1267,781 1308,775 1349,771 1389,767 1430,765 1470,762 1511,761 1552,759 1592,759 1633,759 1673,759 1714,760 1755,761 1795,761 1836,762 1876,764 1917,764 1958,765"/>
                <TextEquiv>
                    <Unicode>disen unraht hinweg gewüschen.</Unicode>
                </TextEquiv>
            </TextLine>
            <TextLine id="r4l13" custom="readingOrder {index:12;}">
                <Coords points="1131,957 1611,924 1666,949 2121,938 2120,902 1944,910 1886,867 1786,912 1556,854 1475,902 1289,858 1130,917"/>
                <Baseline points="1137,950 1185,945 1234,940 1283,936 1332,933 1381,931 1430,929 1479,927 1528,926 1577,924 1626,924 1674,924 1723,924 1772,925 1821,926 1870,927 1919,928 1968,929 2017,930 2066,932 2115,933"/>
                <TextEquiv>
                    <Unicode>zum lechsten ward imme auch fürgehalten.</Unicode>
                </TextEquiv>
            </TextLine>
            <TextLine id="r4l14" custom="readingOrder {index:13;}">
                <Coords points="1146,998 1697,968 2102,992 2102,957 1985,924 1938,953 1894,928 1676,950 1640,924 1460,957 1145,951"/>
                <Baseline points="1152,992 1199,986 1246,983 1293,979 1340,975 1388,972 1435,971 1482,969 1529,968 1576,968 1624,966 1671,966 1718,967 1765,968 1812,968 1860,969 1907,971 1954,972 2001,974 2048,976 2096,978"/>
                <TextEquiv>
                    <Unicode>Is bschynne, unnd befinde sich  uß allen</Unicode>
                </TextEquiv>
            </TextLine>
            <TextLine id="r4l15" custom="readingOrder {index:14;}">
                <Coords points="1124,1039 1175,1066 1500,1015 2047,1031 2057,982 1477,972 1124,1012"/>
                <Baseline points="1131,1034 1177,1028 1223,1024 1269,1022 1315,1019 1361,1016 1407,1014 1453,1013 1499,1011 1545,1011 1591,1011 1637,1011 1683,1011 1729,1011 1775,1013 1821,1013 1867,1014 1913,1016 1959,1017 2005,1019 2051,1019"/>
                <TextEquiv>
                    <Unicode>vibstanden, das er dimont das</Unicode>
                </TextEquiv>
            </TextLine>
            <TextLine id="r4l16" custom="readingOrder {index:15;}">
                <Coords points="1133,1116 1278,1064 1969,1086 2091,1080 2091,1040 1993,1013 1951,1044 1538,1020 1133,1052"/>
                <Baseline points="1139,1082 1186,1076 1233,1071 1280,1067 1328,1064 1375,1061 1422,1059 1469,1058 1517,1056 1564,1056 1611,1056 1658,1056 1706,1058 1753,1058 1800,1059 1847,1061 1895,1061 1942,1063 1989,1064 2036,1065 2084,1067"/>
                <TextEquiv>
                    <Unicode>Vorandognewyse gifft Inn die pfaren</Unicode>
                </TextEquiv>
            </TextLine>
            <TextLine id="r4l17" custom="readingOrder {index:16;}">
                <Coords points="1143,1161 1210,1120 1275,1142 1487,1106 2045,1118 2084,1144 2102,1097 1902,1068 1762,1093 1722,1063 1627,1088 1582,1060 1503,1091 1279,1065 1143,1109"/>
                <Baseline points="1149,1127 1196,1121 1243,1117 1291,1113 1338,1110 1385,1107 1433,1104 1480,1103 1527,1103 1575,1101 1622,1101 1669,1103 1717,1103 1764,1104 1811,1106 1859,1107 1906,1109 1953,1112 2001,1114 2048,1116 2096,1119"/>
                <TextEquiv>
                    <Unicode>gethanvnnd die Gmppen damit ver¬</Unicode>
                </TextEquiv>
            </TextLine>
            <TextLine id="r4l18" custom="readingOrder {index:17;}">
                <Coords points="1136,1178 1203,1204 1264,1167 1707,1149 2039,1191 2100,1148 2040,1118 1928,1142 1889,1113 1689,1131 1611,1107 1530,1137 1436,1110 1279,1148 1210,1120 1136,1165"/>
                <Baseline points="1143,1178 1190,1171 1238,1166 1285,1161 1333,1157 1380,1154 1428,1152 1475,1151 1523,1149 1570,1149 1618,1149 1666,1149 1713,1151 1761,1151 1808,1152 1856,1154 1903,1157 1951,1158 1998,1160 2046,1163 2094,1164"/>
                <TextEquiv>
                    <Unicode>rifftet das dem adso eye bezugesyn</Unicode>
                </TextEquiv>
            </TextLine>
            <TextLine id="r4l19" custom="readingOrder {index:18;}">
                <Coords points="1143,1218 2117,1217 2116,1159 2040,1190 1793,1155 1701,1186 1584,1150 1205,1200 1143,1179"/>
                <Baseline points="1149,1215 1197,1211 1245,1208 1293,1205 1341,1203 1389,1201 1437,1200 1485,1199 1533,1199 1581,1197 1630,1197 1678,1199 1726,1199 1774,1199 1822,1200 1870,1200 1918,1202 1966,1202 2014,1203 2062,1203 2111,1203"/>
                <TextEquiv>
                    <Unicode>zuuor gethane bekandtnus, das niemant</Unicode>
                </TextEquiv>
            </TextLine>
            <TextLine id="r4l20" custom="readingOrder {index:19;} place {offset:19; length:13;}">
                <Coords points="1139,1272 2072,1264 2072,1229 1908,1204 1716,1234 1616,1202 1365,1239 1279,1207 1240,1240 1139,1219"/>
                <Baseline points="1145,1259 1191,1257 1237,1255 1283,1253 1329,1251 1375,1250 1421,1248 1467,1247 1513,1247 1559,1245 1605,1245 1651,1245 1697,1245 1743,1245 1789,1245 1835,1247 1881,1248 1927,1250 1973,1251 2019,1253 2066,1256"/>
                <TextEquiv>
                    <Unicode>ander, alls er die Supperskachet</Unicode>
                </TextEquiv>
            </TextLine>
            <TextLine id="r4l21" custom="readingOrder {index:20;}">
                <Coords points="1133,1328 1357,1312 1428,1337 1555,1297 2110,1317 2110,1280 1976,1258 1900,1286 1779,1252 1650,1279 1526,1249 1395,1280 1319,1255 1133,1273"/>
                <Baseline points="1139,1308 1187,1305 1235,1303 1283,1301 1331,1299 1380,1298 1428,1296 1476,1296 1524,1295 1572,1295 1621,1295 1669,1295 1717,1296 1765,1296 1813,1298 1862,1299 1910,1301 1958,1302 2006,1304 2054,1306 2103,1308"/>
                <TextEquiv>
                    <Unicode>vnnd das die gifft by beiden persanen</Unicode>
                </TextEquiv>
            </TextLine>
            <TextLine id="r4l22" custom="readingOrder {index:21;}">
                <Coords points="1104,1325 1111,1325 1119,1327 1123,1325 1130,1325 1130,1291 1116,1292 1114,1290 1113,1291 1104,1290"/>
                <Baseline points="1110,1310 1124,1310"/>
                <TextEquiv>
                    <Unicode></Unicode>
                </TextEquiv>
            </TextLine>
            <TextLine id="r4l23" custom="readingOrder {index:22;} person {offset:19; length:12;}">
                <Coords points="1109,1360 1243,1385 1289,1357 1438,1384 1600,1343 1705,1374 1825,1353 1873,1383 2076,1364 2076,1336 1843,1331 1797,1302 1109,1327"/>
                <Baseline points="1115,1356 1162,1355 1210,1353 1258,1350 1305,1349 1353,1347 1401,1346 1448,1346 1496,1344 1544,1343 1592,1343 1639,1343 1687,1343 1735,1343 1782,1343 1830,1344 1878,1346 1925,1349 1973,1350 2021,1353 2069,1358"/>
                <TextEquiv>
                    <Unicode>vorgemeilt, so die Suppengraten</Unicode>
                </TextEquiv>
            </TextLine>
            <TextLine id="r4l24" custom="readingOrder {index:23;}">
                <Coords points="1115,1416 1302,1441 1493,1398 2017,1422 2017,1378 1800,1358 1702,1379 1615,1344 1437,1385 1364,1358 1325,1384 1115,1366"/>
                <Baseline points="1121,1403 1165,1403 1209,1403 1254,1401 1298,1401 1343,1400 1387,1399 1432,1398 1476,1397 1521,1395 1565,1395 1609,1394 1654,1394 1698,1394 1743,1394 1787,1394 1832,1394 1876,1395 1921,1396 1965,1398 2010,1401"/>
                <TextEquiv>
                    <Unicode>gutttlich gehenst worden, nebenn</Unicode>
                </TextEquiv>
            </TextLine>
            <TextLine id="r4l25" custom="readingOrder {index:24;} place {offset:15; length:10;}">
                <Coords points="1110,1470 2077,1480 2077,1443 1958,1415 1886,1437 1439,1406 1318,1440 1110,1418"/>
                <Baseline points="1116,1454 1163,1452 1211,1452 1259,1452 1306,1451 1354,1451 1402,1451 1449,1449 1497,1449 1545,1449 1593,1449 1640,1449 1688,1449 1736,1449 1783,1451 1831,1452 1879,1453 1926,1454 1974,1457 2022,1458 2070,1461"/>
                <TextEquiv>
                    <Unicode>Anderem so znn ditzerfach gantz ver¬</Unicode>
                </TextEquiv>
            </TextLine>
            <TextLine id="r4l26" custom="readingOrder {index:25;}">
                <Coords points="1110,1510 1261,1540 1311,1508 2045,1529 2045,1488 1888,1469 1621,1485 1521,1460 1367,1492 1299,1461 1110,1471"/>
                <Baseline points="1116,1502 1162,1502 1208,1502 1254,1502 1300,1502 1346,1501 1392,1500 1439,1500 1485,1500 1531,1500 1577,1500 1623,1500 1669,1500 1715,1502 1762,1502 1808,1503 1854,1503 1900,1506 1946,1507 1992,1509 2039,1512"/>
                <TextEquiv>
                    <Unicode>dächtig mache, mit vermanen, wyl er</Unicode>
                </TextEquiv>
            </TextLine>
            <TextLine id="r4l27" custom="readingOrder {index:26;}">
                <Coords points="1125,1565 1874,1561 2072,1605 2094,1549 1805,1535 1768,1502 1515,1539 1125,1524"/>
                <Baseline points="1131,1547 1178,1548 1226,1550 1274,1550 1322,1551 1370,1551 1418,1551 1465,1551 1513,1551 1561,1553 1609,1553 1657,1553 1705,1553 1753,1554 1800,1556 1848,1557 1896,1559 1944,1560 1992,1563 2040,1567 2088,1571"/>
                <TextEquiv>
                    <Unicode>hierdurch ein große Sund begangen</Unicode>
                </TextEquiv>
            </TextLine>
            <TextLine id="r4l28" custom="readingOrder {index:27;}">
                <Coords points="1119,1616 2085,1634 2085,1599 1874,1561 1807,1586 1553,1558 1505,1581 1462,1554 1399,1583 1119,1571"/>
                <Baseline points="1125,1593 1172,1595 1220,1598 1268,1599 1315,1601 1363,1602 1411,1602 1458,1604 1506,1604 1554,1604 1602,1604 1649,1604 1697,1604 1745,1605 1792,1605 1840,1607 1888,1608 1935,1610 1983,1611 2031,1614 2079,1617"/>
                <TextEquiv>
                    <Unicode>welche imme ehhatt der Hherr Petz und</Unicode>
                </TextEquiv>
            </TextLine>
            <TextLine id="r4l29" custom="readingOrder {index:28;}">
                <Coords points="1130,1667 1194,1645 1297,1681 1416,1652 1524,1689 1553,1662 1848,1666 1982,1706 2087,1682 2064,1630 1953,1655 1813,1612 1717,1647 1567,1606 1506,1631 1132,1610"/>
                <Baseline points="1137,1641 1184,1643 1231,1644 1278,1646 1325,1648 1373,1649 1420,1650 1467,1652 1514,1653 1561,1654 1609,1655 1656,1656 1703,1658 1750,1659 1797,1661 1845,1662 1892,1665 1939,1668 1986,1670 2033,1674 2081,1679"/>
                <TextEquiv>
                    <Unicode>verangen stell, sölle er die warheit</Unicode>
                </TextEquiv>
            </TextLine>
            <TextLine id="r4l30" custom="readingOrder {index:29;}">
                <Coords points="1129,1693 1327,1731 1441,1702 1619,1712 1667,1743 1712,1717 2009,1741 2032,1682 1985,1707 1919,1671 1814,1694 1553,1662 1481,1683 1417,1653 1278,1680 1202,1647 1130,1666"/>
                <Baseline points="1136,1688 1180,1689 1224,1691 1269,1692 1313,1693 1358,1695 1402,1696 1446,1697 1491,1699 1535,1700 1580,1703 1624,1704 1668,1706 1713,1708 1757,1710 1802,1712 1846,1715 1890,1716 1935,1719 1979,1722 2024,1725"/>
                <TextEquiv>
                    <Unicode>bekenen und mit wyttere sund</Unicode>
                </TextEquiv>
            </TextLine>
            <TextLine id="r4l31" custom="readingOrder {index:30;}">
                <Coords points="1128,1740 1230,1768 1303,1743 1526,1751 1559,1780 1641,1761 1673,1790 1718,1760 1835,1797 1919,1769 2078,1790 2081,1739 1662,1740 1486,1707 1328,1731 1130,1693"/>
                <Baseline points="1134,1733 1183,1736 1232,1738 1282,1740 1331,1742 1381,1744 1430,1746 1479,1748 1529,1750 1578,1752 1628,1755 1677,1757 1727,1759 1776,1761 1825,1763 1875,1766 1924,1769 1974,1772 2023,1775 2073,1778"/>
                <TextEquiv>
                    <Unicode>uffsich laden ungeacht degen aber</Unicode>
                </TextEquiv>
            </TextLine>
            <TextLine id="r4l32" custom="readingOrder {index:31;}">
                <Coords points="1112,1795 1422,1802 1475,1834 1707,1802 1949,1828 1999,1862 2096,1845 2098,1812 1921,1769 1851,1799 1720,1761 1674,1789 1527,1753 1114,1746"/>
                <Baseline points="1119,1779 1167,1782 1216,1787 1264,1790 1313,1792 1361,1794 1410,1796 1458,1797 1507,1800 1555,1802 1604,1803 1653,1805 1701,1806 1750,1808 1798,1811 1847,1814 1895,1816 1944,1820 1992,1824 2041,1829 2090,1833"/>
                <TextEquiv>
                    <Unicode>Ist er Jeder zytt by eynem laugnen</Unicode>
                </TextEquiv>
            </TextLine>
            <TextLine id="r4l33" custom="readingOrder {index:32;}">
                <Coords points="1117,1866 1201,1837 1394,1844 1441,1874 1555,1850 1598,1889 1823,1872 2044,1923 2069,1871 1810,1850 1708,1801 1658,1838 1570,1806 1475,1834 1420,1803 1336,1827 1121,1797"/>
                <Baseline points="1125,1829 1171,1832 1218,1835 1265,1836 1312,1839 1359,1841 1405,1842 1452,1845 1499,1847 1546,1850 1593,1853 1639,1855 1686,1858 1733,1861 1780,1865 1827,1867 1873,1871 1920,1875 1967,1880 2014,1884 2061,1890"/>
                <TextEquiv>
                    <Unicode>verblben unnd inn keinen weg</Unicode>
                </TextEquiv>
            </TextLine>
            <TextLine id="r4l34" custom="readingOrder {index:33;}">
                <Coords points="1118,1895 1867,1924 1897,1949 1954,1929 2043,1961 2051,1897 1599,1890 1559,1851 1470,1883 1363,1853 1307,1875 1239,1836 1120,1860"/>
                <Baseline points="1125,1874 1170,1877 1216,1880 1262,1884 1308,1888 1354,1890 1400,1893 1446,1896 1492,1899 1538,1902 1584,1904 1629,1907 1675,1910 1721,1913 1767,1915 1813,1918 1859,1921 1905,1924 1951,1926 1997,1929 2043,1934"/>
                <TextEquiv>
                    <Unicode>geständig syn wollen, das er</Unicode>
                </TextEquiv>
            </TextLine>
            <TextLine id="r4l35" custom="readingOrder {index:34;}">
                <Coords points="1099,1939 2105,2003 2107,1959 2036,1929 1852,1950 1643,1910 1590,1942 1102,1886"/>
                <Baseline points="1107,1916 1156,1922 1206,1928 1255,1934 1305,1938 1355,1942 1404,1944 1454,1947 1504,1950 1553,1953 1603,1956 1653,1958 1702,1959 1752,1962 1802,1964 1851,1966 1901,1969 1951,1971 2000,1976 2050,1979 2100,1983"/>
                <TextEquiv>
                    <Unicode>Siser vergifftung schuldtrage, meldende</Unicode>
                </TextEquiv>
            </TextLine>
            <TextLine id="r4l36" custom="readingOrder {index:35;}">
                <Coords points="1129,1983 1243,2020 1416,2005 1446,2034 1935,2025 1974,2059 2021,2047 2025,1988 1783,2004 1578,1970 1525,1994 1455,1952 1317,1974 1132,1937"/>
                <Baseline points="1136,1970 1180,1976 1224,1982 1268,1987 1312,1991 1356,1994 1400,1997 1444,2000 1488,2002 1532,2004 1576,2006 1620,2007 1664,2009 1708,2012 1752,2013 1796,2015 1840,2017 1884,2021 1928,2024 1972,2028 2016,2033"/>
                <TextEquiv>
                    <Unicode>esgeschache Iha hierin groblich</Unicode>
                </TextEquiv>
            </TextLine>
            <TextLine id="r4l37" custom="readingOrder {index:36;}">
                <Coords points="1121,2025 1212,2068 1296,2040 1483,2051 1527,2088 1598,2059 1716,2089 1781,2067 1881,2108 2044,2084 2046,2060 1673,2018 1448,2034 1416,2005 1338,2027 1123,1979"/>
                <Baseline points="1127,2016 1172,2023 1218,2028 1263,2034 1309,2037 1355,2041 1400,2045 1446,2048 1491,2051 1537,2054 1583,2055 1628,2057 1674,2060 1719,2061 1765,2063 1811,2064 1856,2067 1902,2069 1947,2071 1993,2074 2039,2076"/>
                <TextEquiv>
                    <Unicode>nkeiht pitter hiemit umb gnad</Unicode>
                </TextEquiv>
            </TextLine>
            <TextLine id="r4l38" custom="readingOrder {index:37;}">
                <Coords points="1111,2066 1174,2084 1211,2074 1230,2094 1299,2093 1338,2111 1415,2108 1455,2141 1507,2145 1518,2050 1463,2063 1405,2049 1367,2078 1295,2041 1241,2068 1162,2024 1117,2023"/>
                <Baseline points="1119,2057 1144,2063 1170,2068 1196,2074 1221,2078 1247,2082 1273,2085 1299,2089 1324,2091 1350,2093 1376,2096 1402,2097 1427,2100 1453,2102 1479,2104 1505,2106"/>
                <TextEquiv>
                    <Unicode>vnd aeberationt</Unicode>
                </TextEquiv>
            </TextLine>
            <TextEquiv>
                <Unicode>120
Jum 5 fber nit reverenter tmelden den
onraht, so glych nach genoßener auppen
unwybtesund magt ußsgworffen.
vnweg geschafft, vnnd dassolath. dia
Fölicher gwegens gesüberet habe
Anrwortt das er ettwas abweg
geschaffet oder gesüderet habe, deß
wye er nit gestänndig, woll das er wegen
de zulauffenden Wolcks, damit
kiendant darab unlüstig werde, beuolch
disen unraht hinweg gewüschen.
zum lechsten ward imme auch fürgehalten.
Is bschynne, unnd befinde sich  uß allen
vibstanden, das er dimont das
Vorandognewyse gifft Inn die pfaren
gethanvnnd die Gmppen damit ver¬
rifftet das dem adso eye bezugesyn
zuuor gethane bekandtnus, das niemant
ander, alls er die Supperskachet
vnnd das die gifft by beiden persanen

vorgemeilt, so die Suppengraten
gutttlich gehenst worden, nebenn
Anderem so znn ditzerfach gantz ver¬
dächtig mache, mit vermanen, wyl er
hierdurch ein große Sund begangen
welche imme ehhatt der Hherr Petz und
verangen stell, sölle er die warheit
bekenen und mit wyttere sund
uffsich laden ungeacht degen aber
Ist er Jeder zytt by eynem laugnen
verblben unnd inn keinen weg
geständig syn wollen, das er
Siser vergifftung schuldtrage, meldende
esgeschache Iha hierin groblich
nkeiht pitter hiemit umb gnad
vnd aeberationt</Unicode>
            </TextEquiv>
        </TextRegion>
    </Page>
</PcGts>
