4000 3000
151 99 983 226 Verpodt gelegt. die freuw aber
184 171 977 281 hernach vonn einer andern
208 223 963 328 beredt worden, das sy des
184 266 983 377 Vonn Imme empfangen, vnnd
178 316 1036 446 hernach Ime Rntzen, die recht
216 368 981 466 briefen so er tren halb erle
207 413 992 525 empfangen zu vnderschidliche
206 470 1000 569 Pfordert habe er Iren dieselb¬
191 519 993 615 er synes costens noch Vßsteildig
170 569 994 664 untzohere nit uberlifern welle
172 629 994 715 Aber erpietig Iren der fronwe
194 673 1015 771 selbe zeübergeben. doch wäte er
154 696 1042 844 Well im zu ynsecklung siles erlitnen
198 777 722 880 costens verhelffen,
119 938 1053 1080 So hat suntz fürs drit anzeigt wird
191 1016 1046 1122 er Jnnh. Gordets namen, vonn einen
173 1069 1041 1194 Eibentalersachs eronen inzogen, w
192 1140 1044 1241 er aber noch zwen btdert bevelch
172 1176 1040 1294 den einen vff einen zu Oberwyl
143 1216 1010 1341 vnnd den Anderen vff einen Zū
154 1278 1020 1376 Beedorff gehept, habe er inne h sor
159 1327 1014 1450 Dise sachs eronen nit uberlifert,
191 1388 1026 1497 sonnderen zu trib aanzogner zweye
176 1446 1027 1538 stachen behalten, begar aibermit
173 1497 1010 1590 iine h gordet zurechnen unnd
173 1551 1024 1661 Inn umb das so er nit verbrucht,
163 1607 587 1714 zubefridigen,
49 1713 1016 1873 Deßglychen habe er auch Jun hhellsen
174 1823 1009 1917 nammen, vonn einem zu Thun, sofn
159 1857 1020 1968 Hoffstetter namse, angfar byzuthen
161 1927 1012 2018 eronen empfangen, vnd dieselbe
153 1968 1015 2086 hernach hun Andern gschäfften so
151 2023 997 2138 h helsen halb zuverrichten geheßt
151 2071 1009 2188 Vßgeben, erpietig sich aber seiner
147 2128 1009 2243 frundtlichen rechnung unnd schelt
143 2179 1012 2309 umb das so er schuldig verbyben
141 2229 491 2345 zubezolen
49 2354 1000 2525 Bendtlichen hat er hoch beturet
74 2441 985 2577 An goth den hergen züget das
124 2519 992 2630 erbywyl sines grichtspodten
75 2550 983 2667 diensts, weder vonn dem noch
116 2601 967 2737 die er zu rechtnertigen gwaldt
114 2673 957 2795 gehegt, einiche gab nach zchenck
110 2720 991 2848 emgfangen, nach vonn dersellt
1008 186 1045 230 1
1086 1164 1113 1236 C
2039 5 2118 81 36
1164 61 2105 245 der gethaner Verheißungen wegen,
1166 138 2009 296 inen borg nach gstündung gebe
1159 179 2049 352 hoffe auch das werd sich warhafft
1170 245 2077 377 mit befinden, Sonsten wuße er
1149 304 2116 453 dißmal einer sachen unnd verrichten
1160 353 2115 498 gschäffen halb kein anderen bricht
1149 406 2067 531 ingeben und erthämest sitendt
1132 457 2029 570 Imewyl er woll erkenen man
1134 486 2121 640 das er höchlich verfelt, gnad zu¬
1135 573 2016 680 bewysen unnd nit nach eiei
1126 618 1779 734 Verdienen Zestraffen.
1215 765 2104 884 Diser kuntz ist uff Abtrag costens
1292 837 2076 923 viderumb redigglaßen worden
1175 1016 1301 1083 6
1264 1038 2012 1169 juns cappui
1259 1130 2059 1229 vonn Hallwyl vorgemeldt
1096 1240 2043 1367 Ist von minen Herren denn Chorrichteren
1142 1326 2100 1411 erunstig Censuriert vnnd vermant worden
1157 1380 2119 1470 ich bekenndter eergerlicher sachen, Jemustigen
1112 1429 2082 1505 vnnd fürhin so ze läbenn, das deßhalb kein
1076 1479 2095 1582 Wytere Clagenndtstannde. Ouch vff Ab¬
1114 1539 2026 1642 trag Alles Costenns Ceedig gelaßenn
1090 1588 1344 1673 vor denn
1348 1597 1406 1677 1
1220 1764 2079 2029 Michti ver kire.
1351 1994 1999 2091 ori Bollingenn.
1090 2063 2091 2217 Ist wägenn sines vnablesigenn Liederlichen
1105 2163 1997 2261 vnnd Vnnützen wäsenns, vnnd das er
1052 2210 2100 2325 Wolffganng vogt denn Weybel, Alls er Ine
1093 2257 2050 2382 vor etwas tagenn abgemant, von sinem
1075 2317 2039 2442 gottslesteren unnd verüpten schwuren.
1093 2363 2028 2485 zelaßenn. Angrifenn, von minen G h.
1104 2429 2072 2544 vnnd Ohberen, fun Ir S Burgeren Zil
1087 2471 2093 2613 unntzit uff Schynbare beßerung nit nun
1054 2518 2080 2677 verwisenn, sonndern Ime sind auch hiemit
1079 2585 2048 2739 Alle Wuilts vnnd Wynnschenckenhuser
1073 2632 1510 2770 veo denn worden
