4000 3000
278 108 1011 294 wer der rechte vatter zu disem s
262 150 1013 352 sie, habe er dem hr. Bred. geont
247 232 1027 425 der carnem habe imme dem s alle
269 283 964 442 anzeigt wer der rechte vatter
254 337 1027 542 kendts sye unnd er solle es der
960 414 1023 494 deß
271 432 1025 602 selben zutouffen wie imme die
267 501 1033 684 nen anzeigt, daruff der hengsprochen
266 576 1019 730 er wüße der rechte vatter wollen
242 633 1012 779 und er gebysen solle ime den
259 699 1025 854 Hanß Hongg reichen, sonst welle
246 761 1028 919 das kindt nit truffen, daruffer
253 828 1032 981 hebysein zume h. porr, grodt dere
231 933 1016 1031 sye imme zuwyt uff hut zure
240 994 1010 1091 dan er ye vff der Alpp. hiemit
249 1057 1019 1178 vom h gangen, vnd dzs Kindt¬
249 1118 1015 1258 Riederßwyl trag und daselbst
248 1192 1009 1300 In deß Zouggen namen Touffen
248 1264 1033 1372 laßen, anderst werde sich nit
242 1335 1028 1446 findt, es habe ob der h. Predi¬
243 1392 1020 1513 Loupperstwyl, das Kindt nit tog
251 1493 1010 1572 wellen, aber wol hernach zu der
237 1537 852 1641 Kindtssupper kommen.
198 1645 1034 1764 Blychergstalt will keines btragt
247 1723 1005 1836 schuldig syn deß hebysens frouw
238 1783 1031 1895 sonder ve also ergangen wie Ir Man
240 1868 1019 1973 anzeigt, wol sye wahr, das syron
218 1927 1014 2046 anderen gschefften wegen by dem
222 2007 1022 2114 Bre zu Coupperßi gsen, vnd Im
219 2069 993 2177 Vnder anderem anzeigt, das sy ein
219 2139 1002 2239 wilde Kindtbegeren In huß die
222 2208 1028 2309 wolle ober dem kindt den rechten väb
221 2261 1024 2397 nit namsen, sonder zeige an es sole
204 2338 1017 2452 eines froubren Anckentregers
195 2386 1009 2542 aber der h solle die cirmen selbs tr
193 2444 1014 2599 wie er den auch gangen, sy gfracht
195 2506 1039 2667 vnd Ime den rechtem vatter geaue
159 2614 959 2779 Die ursach abr das sy die g dem
189 2689 974 2815 vom anckenträg gseit, syl
180 2726 991 2897 das die tirnen glych nach der gmit
1182 70 1998 275 Ira vnd danderen E so zu¬
1148 142 1939 326 ben gsin, heißt Aggli gfeller
1122 188 1942 422 gredt, sy diemit anzeigen, das sy
1123 273 2011 467 in rechten Vatter zu disem kundt
1132 375 1816 517 nit wüßte, sonder es für eine
1765 435 1831 516 sy
1116 444 1711 615 die anfentragersn
1122 509 1718 651 es mir furrgeben das 6
1113 556 1719 724 Iren großem Kundtssi
1116 645 1711 788 habe, so gelte ein als i
1110 719 1737 852 kidt than habe. Daes
1133 800 1687 916 von Kompgen nach.
1126 881 1695 976 anderem ge angien
1121 938 1646 1057 das kundt zu eines an
1127 999 1671 1119 men tauffen zelaßen
1117 1107 1641 1192 de Tirnen angwis
1129 1158 1647 1248 einem aneren dan
1105 1211 1646 1324 vatter zugeben w
1125 1288 1615 1394 derwarheit nit erf.
1113 1359 1637 1460 hiemit zu allen
1109 1434 1664 1520 umb Uiberationv
1091 1513 1383 1615 GrZyhūūng
1138 1653 1633 1777 sind alle dey prson
1139 1748 1623 1838 gute censur vnd
1145 1807 1586 1908 iberiert worden
1986 29 2019 86 8.
