4000 3000
212 42 1067 252 gen sün det wollenn an einem ordt
200 97 1064 286 Vfem Hubel genannt zu todt gschlagen
225 151 1055 321 Inmeynunger habe bemelt gelt ennehe
216 213 1073 383 by welchem sy Aber nit mer, dan ie g
205 249 409 330 funden,
207 305 248 362 1
165 342 1059 501 Abnermaßen habennt sy zwüschen magt
202 406 1052 544 vnnd Geistspitzen, einen Purstman, vei
188 447 1077 618 rost unnd ein kno zu Straßbung verkau
200 511 1070 658 vollenn, ermört, vnnd hernach dise Gulz
200 554 1052 703 daselbst zu Sraßburg, vmb 34 s ver¬
162 602 365 681 kouft
168 679 1059 859 Abermalen habent sy vnner Cällspär
216 768 1048 893 Inn einem Eychwalld, einen Furstman
212 841 1067 950 so sines erachtens, vnnder Basel daheinen
209 877 1055 985 gsin, alls er zu dällspärg an einemge
191 926 1069 1034 haltnenn märit, ein anst unnd ein kalbe
201 979 1055 1083 verkoufft, welchen sy Im wunts hus zu
198 1036 1059 1128 Röstli erspächt zwüschenn tag und nachte
192 1096 1063 1180 mort by welchem syongfar so 5 dau
197 1139 1072 1238 Im eine worden, funden, dennselben habent
234 1186 1054 1283 y Inn ein großen bach, so durch den Woll¬
221 1230 613 1305 laūff. geworffenn
220 1286 1055 1395 Vyter Im Schwartzwalld, Alls Ine zwe
203 1362 1046 1456 herren ampt einem Rÿtknecht. (sines
210 1407 1056 1494 Dunckens patzieren gritenn, begegnet
210 1456 1051 1544 habennt ie gsellen, dru Iihnne vnbe¬
213 1511 1061 1584 wustenn worth gsprochenn, vnd volgents
212 1557 1055 1647 durch die Linger blases dardurch sy de
200 1607 1038 1697 Herrenn, verzonderet. Inmaßen sy
224 1659 1049 1743 nit fürer ryten können, imselben hab
174 1715 1030 1804 omit sy beyde herrenn, by welchen sy
207 1759 1016 1842 onngfar 10 4. funden, erschoßenn, der
185 1819 1041 1911 Rytknechthaber, Wyl er vmb etwashin
200 1873 1034 1964 denn h igsin unnd nie gspanen, deßen nit
194 1920 853 2009 vil gesachtet, sie enndtrinnen
161 1960 1047 2077 Hiemit hat er auch vermeldet, In dot sy
183 2047 1032 2136 noch Läbennder gsell sie zu Cortatelzo
186 2096 1020 2170 Bistumb basel mit hns ein langer mit
210 2140 1044 2229 mit einem langlechten schwartzenbar
200 2181 1043 2270 frage ein schwartz wansel vnnd Rotz
191 2229 1049 2341 hosenn, daß sich jederzyit inn würtshuß
173 2287 1041 2371 unnd erfare inn untenen unnd zeühen, wi
174 2315 1049 2447 frömbde Personenn Zeuerrichten, vnnd
192 2394 1038 2480 mit gälltz verfaßt, ermard er sy hab a
189 2436 1035 2545 die vorgemelten mord, merenteyls an
177 2490 1023 2590 hilff, doch allwägen Inn sen: vnnd de
157 2520 1040 2642 Anndere sines hingerichten gspanen bi
163 2586 1035 2704 verrichtet unnd sie snil alls in meis
173 2646 1025 2758 gsin, habennt inn auch jederzyrt meis
1404 -73 1826 145 den e ales
1641 12 2026 165 vendterblben
1257 -17 2019 242 nn
1197 154 1553 320 ug ha
1173 151 1821 352 ethe
1159 145 2073 479 egedet
1145 331 1228 391 a
1165 220 2017 510 ge
1165 293 1989 561 nen
1155 363 2006 632 en
1151 391 2023 645 sinen gspanen, darumb Jeder zwen bosth
1173 425 2041 719 gee
1139 529 2025 772 Augsauw vnnd Rützelfln, mit fur An¬
1139 583 2003 816 gesteckenn, vnnd zuuerbrönnen, hab auch
1151 633 2060 860 Inn disem sinem bösen wollen, vnnd Vor¬
1137 724 1988 913 habenn sich an bemelte Ort begäbenn
1167 756 1994 936 mit bemelten sinen gspanenn, auch Iren
1160 812 2007 1008 pfwiggler Morant. Welcher Jedem
1155 861 2022 1042 balld sy dise brunst verrichtet 4 d he.
1155 946 1977 1106 gäbenn, versprochen, mit vermelden, en
1143 989 2023 1153 habe deßenn. Vonn denn Pfaffen. Inn der
1141 1067 1982 1196 Puterenn, die sampt etlichenn Buren
1170 1104 2049 1245 aselbsten, wendent Imme diß gältz gäben
1153 1169 2056 1299 gwallt, vnnd beuelch, Sy wendent Inne
1131 1243 1974 1366 Morant. Inn der Luterenn ein halb
1153 1296 2063 1392 tund vnnder der Kilchenn, Inn einem Lauw¬
1145 1357 1997 1448 uerhustli findenn, Da welle er zuen
1159 1413 1991 1504 die versprochne Zahlung one lälen thun
1157 1459 2063 1572 Inmaßen so er nit were gefanngen word
1152 1533 2040 1625 e darab sine gsellen schrecken empfangen.
1157 1587 2047 1686 vnnd derhalben sich fort gemacht, hätent
1161 1644 1991 1746 sy ir böß vorhabenn, verrichtet, unnd
1163 1692 1482 1783 Inn volg gestelldt
1156 1771 2034 1915 ff sölliche des gedachtenn Hannsen Meyers
1144 1855 2039 1978 beganngne diebstäl, ouch Abschuchliche, vnnd
1145 1895 2027 2036 gruwliche mißhanndlungen, habennt hoch¬
1134 1951 1931 2076 genannt nin G. Herrenn vnnd Ohberen
1120 1986 2025 2159 Schultheis räth unnd Burger diser lop.
1137 2032 2018 2226 rlichem statt Barm uff Irem ryd zu
1144 2066 1776 2251 Rechterkenndt, vnnd gesprochenn
1129 2129 1996 2384 den senden ite lichen
1096 2185 2050 2479 nenwagen
1138 2255 2000 2508 e  h
1148 2307 2006 2580 deea
1156 2472 1920 2758 e
1143 2507 1995 2833 wngee
1155 2571 1985 2906 er
1134 2608 1867 2933 veense
1201 2741 1711 3006 dt
1245 2846 1521 2980 e
