4000 3000
1966 52 2124 123 101
1293 105 2119 284 Hanns Uolrich Isen
1199 209 1959 341 zu Hutwyl pürtig ein
1436 277 1732 361 schulmeister
1187 343 2112 478 Demnach gägennwürtiger Hanns Uolrich
1182 414 2128 528 Ysenn zu Hutwyl pürtig, so ein guote anzal
1177 454 2108 582 jarenn zu Jegenstorff letstlichen aber et¬
1186 507 2136 612 liche jar zu Konelfingenn, da er schul ge¬
1175 561 2054 668 haldtenn, gewonnt, by sinen nachparenn
1186 597 2134 712 jnn schwärenn verdacht gefallenn, alls sölte
1186 657 2070 751 er sich jnn unnderschidlichen abschüchlichenn
1183 697 2072 805 sünden vergässenn befleckt unnd vertiefft
1447 752 2081 843 Unnd sonnderlich jüngstabge¬
1173 782 1320 861 habenn.
1178 808 2140 893 lofner tagenn vor einem ersammen Chorgricht
1178 854 2091 925 zu Münsingenn, vonn gwüssenn personen
1178 903 2120 985 dess abschüchlichenn grüwlichenn schandtlichen
1157 950 2108 1043 unnd jnn Gottes dess herren wort hochuer¬
1151 1001 2094 1100 potnenn lasters der sodomy anklagt und
1155 1050 2108 1128 beschuldigt wordenn, jnn dem er jre noch
1155 1093 2094 1195 gar junge sön unnd kinder, annstatt er sy
1154 1152 2064 1230 jnn Gottes worth jnn trüwen lernenn
1166 1200 2035 1296 unnd wie sy imme ouch vertruwt gsin
1142 1253 2095 1329 unnderwysenn söllen, leyder zuo sinem mit
1160 1303 2082 1381 gunst vor cristlichenn oren zemälden, tüf¬
1160 1350 2043 1426 lischenn lust unnd willenn, misshandlet
1112 1398 2008 1493 unnd brucht, solchermassenn das er sich
1142 1448 2034 1545 wann uff syn annhaldten unnd piten, sy by
1158 1498 2040 1591 imme am beth übernacht gelägenn uff jren
1155 1555 2062 1627 buch gelegt, jnenn jre beinlin mit gwaldt
1118 1595 2110 1688 wyl sy alls elf järige knabenn unwüssent
1115 1641 2074 1729 was er mit jnen zehanndlen vorhabens, jmme
1135 1688 2011 1786 das nit erweeren mögen, zusamen truckt
1141 1725 2100 1844 unnd ghaltenn, syn mänlich glid reuerenter
1132 1782 2066 1894 zemällden darzwüschenn gethan, gebärden
1147 1826 2056 1946 unnd bewegungen brucht alls ob er by ei¬
1135 1878 1604 1979 nem wybsbilld wäre.
1844 1927 2097 2008 Darumb
1148 1935 2084 2059 er Ysen für Chorgricht citiert unnd be¬
1137 1984 2071 2126 scheydenn worden, ungeacht dessen aber uss¬
1126 2033 2086 2170 blibenn unnd nit erschinnen, jnmassen man
1128 2083 2086 2235 ursach genommen, jnne gwarsamlich da¬
1117 2126 1421 2222 hin zeführenn.
1654 2177 2033 2271 Da jmme dann
1134 2181 2076 2333 volgennts obgehördte clag unnd beschuldig¬
1136 2243 2118 2402 ung jnn gegenwürtigkeydt der missbroucht¬
1125 2283 2026 2438 en knaben, nach lennge fürgehaldtenn
1106 2336 1373 2432 worden,
1375 2377 2018 2510 derenn er zwar nit ab syn
1139 2395 2000 2558 noch lougnenn können, die aber jnn
1134 2450 2087 2616 ein schimpf zuzüchenn unnderstanden, allso
1135 2479 2035 2662 das er enndtlich mit einem brichtschryben
1131 2528 2022 2716 jnn betrachtung wichtigkeydt diser sachen
1142 2598 2046 2779 minen gnädigen hocheerenden herren und
