4000 3000
247 73 1087 271 ungericht obuereüfner siben, hat bei
251 144 1059 303 Christina sich inn die bstülen, Wyler
252 194 1066 366 gnmaßen sy deßhalb widerumbgs
1054 250 1121 346 1
270 247 1063 397 benzogen, uch uff zinstag
259 298 642 380 diß 16g jar
1073 333 1125 389 14
819 348 1067 454 urch die d
263 347 1124 535 fermenen, fürsichtigen, Wysen hut du
243 394 1099 573 amman des kleynen raths, danit
235 450 1084 622 der der Burgerei Nielaur Brochen
245 493 1108 677 Grotsweybel zu Marzili gergreiden
232 559 1111 728 maßen expeminent worden. Die has
250 601 782 699 volgennts bekenndt.
229 653 1116 852 erstlich hab sy zum kündtlicher zuger
248 735 1113 916 iren muter velltibußglychen
257 781 1078 932 denn nachwagen Bpst ruben unnd
258 826 1098 987 derglychenn sachen, vitmeilen entwent
242 891 1090 1053 Danne stafrn soser zu Sigristwyl ein
229 950 887 1076 Aas unnd ein stuck fleisch,
216 1018 1116 1179 Im eren by Uterndorff beundicht
218 1098 1112 1233 ers froun s klüngli guret und l
227 1139 417 1218 brodt.
227 1211 1108 1346 Item hab sy vor etwas abgelofnen wure.
234 1289 1102 1396 zu Horug ders gorts allheen alls sy bi
236 1342 1094 1432 henne furein Steineren gedienet.
240 1373 868 1476 ein gut tnchenen mantel.
245 1435 569 1521 in lischtub
206 1483 971 1592 Item der frauwen, ein rockh,
206 1557 1085 1662 Mar estriungen garn gestolen, dem
231 1629 1118 1716 Mantel hab sy einem wirt zu Schwe
227 1677 1109 1757 enburg, dem roctk vnnd ds gaeinen
223 1724 1110 1811 frauwen von Fryburg.d sy nitt meinse
227 1770 1089 1850 fönn verkauftt unnd uß sillen by
228 1812 1116 1917 erlößt uß dem tischtauh haab sy 2 kindt
232 1873 641 1965 dechti gemacht.
216 1936 1103 2031 Wyter hab sy bemeltem seiimalen
167 1993 1106 2085 Kragen, genommen ghegt, denselben her¬
169 2038 1104 2135 nach aber widerumb am sen gretzgeta
128 2094 1104 2197 obgemeltem wirth zu Schwarrtzenbut
217 2157 1112 2256 hab sy by 24 strungen garn veunrin
206 2213 1016 2282 der sient imme aber weder worden.
211 2245 1118 2373 Unnd wirwol Hanns und Crister it
163 2324 1087 2429 inger zu Sigrißtwyl seshaft, zum einem
196 2358 1092 2485 dem greihtschryber zugeschiekten shsr
179 2390 1111 2536 bemelte Christma gezigenn, alls soltes
190 2462 1108 2582 dem einen, ein beth unnd dem anderen ein
198 2510 1078 2642 überne schulen knndt frömbdet haben.
176 2555 1090 2676 hatt sy dor, weder diser nach anndere
190 2607 1093 2731 Bullegenn gstrendig syn wollen, Damn
188 2664 1090 2801 a sy sich zu vnnderschidlichen malen Iu
178 2753 654 2840 huri vgnungen
312 2762 1099 2923 steinmal zar demnach einmal
317 2836 1066 2952 mit dem kleinsten stein ufzoget
782 2897 1047 2987 worden
2101 26 2164 100 12
1349 100 2173 284 vorgrmelte Christuia vonn Gnuter¬
1375 171 2122 322 ist uff verhofte beßterungnocmalen
1376 209 2116 357 ledig gleßen unnd kelles ernsts
1382 270 2079 402 vermannt worden, sich inn iren
1391 284 2199 459 beymet mit verhaumdanbeys zer
1353 340 2187 495 halßtynn. darauf der hr schs shn ihm
1398 392 2117 517 mit flys seztenn sl unnd talt
1394 425 2149 573 dise werenung wit erschießlich, sy
1432 478 2187 591 erengklich vnnemen und deß man
1384 556 1816 671 At s brichten.
1238 654 2096 876 Hrosfel Rnielem
1399 815 1858 918 Wnsenmeister
1220 926 2167 1058 Demnach gegennwürtiger Stoffel Grell
1257 968 2212 1082 ein wasenmeister im allgaüwe zu kauff
1257 1022 2224 1134 büren pürtig. Welches in vater daselbsten
1245 1077 2168 1187 Nachrichter gsin, Ab Maria Meyer sinei
1261 1129 2152 1225 schwyb unnd imgegentheyl sy ab zu
1272 1179 2146 1274 hoche vnnd schwarerlegtenn gefuhrt
1258 1212 2207 1319 das hr Harns Hallervogt zu landtshut
1253 1282 2163 1382 uß schuldigkeyttragennden amets, beyele
1237 1335 2191 1421 personenn gtengklich verechen unnd mines
1247 1387 2207 1466 geedigen herren und Oberer mit einem
1256 1432 2160 1527 brichtschryben zuschiesenn laßen, Haben
1259 1473 2194 1579 Ir gk volgenntsnachgemelter herren be¬
1252 1546 2171 1637 wolchen, sy hierüber gewürendermaset
1281 1593 2191 1678 herpammmeren, ban Welchem exsamet¬
1278 1646 2190 1732 gemelter Aorell, so sich sonnsten iun disen
1235 1697 2186 1794 Frnenden, Geörg Krieger genamset, vff
1247 1754 2216 1846 Mitwuchen dem 5 junii diß 1619 jart
1263 1798 1792 1872 zun bysyn unnd denhören
1843 1802 2226 1887 der Ehren Ehel¬
1263 1846 2244 1949 vestenn, Frommer fursichtigen Wysen bertt
1253 1906 2197 1990 Hains Rudolfforis, deß kleynen raths
1250 1948 2120 2043 jr bosugs von Mülenen der Burgeren
1262 1990 2209 2107 Nielans Brochers Großweybels, auch
1266 2048 2229 2159 etlichen weyblen, hochgenunter inner E¬
1258 2103 2241 2240 herren vnnd Oberen dieneren, zu Marzil
1259 2139 2147 2283 verzächenn unnd bekennt. Auch mit der
1279 2193 2146 2342 marter erhaldten vnnd bestättigen,
1225 2244 2153 2428 Des Erstenn alls er beigfur vor vier Jaren,
1251 2341 2245 2481 us dem pirmont von sinem meister, welche
1282 2384 2230 2516 ernden des hrr obersten um kyns Rege
1256 2445 2214 2580 gemennt für ein scharfrichter gedient wi
1263 2481 2201 2629 deruub nach disen trundengezogen, unnd
1277 2534 2238 2684 by Bellitz, zwenn Purstmannen, so Grot
1276 2597 2203 2743 ragenn, angetroffen, habe er dieselben
