4000 3000
14 1108 172 1167 nachzeutz
17 1144 188 1208 burg verreißn.
27 1177 88 1218 vnn
181 100 1043 252 Brunder dem Metzger, Wie ouch bun
206 179 1010 315 dem Sigrist, so domals Brudermeist
200 231 1009 348 zu Lüngen gsin unnd anderen persone
177 282 1056 438 gkoufft unnd darün zuchen fronen er
185 391 1050 534 so hat bemelter Schär, Wyter bekenn
182 453 981 545 Wie das er inn zydter by zu Peter
194 505 1030 627 Freuwdenrych gedienet, vnnd erschidlicg
213 551 1030 664 mal. Inn des Herren Gubernater
193 597 1045 716 In Alen hub, da Jethmal zu Samung
187 647 1036 761 Freüwdenrych syn tochterman Wone¬
204 699 1027 804 die Imme von smein h. Anbeuolchnen
194 745 1015 846 gschafft. verrichtet, Vnnd hiemit die
188 793 1046 910 Gmach, vnnd glegenheydt berurten hus
203 840 1036 954 erfaren vnnd gsachen, sonnderlich das
196 897 1050 1002 Freüwdenrych ein guten theyl sines gäht
193 940 1033 1036 Inn ein großen Im Zinderen Sal stehend
197 988 1058 1097 trog verschloßen, unnd die wyler wol
209 1041 1039 1148 gwüßt, das gesagter h Freüwdenryn
194 1088 1027 1179 niemant im husgelaßenn, Sie er mi
192 1143 1032 1238 einem so sich Benntz oder Jaggi namse
197 1206 1012 1283 deßen znnamen, Imme nit zu wüßen
188 1240 1039 1328 hinnden Inn berurt husgstigen, habe sy
192 1284 1033 1367 ghpan, zu vnnderst hutenn heisen, mit
170 1337 1039 1413 fuelch, Wie ballder Luth so Inn das hu¬
174 1385 1048 1475 wellennt gspür, inne deß durch Pfyffe
175 1444 1027 1528 zeuerwornen, er gefangne Aber sie In
173 1487 1035 1573 Anzognen Sal gangenn, gemelten wo¬¬
192 1537 1009 1625 mit etlichen houwmaßeren geoffnet
189 1591 1018 1682 vnnd nachgeschriben gällt darus ge¬
188 1644 873 1725 nommen vnnd vernntriuret
137 1699 1033 1813 Erstlich Inn einem Sack amps. 200 l
160 1796 1039 1899 aber inn einem Anderen Sack  200 Ml
167 1863 1014 1980 Wyter inn einem kleynen seckli in
166 1928 636 2026 Zugerdickpfennigen
732 1941 990 2037 100 fl.
163 2008 1022 2115 Denne noch Inn einem Seckl ounsta
733 2075 1037 2163 20. oder 30 A
108 2129 1030 2253 Vonn disem enndtwandten gält habe.
173 2199 1028 2310 gesagtem Bentzen wegenn obgemelten
169 2260 959 2368 gutens, Acht Cronen zu Lohn gaben
152 2318 1020 2450 Demnach Hansen Schär, sinem Brudes
142 2372 809 2491 Dotzingenn gelichenn, 22 d
143 2417 1026 2562 Denne dem Müller daselbst, so sich auch
153 2503 1028 2614 Schärnamse 30 l mit fürgäbengund
145 2551 982 2670 habe solches mit dienen erspardt, vn
137 2602 410 2693 gewunnen
1979 10 2045 65 45
1128 47 2081 228 Iennothin habe er ein theyl deßelben gegen
1164 92 2125 243 olld, dauon noch etliche stuck vorhannden
1596 143 2059 236 das übrig aber sie
1138 184 1454 308 genrechtlet.
1180 204 2065 345 mit Spilen, ästenn vnnd trincken, vnnd
1176 236 2139 372 gnsten inn anndere wag, Vnnutzerwes
1165 274 2146 427 durch Inne Vertan, vnnd verbrucht worden
1102 374 2149 551 Ann habe er ouch vß berurtem zrog, ein hoch¬
1147 447 2134 571 von inn unnd ußwenndig verguldten bächer
1150 477 2088 610 veruntrüwet. Vnnd denn einer person
1152 539 2088 660 Jacob Hyraben genannt, welchen er Im
1156 580 2125 705 idemeosten, mit ime zun franckrych zu
1138 640 2114 763 führenn vorhabenns gsin, doc zurembe.
1132 683 2098 797 wiffs fürgäbennde, der sie im inn der mit
1183 737 2064 849 iner Brnderen getroffnenn Theylung
1164 782 2098 887 vordem zubehaldtenn gaben, er Eyraben
1270 837 2121 938 Wie ballder syn Schären gfaung¬
1122 881 1266 944 Aber
1135 891 2052 1001 enschafft, vernomen, habe disen bechar
1160 948 2104 1038 vonn Ime gäbenn, der sie ouch Alls bald
1130 998 2099 1104 bin gepurennde Ordt, verschaffet worden
1151 1074 2087 1188 so haber er Wyter vß dem Fleischhus zwo
1153 1150 2097 1236 sammen genommen, vnnd deren eine Inn
1154 1200 2110 1288 Lanndtschryber Hubers hus Im Vnnderen
1148 1249 2118 1331 stübli. da ein allte frouw, wone mit
1157 1299 2135 1390 etlichen Personenn, doch Inen Vnwüßentz
1153 1345 2098 1430 das er sy vernntruwet, miesen hältten,
1103 1400 1957 1490 Ouch fur ein Cronen Wyn bezallt
1075 1487 2106 1592 Petstlichenn sieeg vff Mitwuchenn den 4.
1137 1549 2135 1645 Dißmonats etwas vor der sechstten stum
1163 1600 2098 1685 nach mittag, Abermalen Inn berurthus
1142 1640 2063 1744 gstigenn zwen klein trög geöffnet, inn
1127 1704 2092 1792 dem einen erbriefen, die er Vnuerseert
1142 1748 2095 1831 blyben laßenn, Inn dem Anderen Aber
1174 1803 2077 1905 ilbergschir, vnnd anndere kostliche sachen
1151 1845 2026 1936 funden, Vonn Welchen er ein mit
1151 1900 2076 2001 silber beschlagne große kräpßschäre, ein
1152 1943 2135 2050 silberne bestecke maßer, sampt dem gurt
1115 2008 2079 2108 sel. Wie ouch ein salberm Körlin, ge¬
1148 2061 1370 2116 nommen.
1519 2055 2061 2154 villens solches naben
1123 2079 2126 2199 Annderem, ouch zuentfrömbden, vnnd hin¬
1105 2153 2153 2280 wäg zetragenn, er sie aber darob ergriffen
1142 2205 2009 2337 unnd gfengklich lugnen wordenn
1136 2269 2087 2442 ff sölliche des gedachtenn Salomon Schären
1147 2363 2120 2498 beganngne diebstäl, vnnd mnßhandlunget
1143 2408 2080 2532 habent hochgenant nun G. herren vnnd
1107 2459 2033 2585 Oberen schultheis räth unnd Burger
1133 2499 2072 2653 diser Coplichenn Statt Bern, Vff Iren Eydt
1134 2558 2024 2727 zu recht erkenndt vnd gesprochenn
