<?xml version="1.0" encoding="UTF-8" standalone="yes"?>
<PcGts xmlns="http://schema.primaresearch.org/PAGE/gts/pagecontent/2013-07-15" xmlns:xsi="http://www.w3.org/2001/XMLSchema-instance" xsi:schemaLocation="http://schema.primaresearch.org/PAGE/gts/pagecontent/2013-07-15 http://schema.primaresearch.org/PAGE/gts/pagecontent/2013-07-15/pagecontent.xsd">
    <Metadata>
        <Creator>prov=University of Rostock/Institute of Mathematics/CITlab|PLANET AI GmbH/Gundram Leifert/gundram.leifert@planet-ai.de:name=German_Kurrent_XVI-XVIII_M1(htr_id=19584)::::v=2.6.7
prov=University of Rostock/Institute of Mathematics/CITlab|PLANET AI GmbH/Tobias Gruening/tobias.gruening@planet-ai.de:name=de.uros.citlab.module.baseline2polygon.B2PSeamMultiOriented:v=2.6.7
prov=University of Rostock/Institute of Mathematics/CITlab|PLANET AI GmbH/Gundram Leifert/gundram.leifert@planet-ai.de:name=Turmbücher_StaBe_3_A.Funk(htr_id=27278)::::v=2.6.7
prov=University of Rostock/Institute of Mathematics/CITlab|PLANET AI GmbH/Tobias Gruening/tobias.gruening@planet-ai.de:name=de.uros.citlab.module.baseline2polygon.B2PSeamMultiOriented:v=2.6.7
prov=University of Rostock/Institute of Mathematics/CITlab|PLANET AI GmbH/Tobias Gruening/tobias.gruening@planet-ai.de:name=/net_tf/LA73_249_0mod360.pb:de.uros.citlab.segmentation.CITlab_LA_ML:v=2.6.6
Transkribus</Creator>
        <Created>2020-10-03T12:26:18.032+02:00</Created>
        <LastChange>2022-09-12T14:21:40.608+02:00</LastChange>
        <TranskribusMetadata docId="1334811" pageId="52358813" pageNr="27" tsid="114640525" status="IN_PROGRESS" userId="9570" imgUrl="https://files.transkribus.eu/Get?id=RBNAPZTHJGJTAAYBPQJBXFFH&amp;fileType=view" xmlUrl="https://files.transkribus.eu/Get?id=CHWGSZEZPKZCSOGQTJQZELKR" imageId="15997807"/>
    </Metadata>
    <Page imageFilename="BIX461_29v,30r.jpg" imageWidth="4000" imageHeight="3000">
        <ReadingOrder>
            <OrderedGroup id="ro_1687513814373" caption="Regions reading order">
                <RegionRefIndexed index="0" regionRef="r1"/>
                <RegionRefIndexed index="1" regionRef="r2"/>
                <RegionRefIndexed index="2" regionRef="r3"/>
            </OrderedGroup>
        </ReadingOrder>
        <TextRegion orientation="0.0" id="r1" custom="readingOrder {index:0;}">
            <Coords points="108,292 108,454 138,454 138,292"/>
            <TextLine id="r1l1" custom="readingOrder {index:0;}">
                <Coords points="87,428 107,435 121,431 132,436 172,335 165,332 158,335 154,333 145,315 138,319 132,316"/>
                <Baseline points="108,392 138,404"/>
                <TextEquiv>
                    <Unicode></Unicode>
                </TextEquiv>
            </TextLine>
            <TextEquiv>
                <Unicode></Unicode>
            </TextEquiv>
        </TextRegion>
        <TextRegion orientation="0.0" id="r2" custom="readingOrder {index:1;}">
            <Coords points="137,160 137,2872 1034,2872 1034,160"/>
            <TextLine id="r2l1" custom="readingOrder {index:0;} person {offset:0; length:11;}">
                <Coords points="186,274 293,244 363,278 436,225 561,227 637,198 798,211 834,201 829,134 798,147 738,115 572,104 507,170 447,124 323,126 229,220 182,221"/>
                <Baseline points="189,236 222,233 256,230 289,226 323,222 357,217 390,212 424,208 458,203 491,199 525,196 558,192 592,189 626,188 659,186 693,186 727,189 760,192 794,195 828,201"/>
                <TextEquiv>
                    <Unicode>aspar vuber.</Unicode>
                </TextEquiv>
            </TextLine>
            <TextLine id="r2l2" custom="readingOrder {index:1;} person {offset:7; length:12;} place {offset:25; length:7;}">
                <Coords points="183,421 307,368 356,389 386,361 629,324 824,328 899,374 963,361 960,312 723,283 672,251 613,283 544,263 468,318 391,285 258,354 175,303"/>
                <Baseline points="186,384 224,379 263,372 301,366 340,359 378,353 417,347 455,340 494,335 532,330 571,326 610,321 648,320 687,317 725,317 764,318 802,321 841,325 879,331 918,339 957,348"/>
                <TextEquiv>
                    <Unicode>Jennag zuhwar wiber vomn Steinge</Unicode>
                </TextEquiv>
            </TextLine>
            <TextLine id="r2l3" custom="readingOrder {index:2;}">
                <Coords points="189,445 576,380 930,395 928,370 690,325 621,359 548,336 513,368 443,353 357,387 305,368 187,418"/>
                <Baseline points="195,435 231,428 267,422 304,416 340,410 377,403 413,398 449,392 486,387 522,383 559,378 595,376 631,374 668,372 704,371 741,371 777,372 813,375 850,377 886,383 923,389"/>
                <TextEquiv>
                    <Unicode>ind kundtwercke ein Beckh, eine</Unicode>
                </TextEquiv>
            </TextLine>
            <TextLine id="r2l4" custom="readingOrder {index:3;}">
                <Coords points="173,504 233,485 267,510 311,476 588,440 655,465 697,433 799,456 876,440 923,472 970,458 924,394 819,406 762,381 719,410 517,391 464,425 318,430 279,457 169,444"/>
                <Baseline points="177,485 216,481 255,475 294,471 334,465 373,458 412,453 452,448 491,442 530,438 570,433 609,431 648,428 687,426 727,425 766,426 805,427 845,431 884,435 923,442 963,450"/>
                <TextEquiv>
                    <Unicode>ungepürlichen auch ungerympte </Unicode>
                </TextEquiv>
            </TextLine>
            <TextLine id="r2l5" custom="readingOrder {index:4;}">
                <Coords points="168,554 208,578 282,533 329,556 412,512 709,486 982,532 979,480 952,469 727,443 673,466 587,441 165,512"/>
                <Baseline points="173,539 213,535 253,531 293,525 333,520 373,513 413,507 453,502 493,496 533,491 574,487 614,483 654,480 694,479 734,479 774,479 814,482 854,487 894,494 934,502 975,513"/>
                <TextEquiv>
                    <Unicode>aufweng, halt auch ainderen nachgend</Unicode>
                </TextEquiv>
            </TextLine>
            <TextLine id="r2l6" custom="readingOrder {index:5;}">
                <Coords points="174,598 395,596 435,566 530,577 587,553 617,579 644,549 697,566 724,541 780,570 818,549 880,591 904,570 952,601 979,585 963,548 735,492 666,526 509,501 326,557 283,533 216,575 172,556"/>
                <Baseline points="180,593 219,589 259,585 298,581 338,576 378,570 417,565 457,559 496,554 536,550 576,545 615,541 655,539 694,537 734,537 774,538 813,541 853,545 892,552 932,560 972,570"/>
                <TextEquiv>
                    <Unicode>beneten uß der chorgrichtlichen gfangen</Unicode>
                </TextEquiv>
            </TextLine>
            <TextLine id="r2l7" custom="readingOrder {index:6;}">
                <Coords points="180,665 311,672 382,636 600,604 733,645 832,607 982,637 979,585 882,592 824,555 771,576 729,542 697,566 644,550 616,580 587,555 460,591 429,573 383,612 176,598"/>
                <Baseline points="186,654 225,649 264,644 304,638 343,631 383,626 422,619 462,613 501,608 541,603 580,599 619,596 659,593 698,591 738,591 777,592 817,595 856,599 896,605 935,613 975,623"/>
                <TextEquiv>
                    <Unicode>schafft hun diesandenkefn gelegt, worden</Unicode>
                </TextEquiv>
            </TextLine>
            <TextLine id="r2l8" custom="readingOrder {index:7;}">
                <Coords points="195,724 407,711 495,668 593,660 760,658 859,686 903,663 975,686 972,641 832,607 792,636 721,609 695,632 580,613 434,634 358,675 193,677"/>
                <Baseline points="201,708 239,703 277,698 316,693 354,687 392,681 431,677 469,671 507,666 546,663 584,659 622,655 661,654 699,652 737,651 776,653 814,656 852,659 891,664 929,670 968,678"/>
                <TextEquiv>
                    <Unicode>unnd nin gcht unnd thberen, dem</Unicode>
                </TextEquiv>
            </TextLine>
            <TextLine id="r2l9" custom="readingOrder {index:8;}">
                <Coords points="133,794 319,758 433,789 474,745 551,729 655,726 699,755 725,727 815,745 843,724 979,766 973,688 905,664 866,693 657,663 551,710 413,728 351,704 317,739 214,715 129,742"/>
                <Baseline points="137,771 178,769 220,766 262,762 303,757 345,751 387,744 428,740 470,733 512,727 554,722 595,718 637,713 679,710 720,708 762,708 804,708 845,712 887,717 929,724 971,734"/>
                <TextEquiv>
                    <Unicode>Ehrenuesten fromen, fursichtigen wyß</Unicode>
                </TextEquiv>
            </TextLine>
            <TextLine id="r2l10" custom="readingOrder {index:9;}">
                <Coords points="181,850 219,832 259,852 335,814 360,833 397,804 592,824 685,796 745,823 903,780 945,815 986,801 984,775 896,739 625,757 603,738 575,768 434,788 368,763 308,798 245,769 177,790"/>
                <Baseline points="185,813 224,815 264,813 304,811 344,809 383,805 423,800 463,795 503,790 542,785 582,780 622,776 662,772 701,770 741,768 781,768 821,770 860,772 900,777 940,785 980,794"/>
                <TextEquiv>
                    <Unicode>hu damit Dienna ihrem gelieffen</Unicode>
                </TextEquiv>
            </TextLine>
            <TextLine id="r2l11" custom="readingOrder {index:10;}">
                <Coords points="192,885 241,907 383,873 569,877 732,834 981,873 977,807 897,793 867,817 775,796 752,820 589,824 553,803 386,849 291,830 190,854"/>
                <Baseline points="197,873 235,873 274,873 313,871 352,868 391,865 430,860 468,856 507,851 546,847 585,842 624,839 663,835 702,833 740,831 779,831 818,831 857,834 896,839 935,845 974,854"/>
                <TextEquiv>
                    <Unicode>Rhat benolchen, Inne mit ernsthafft</Unicode>
                </TextEquiv>
            </TextLine>
            <TextLine id="r2l12" custom="readingOrder {index:11;} person {offset:29; length:4; continued:true;}">
                <Coords points="199,970 258,930 280,951 464,924 518,959 589,931 618,950 649,915 782,895 987,943 984,877 734,851 197,923"/>
                <Baseline points="203,935 241,933 280,932 319,930 358,927 397,923 436,918 474,915 513,911 552,907 591,903 630,900 669,897 708,895 746,894 785,894 824,894 863,898 902,901 941,907 980,915"/>
                <TextEquiv>
                    <Unicode>geerammieren ist solches iun bysi</Unicode>
                </TextEquiv>
            </TextLine>
            <TextLine id="r2l13" custom="readingOrder {index:12;} person {offset:0; length:17; continued:true;}">
                <Coords points="202,1029 617,980 731,978 776,1005 869,963 996,992 978,945 786,894 733,928 648,916 613,951 456,939 413,961 373,934 342,955 258,931 199,971"/>
                <Baseline points="206,998 245,996 284,995 323,992 362,991 401,988 440,984 480,980 519,976 558,972 597,970 636,967 675,964 714,962 754,960 793,959 832,959 871,960 910,962 949,966 989,971"/>
                <TextEquiv>
                    <Unicode>urckhart Fischers Großweyee</Unicode>
                </TextEquiv>
            </TextLine>
            <TextLine id="r2l14" custom="readingOrder {index:13;}">
                <Coords points="197,1062 750,1024 858,1062 930,1023 999,1041 997,999 874,968 774,1004 713,975 679,1002 400,996 365,1027 305,1008 196,1033"/>
                <Baseline points="203,1055 242,1053 281,1051 321,1049 360,1046 400,1043 439,1040 479,1036 518,1032 558,1028 597,1025 636,1022 676,1020 715,1018 755,1017 794,1016 834,1016 873,1016 913,1017 952,1021 992,1025"/>
                <TextEquiv>
                    <Unicode>beschächen, an hut dato, den 20 feptemb</Unicode>
                </TextEquiv>
            </TextLine>
            <TextLine id="r2l15" custom="readingOrder {index:14;}">
                <Coords points="205,1153 246,1154 266,1131 300,1119 351,1145 403,1142 457,1098 529,1099 527,1074 486,1064 436,1077 394,1048 356,1064 329,1057 316,1068 198,1078"/>
                <Baseline points="207,1113 233,1112 259,1109 285,1106 312,1104 338,1101 364,1099 390,1096 417,1094 443,1092 469,1091 495,1091 522,1091"/>
                <TextEquiv>
                    <Unicode>diß 164 harr,</Unicode>
                </TextEquiv>
            </TextLine>
            <TextLine id="r2l16" custom="readingOrder {index:15;}">
                <Coords points="192,1221 297,1206 368,1228 425,1194 467,1220 551,1184 725,1217 849,1168 1008,1185 1005,1124 909,1149 815,1111 757,1142 670,1108 605,1143 478,1129 412,1171 342,1141 291,1170 259,1147 190,1168"/>
                <Baseline points="197,1200 237,1200 277,1199 317,1196 357,1194 398,1191 438,1187 478,1185 518,1181 558,1178 599,1176 639,1172 679,1169 719,1167 759,1166 800,1164 840,1164 880,1165 920,1166 960,1169 1001,1173"/>
                <TextEquiv>
                    <Unicode>unnd alls ime fürs erst fürgehalten worden.</Unicode>
                </TextEquiv>
            </TextLine>
            <TextLine id="r2l17" custom="readingOrder {index:16;} person {offset:20; length:19; continued:true;}">
                <Coords points="199,1277 726,1229 973,1257 1005,1235 1003,1185 196,1221"/>
                <Baseline points="203,1256 242,1254 282,1251 322,1249 362,1247 401,1244 441,1241 481,1238 521,1235 560,1233 600,1230 640,1227 680,1225 719,1223 759,1221 799,1220 839,1220 878,1220 918,1220 958,1221 998,1221"/>
                <TextEquiv>
                    <Unicode>das seidt er vonn s Niclans von Graffen</Unicode>
                </TextEquiv>
            </TextLine>
            <TextLine id="r2l18" custom="readingOrder {index:17;} person {offset:0; length:5; continued:true;} place {offset:31; length:5;}">
                <Coords points="210,1322 291,1317 328,1345 435,1304 684,1290 745,1312 794,1289 834,1308 877,1277 959,1312 994,1306 992,1260 794,1231 746,1255 697,1232 639,1268 518,1251 450,1279 338,1253 208,1291"/>
                <Baseline points="215,1305 253,1305 292,1303 330,1301 369,1299 407,1298 446,1294 484,1292 523,1290 561,1287 600,1285 639,1282 677,1281 716,1279 754,1278 793,1277 831,1277 870,1277 908,1277 947,1279 986,1281"/>
                <TextEquiv>
                    <Unicode>riedt seligen bylebenn vogt zu S Joh</Unicode>
                </TextEquiv>
            </TextLine>
            <TextLine id="r2l19" custom="readingOrder {index:18;} place {offset:30; length:9;}">
                <Coords points="218,1375 386,1364 444,1396 549,1350 614,1346 665,1382 695,1355 781,1367 816,1344 861,1386 929,1348 966,1374 1007,1358 1006,1321 854,1293 543,1330 455,1310 333,1343 217,1316"/>
                <Baseline points="224,1358 262,1356 301,1355 340,1353 379,1352 418,1350 457,1348 495,1347 534,1345 573,1343 612,1343 651,1340 690,1340 729,1338 767,1338 806,1338 845,1338 884,1338 923,1338 962,1340 1001,1343"/>
                <TextEquiv>
                    <Unicode>kommen, er sich merntheyls zu hoffnigen</Unicode>
                </TextEquiv>
            </TextLine>
            <TextLine id="r2l20" custom="readingOrder {index:19;}">
                <Coords points="212,1421 346,1442 454,1409 541,1430 629,1411 708,1443 746,1410 811,1427 890,1403 1019,1427 1018,1371 938,1359 861,1386 817,1346 731,1352 672,1391 586,1355 444,1396 371,1369 212,1389"/>
                <Baseline points="218,1406 257,1406 297,1407 337,1407 377,1407 416,1407 456,1406 496,1406 536,1404 575,1404 615,1403 655,1403 695,1401 734,1401 774,1400 814,1400 854,1400 893,1399 933,1400 973,1400 1013,1400"/>
                <TextEquiv>
                    <Unicode>mit tuschen merckten eßen unnd trinke</Unicode>
                </TextEquiv>
            </TextLine>
            <TextLine id="r2l21" custom="readingOrder {index:20;}">
                <Coords points="218,1496 383,1474 441,1497 595,1464 641,1504 701,1468 835,1486 878,1467 961,1503 993,1477 992,1424 821,1442 772,1412 711,1442 622,1415 545,1437 494,1411 420,1448 276,1419 218,1444"/>
                <Baseline points="224,1460 262,1461 300,1463 338,1463 376,1463 414,1463 452,1463 491,1463 529,1463 567,1462 605,1461 643,1461 681,1461 719,1460 758,1460 796,1460 834,1460 872,1460 910,1460 948,1460 987,1461"/>
                <TextEquiv>
                    <Unicode>endthalten, wyl nun solches ohne gelt</Unicode>
                </TextEquiv>
            </TextLine>
            <TextLine id="r2l22" custom="readingOrder {index:21;}">
                <Coords points="215,1526 339,1561 391,1526 566,1554 790,1527 829,1561 893,1527 1008,1528 984,1483 930,1503 891,1470 812,1504 644,1507 581,1475 402,1508 322,1483 215,1496"/>
                <Baseline points="221,1517 260,1519 299,1520 338,1521 377,1522 416,1523 455,1523 494,1523 533,1523 572,1523 611,1521 650,1521 689,1521 728,1520 767,1520 806,1518 845,1518 884,1518 923,1517 962,1517 1001,1517"/>
                <TextEquiv>
                    <Unicode>nit zugan noch beschachen möge, wende</Unicode>
                </TextEquiv>
            </TextLine>
            <TextLine id="r2l23" custom="readingOrder {index:22;}">
                <Coords points="225,1592 299,1617 361,1583 943,1599 997,1588 998,1529 871,1562 805,1535 737,1555 632,1530 584,1561 509,1537 436,1565 372,1533 339,1562 226,1525"/>
                <Baseline points="231,1571 269,1573 307,1575 345,1576 383,1577 421,1577 459,1577 497,1578 535,1578 573,1577 611,1577 649,1577 687,1577 725,1575 763,1575 801,1575 839,1575 877,1577 915,1577 953,1578 992,1580"/>
                <TextEquiv>
                    <Unicode>keinsonderen haundtierung gehept</Unicode>
                </TextEquiv>
            </TextLine>
            <TextLine id="r2l24" custom="readingOrder {index:23;}">
                <Coords points="206,1670 286,1643 338,1675 387,1642 447,1660 678,1641 726,1672 755,1645 1001,1640 1001,1613 841,1586 800,1615 557,1584 513,1616 357,1591 299,1617 206,1589"/>
                <Baseline points="212,1626 251,1628 290,1629 329,1631 368,1632 407,1632 446,1632 486,1634 525,1634 564,1634 603,1632 642,1632 681,1632 720,1632 760,1631 799,1631 838,1631 877,1631 916,1631 955,1631 995,1631"/>
                <TextEquiv>
                    <Unicode>Inmaßen, ime zu underschidlichenn</Unicode>
                </TextEquiv>
            </TextLine>
            <TextLine id="r2l25" custom="readingOrder {index:24;} place {offset:19; length:9;}">
                <Coords points="233,1691 349,1712 420,1689 630,1717 667,1700 689,1721 854,1701 927,1726 1020,1684 1019,1642 994,1640 897,1672 762,1644 728,1671 669,1644 514,1674 470,1647 445,1665 386,1644 351,1678 309,1652 233,1663"/>
                <Baseline points="239,1685 277,1686 316,1686 355,1688 394,1688 432,1688 471,1689 510,1689 549,1689 587,1689 626,1689 665,1689 704,1688 742,1688 781,1688 820,1686 859,1685 897,1685 936,1683 975,1682 1014,1680"/>
                <TextEquiv>
                    <Unicode>malen uß der statt Zoffingen, gepoten</Unicode>
                </TextEquiv>
            </TextLine>
            <TextLine id="r2l26" custom="readingOrder {index:25;}">
                <Coords points="224,1757 530,1751 651,1791 684,1768 792,1791 835,1761 983,1753 1022,1776 1023,1725 932,1732 906,1707 842,1737 665,1700 388,1696 358,1724 306,1692 225,1707"/>
                <Baseline points="230,1737 269,1739 308,1740 347,1742 387,1743 426,1745 465,1745 505,1746 544,1748 583,1748 623,1749 662,1749 701,1749 740,1749 780,1749 819,1749 858,1749 898,1749 937,1749 976,1748 1016,1748"/>
                <TextEquiv>
                    <Unicode>worden unnd das daselbst syn wonung</Unicode>
                </TextEquiv>
            </TextLine>
            <TextLine id="r2l27" custom="readingOrder {index:26;}">
                <Coords points="220,1808 294,1801 360,1838 568,1804 613,1833 696,1817 729,1847 766,1827 793,1849 903,1812 956,1837 995,1817 992,1756 791,1791 751,1770 724,1792 462,1754 357,1753 327,1778 284,1747 222,1755"/>
                <Baseline points="227,1794 265,1794 303,1794 341,1796 379,1796 417,1797 455,1797 493,1799 531,1800 569,1802 608,1802 646,1803 684,1804 722,1805 760,1806 798,1806 836,1807 874,1808 912,1808 950,1808 989,1806"/>
                <TextEquiv>
                    <Unicode>anderst nit dann jun gaftsweys</Unicode>
                </TextEquiv>
            </TextLine>
            <TextLine id="r2l28" custom="readingOrder {index:27;}">
                <Coords points="232,1869 284,1850 333,1891 404,1855 661,1863 741,1905 864,1867 997,1869 998,1827 938,1837 905,1815 787,1850 701,1819 570,1843 518,1815 358,1836 234,1808"/>
                <Baseline points="239,1841 276,1841 314,1842 351,1844 389,1845 427,1847 464,1850 502,1851 540,1853 577,1855 615,1857 653,1858 690,1859 728,1860 766,1862 803,1862 841,1861 879,1860 916,1858 954,1856 992,1853"/>
                <TextEquiv>
                    <Unicode>haben solle, sölle er anzeigen. Wo er</Unicode>
                </TextEquiv>
            </TextLine>
            <TextLine id="r2l29" custom="readingOrder {index:28;}">
                <Coords points="230,1898 362,1906 409,1941 512,1906 622,1939 694,1924 780,1960 818,1928 926,1938 1028,1910 1029,1871 935,1873 896,1903 804,1879 758,1906 617,1859 561,1886 346,1882 292,1854 231,1874"/>
                <Baseline points="236,1892 275,1893 314,1895 353,1898 393,1899 432,1903 471,1906 511,1908 550,1910 589,1913 629,1916 668,1917 707,1919 746,1919 786,1920 825,1919 864,1918 904,1916 943,1913 982,1908 1022,1902"/>
                <TextEquiv>
                    <Unicode>mit dem gelt verkhommen, hat er darüber</Unicode>
                </TextEquiv>
            </TextLine>
            <TextLine id="r2l30" custom="readingOrder {index:29;}">
                <Coords points="217,1956 827,2012 1016,1980 1018,1952 954,1923 777,1963 691,1929 640,1958 545,1954 220,1897"/>
                <Baseline points="224,1938 263,1942 302,1944 342,1948 381,1952 420,1955 460,1958 499,1962 538,1965 578,1968 617,1972 656,1974 696,1976 735,1978 774,1979 814,1980 853,1979 892,1979 932,1976 971,1974 1011,1970"/>
                <TextEquiv>
                    <Unicode>zu bscheyd geben, wie das er by under</Unicode>
                </TextEquiv>
            </TextLine>
            <TextLine id="r2l31" custom="readingOrder {index:30;}">
                <Coords points="231,2016 264,2020 306,2007 339,2040 385,2031 424,2053 477,2025 558,2040 561,2004 500,1994 479,2002 458,1978 435,1987 416,1966 380,1986 350,1974 333,1987 295,1958 237,1946"/>
                <Baseline points="239,1995 265,1997 291,1998 317,2000 344,2003 370,2005 396,2008 422,2010 449,2013 475,2016 501,2018 527,2021 554,2022"/>
                <TextEquiv>
                    <Unicode>schidlichen puren</Unicode>
                </TextEquiv>
            </TextLine>
            <TextLine id="r2l32" custom="readingOrder {index:31;}">
                <Coords points="842,2083 868,2082 912,2062 924,2065 952,2039 963,2039 991,2062 1020,2036 1018,2004 1004,2008 952,1979 926,1998 916,1997 899,2014 885,2015 863,1998 837,2012"/>
                <Baseline points="845,2042 873,2038 901,2035 929,2034 957,2034 985,2031 1013,2027"/>
                <TextEquiv>
                    <Unicode>hoffinge</Unicode>
                </TextEquiv>
            </TextLine>
            <TextLine id="r2l33" custom="readingOrder {index:32;}">
                <Coords points="226,2067 689,2095 796,2128 895,2106 929,2132 968,2100 1018,2111 1021,2061 954,2039 851,2085 727,2046 647,2068 607,2035 496,2057 229,2017"/>
                <Baseline points="233,2052 272,2054 311,2056 350,2058 389,2061 428,2065 467,2069 506,2073 545,2078 584,2081 623,2085 662,2088 701,2091 740,2093 779,2095 818,2096 857,2096 896,2095 935,2094 974,2090 1013,2085"/>
                <TextEquiv>
                    <Unicode>deren er etlich mit nammen gnamset</Unicode>
                </TextEquiv>
            </TextLine>
            <TextLine id="r2l34" custom="readingOrder {index:33;}">
                <Coords points="235,2120 304,2153 467,2132 576,2178 631,2148 718,2196 1009,2154 1029,2124 964,2103 929,2132 767,2143 457,2080 416,2109 350,2077 237,2091"/>
                <Baseline points="242,2112 281,2112 320,2114 359,2116 398,2120 437,2124 476,2127 515,2132 554,2136 593,2140 632,2144 671,2148 710,2152 749,2154 788,2156 827,2156 866,2156 905,2154 944,2150 983,2144 1022,2138"/>
                <TextEquiv>
                    <Unicode>ein gutze anzal haren gemenet und</Unicode>
                </TextEquiv>
            </TextLine>
            <TextLine id="r2l35" custom="readingOrder {index:34;}">
                <Coords points="232,2191 477,2195 540,2232 652,2204 820,2251 878,2215 973,2221 1027,2196 1029,2158 931,2159 872,2191 834,2163 749,2195 649,2153 576,2178 506,2150 443,2168 368,2129 303,2155 235,2129"/>
                <Baseline points="239,2168 278,2169 317,2171 356,2174 395,2177 434,2181 473,2185 513,2189 552,2193 591,2197 630,2201 669,2204 708,2205 747,2207 787,2208 826,2208 865,2207 904,2205 943,2201 982,2196 1022,2189"/>
                <TextEquiv>
                    <Unicode>by 300tb erübriget unnd erstardt, na</Unicode>
                </TextEquiv>
            </TextLine>
            <TextLine id="r2l36" custom="readingOrder {index:35;}">
                <Coords points="206,2240 991,2283 994,2226 924,2241 892,2216 816,2249 716,2242 646,2204 546,2234 477,2196 421,2219 360,2188 278,2210 209,2171"/>
                <Baseline points="213,2220 251,2223 290,2225 328,2228 367,2231 406,2234 444,2237 483,2241 522,2244 560,2247 599,2250 638,2252 676,2255 715,2256 754,2258 792,2259 831,2259 870,2258 908,2257 947,2255 986,2252"/>
                <TextEquiv>
                    <Unicode>dem nun er das becken handtwertz</Unicode>
                </TextEquiv>
            </TextLine>
            <TextLine id="r2l37" custom="readingOrder {index:36;} person {offset:28; length:7;}">
                <Coords points="219,2325 281,2293 503,2309 532,2338 703,2321 912,2344 1030,2316 1032,2277 922,2269 862,2308 830,2274 790,2300 725,2264 671,2297 558,2253 515,2275 426,2245 352,2274 223,2248"/>
                <Baseline points="227,2277 266,2279 306,2282 346,2285 386,2289 426,2294 466,2297 506,2301 546,2305 586,2309 626,2313 665,2315 705,2318 745,2319 785,2321 825,2321 865,2320 905,2318 945,2315 985,2310 1025,2304"/>
                <TextEquiv>
                    <Unicode>gelernet, unnd sich inn die wannder</Unicode>
                </TextEquiv>
            </TextLine>
            <TextLine id="r2l38" custom="readingOrder {index:37;}">
                <Coords points="216,2371 279,2379 347,2347 398,2378 542,2392 603,2371 908,2399 1023,2379 1026,2340 971,2328 862,2364 736,2325 703,2351 526,2342 313,2295 219,2322"/>
                <Baseline points="224,2333 263,2335 303,2337 343,2341 383,2343 422,2348 462,2352 502,2356 542,2361 581,2364 621,2368 661,2371 701,2374 740,2376 780,2377 820,2378 860,2377 899,2375 939,2372 979,2368 1019,2361"/>
                <TextEquiv>
                    <Unicode>schafft begeben, habe er die bemelten</Unicode>
                </TextEquiv>
            </TextLine>
            <TextLine id="r2l39" custom="readingOrder {index:38;}">
                <Coords points="233,2406 527,2420 581,2463 641,2431 681,2464 752,2438 918,2461 1015,2427 1018,2378 905,2417 686,2382 644,2403 596,2370 555,2397 405,2388 362,2355 273,2381 235,2363"/>
                <Baseline points="239,2397 277,2397 316,2399 354,2400 393,2403 431,2406 470,2409 508,2414 547,2417 585,2422 624,2426 663,2428 701,2432 740,2433 778,2435 817,2435 855,2435 894,2432 932,2427 971,2423 1010,2415"/>
                <TextEquiv>
                    <Unicode>100lb hinem meister zu behalten z</Unicode>
                </TextEquiv>
            </TextLine>
            <TextLine id="r2l40" custom="readingOrder {index:39;}">
                <Coords points="214,2487 386,2462 464,2497 539,2474 657,2513 697,2495 756,2535 792,2510 902,2526 1039,2485 1042,2420 873,2468 769,2445 678,2468 625,2440 584,2464 408,2417 217,2414"/>
                <Baseline points="221,2457 261,2455 302,2454 342,2456 383,2457 424,2461 464,2465 505,2470 546,2474 586,2479 627,2483 668,2487 708,2491 749,2493 790,2495 830,2494 871,2492 912,2488 952,2482 993,2473 1034,2462"/>
                <TextEquiv>
                    <Unicode>gstelt, welcher endtzweüsichen zu bo</Unicode>
                </TextEquiv>
            </TextLine>
            <TextLine id="r2l41" custom="readingOrder {index:40;}">
                <Coords points="216,2545 359,2526 466,2538 501,2570 580,2545 706,2574 893,2563 921,2589 1024,2537 1026,2505 754,2537 593,2491 490,2515 411,2475 367,2498 310,2468 220,2483"/>
                <Baseline points="224,2507 263,2507 303,2508 343,2511 383,2515 422,2519 462,2523 502,2528 542,2534 581,2538 621,2543 661,2548 701,2551 740,2553 780,2555 820,2555 860,2553 899,2549 939,2545 979,2536 1019,2526"/>
                <TextEquiv>
                    <Unicode>gnenen berüfft worden unnd haben</Unicode>
                </TextEquiv>
            </TextLine>
            <TextLine id="r2l42" custom="readingOrder {index:41;}">
                <Coords points="229,2581 429,2586 489,2635 572,2600 754,2645 1030,2602 1033,2544 1006,2529 924,2589 851,2573 775,2597 552,2553 429,2562 393,2531 287,2546 233,2518"/>
                <Baseline points="236,2564 275,2565 314,2567 354,2570 393,2573 433,2577 472,2583 512,2587 551,2592 591,2596 630,2601 669,2605 709,2608 748,2610 788,2611 827,2610 867,2609 906,2606 946,2601 985,2594 1025,2585"/>
                <TextEquiv>
                    <Unicode>ine hinder laßsnen erben nit müs</Unicode>
                </TextEquiv>
            </TextLine>
            <TextLine id="r2l43" custom="readingOrder {index:42;}">
                <Coords points="212,2623 321,2669 386,2640 554,2681 594,2663 916,2699 1029,2665 1034,2604 940,2646 838,2636 796,2661 611,2610 543,2636 440,2625 382,2580 214,2599"/>
                <Baseline points="218,2621 258,2621 298,2622 339,2627 379,2630 419,2634 460,2640 500,2645 540,2651 581,2656 621,2661 661,2665 702,2670 742,2673 782,2674 823,2675 863,2674 903,2672 944,2666 984,2660 1025,2651"/>
                <TextEquiv>
                    <Unicode>guth, sonder auch die berueten 300 M</Unicode>
                </TextEquiv>
            </TextLine>
            <TextLine id="r2l44" custom="readingOrder {index:43;}">
                <Coords points="216,2699 313,2689 388,2736 551,2715 884,2771 1024,2712 1028,2666 924,2709 742,2718 657,2674 624,2697 528,2667 491,2690 440,2653 372,2641 324,2668 221,2632"/>
                <Baseline points="224,2675 263,2676 303,2679 343,2682 383,2687 422,2692 462,2698 502,2704 542,2709 581,2715 621,2721 661,2726 701,2729 740,2732 780,2735 820,2734 860,2733 899,2730 939,2724 979,2716 1019,2706"/>
                <TextEquiv>
                    <Unicode>under sich verteilt obnen glych wot</Unicode>
                </TextEquiv>
            </TextLine>
            <TextLine id="r2l45" custom="readingOrder {index:44;}">
                <Coords points="209,2742 371,2746 531,2806 572,2782 770,2795 890,2833 1030,2781 1037,2701 822,2788 769,2740 688,2769 594,2720 540,2753 443,2716 347,2728 310,2689 268,2714 212,2698"/>
                <Baseline points="215,2733 255,2735 296,2736 336,2740 377,2745 417,2750 458,2756 498,2763 539,2769 579,2776 620,2782 660,2787 701,2792 741,2795 782,2796 822,2798 863,2796 903,2792 944,2787 984,2778 1025,2768"/>
                <TextEquiv>
                    <Unicode>er dieselben geuorderte unnd fude</Unicode>
                </TextEquiv>
            </TextLine>
            <TextLine id="r2l46" custom="readingOrder {index:45;}">
                <Coords points="210,2819 306,2804 387,2849 445,2819 498,2846 541,2831 600,2886 692,2868 725,2898 808,2900 854,2869 896,2894 1018,2860 1023,2808 842,2842 698,2794 530,2805 401,2753 215,2762"/>
                <Baseline points="218,2790 257,2790 297,2792 337,2795 377,2800 417,2806 457,2812 497,2819 537,2826 577,2833 617,2841 656,2847 696,2852 736,2855 776,2858 816,2859 856,2857 896,2853 936,2847 976,2836 1016,2823"/>
                <TextEquiv>
                    <Unicode>hals uff sines meisters seligen schu</Unicode>
                </TextEquiv>
            </TextLine>
            <TextEquiv>
                <Unicode>aspar vuber.
Jennag zuhwar wiber vomn Steinge
ind kundtwercke ein Beckh, eine
ungepürlichen auch ungerympte 
aufweng, halt auch ainderen nachgend
beneten uß der chorgrichtlichen gfangen
schafft hun diesandenkefn gelegt, worden
unnd nin gcht unnd thberen, dem
Ehrenuesten fromen, fursichtigen wyß
hu damit Dienna ihrem gelieffen
Rhat benolchen, Inne mit ernsthafft
geerammieren ist solches iun bysi
urckhart Fischers Großweyee
beschächen, an hut dato, den 20 feptemb
diß 164 harr,
unnd alls ime fürs erst fürgehalten worden.
das seidt er vonn s Niclans von Graffen
riedt seligen bylebenn vogt zu S Joh
kommen, er sich merntheyls zu hoffnigen
mit tuschen merckten eßen unnd trinke
endthalten, wyl nun solches ohne gelt
nit zugan noch beschachen möge, wende
keinsonderen haundtierung gehept
Inmaßen, ime zu underschidlichenn
malen uß der statt Zoffingen, gepoten
worden unnd das daselbst syn wonung
anderst nit dann jun gaftsweys
haben solle, sölle er anzeigen. Wo er
mit dem gelt verkhommen, hat er darüber
zu bscheyd geben, wie das er by under
schidlichen puren
hoffinge
deren er etlich mit nammen gnamset
ein gutze anzal haren gemenet und
by 300tb erübriget unnd erstardt, na
dem nun er das becken handtwertz
gelernet, unnd sich inn die wannder
schafft begeben, habe er die bemelten
100lb hinem meister zu behalten z
gstelt, welcher endtzweüsichen zu bo
gnenen berüfft worden unnd haben
ine hinder laßsnen erben nit müs
guth, sonder auch die berueten 300 M
under sich verteilt obnen glych wot
er dieselben geuorderte unnd fude
hals uff sines meisters seligen schu</Unicode>
            </TextEquiv>
        </TextRegion>
        <TextRegion orientation="0.0" id="r3" custom="readingOrder {index:2;}">
            <Coords points="1098,23 1098,2892 2114,2892 2114,23"/>
            <TextLine id="r3l1" custom="readingOrder {index:0;}">
                <Coords points="1989,81 1996,83 2004,81 2025,67 2031,68 2037,64 2046,67 2053,23 2044,22 2032,29 2027,29 2021,23 2009,26 2008,23 1999,22"/>
                <Baseline points="2001,50 2042,57"/>
                <TextEquiv>
                    <Unicode>30</Unicode>
                </TextEquiv>
            </TextLine>
            <TextLine id="r3l2" custom="readingOrder {index:1;}">
                <Coords points="1102,202 1223,162 1381,178 1520,132 1600,162 1633,133 1739,133 1780,167 1884,124 1982,126 1979,85 1738,97 1643,67 1098,138"/>
                <Baseline points="1107,185 1150,174 1193,165 1237,158 1280,151 1324,145 1367,140 1411,135 1454,132 1498,129 1541,127 1584,125 1628,124 1671,123 1715,122 1758,122 1802,122 1845,122 1889,122 1932,122 1976,122"/>
                <TextEquiv>
                    <Unicode>Rodel berufft habe er doch wedergelt noch</Unicode>
                </TextEquiv>
            </TextLine>
            <TextLine id="r3l3" custom="readingOrder {index:2;}">
                <Coords points="1093,250 1490,188 1596,183 1668,225 1702,193 1759,227 1835,181 2034,194 2032,159 1884,123 1802,158 1748,131 1691,162 1470,140 1374,179 1270,161 1091,202"/>
                <Baseline points="1098,230 1144,220 1190,213 1237,206 1283,201 1330,195 1376,191 1423,187 1469,184 1516,182 1562,180 1608,179 1655,177 1701,177 1748,177 1794,177 1841,177 1887,177 1934,177 1980,179 2027,179"/>
                <TextEquiv>
                    <Unicode>dem rodel fürbringen mögen zumaßen er</Unicode>
                </TextEquiv>
            </TextLine>
            <TextLine id="r3l4" custom="readingOrder {index:3;} place {offset:19; length:9;}">
                <Coords points="1110,295 1179,268 1221,294 1344,247 1536,281 1670,240 1873,279 1929,237 1985,247 1984,217 1836,181 1759,227 1670,224 1595,184 1560,210 1488,189 1440,221 1214,220 1108,251"/>
                <Baseline points="1115,281 1158,272 1201,263 1244,258 1287,251 1331,247 1374,243 1417,240 1460,239 1503,237 1547,236 1590,236 1633,234 1676,234 1719,236 1763,236 1806,236 1849,236 1892,234 1935,234 1979,233"/>
                <TextEquiv>
                    <Unicode>vber zweig jahr zu Zoffingen rechtigenn</Unicode>
                </TextEquiv>
            </TextLine>
            <TextLine id="r3l5" custom="readingOrder {index:4;}">
                <Coords points="1122,352 1444,301 1593,298 1654,331 1788,291 1969,305 2006,292 2005,255 1931,236 1832,279 1671,241 1461,281 1343,248 1221,295 1182,272 1120,316"/>
                <Baseline points="1127,332 1170,322 1214,313 1257,307 1301,301 1345,297 1388,294 1432,291 1476,290 1519,290 1563,288 1607,289 1650,290 1694,290 1738,290 1781,290 1825,290 1869,290 1912,288 1956,287 2000,284"/>
                <TextEquiv>
                    <Unicode>mußen vnnd etlich erwißen, das er die</Unicode>
                </TextEquiv>
            </TextLine>
            <TextLine id="r3l6" custom="readingOrder {index:5;}">
                <Coords points="1105,411 1345,356 1473,385 1567,336 1694,374 1831,342 1877,381 2003,346 2002,319 1755,298 1656,329 1476,300 1103,358"/>
                <Baseline points="1110,390 1154,379 1198,369 1243,362 1287,355 1331,350 1376,346 1420,343 1464,342 1509,340 1553,339 1597,339 1642,339 1686,339 1730,339 1775,339 1819,341 1863,339 1908,339 1952,338 1997,336"/>
                <TextEquiv>
                    <Unicode>300flb hinein mechter seltigen ubergeben</Unicode>
                </TextEquiv>
            </TextLine>
            <TextLine id="r3l7" custom="readingOrder {index:6;}">
                <Coords points="1116,482 1197,432 1241,455 1426,398 1585,424 1704,405 1769,440 1809,401 1987,417 2039,404 2038,375 1978,343 1883,381 1833,342 1716,377 1651,349 1335,391 1259,367 1114,422"/>
                <Baseline points="1121,440 1166,431 1212,422 1257,414 1303,408 1349,404 1394,400 1440,398 1485,396 1531,395 1577,395 1622,395 1668,395 1713,395 1759,395 1805,396 1850,396 1896,396 1941,396 1987,395 2033,393"/>
                <TextEquiv>
                    <Unicode>glegt, darumb er ein theyll empfangen den</Unicode>
                </TextEquiv>
            </TextLine>
            <TextLine id="r3l8" custom="readingOrder {index:7;}">
                <Coords points="1098,519 1624,453 1875,464 1938,500 2035,470 2035,434 1910,392 1853,430 1809,401 1770,439 1714,408 1553,406 1240,455 1095,444"/>
                <Baseline points="1103,492 1149,483 1195,476 1242,469 1288,465 1334,460 1381,456 1427,453 1473,452 1520,450 1566,450 1612,449 1659,449 1705,450 1751,450 1798,451 1844,452 1890,452 1937,453 1983,453 2030,453"/>
                <TextEquiv>
                    <Unicode>anderen aber nit unnd damit er disem</Unicode>
                </TextEquiv>
            </TextLine>
            <TextLine id="r3l9" custom="readingOrder {index:8;}">
                <Coords points="1123,579 1305,529 1634,508 1674,541 1823,516 1886,550 1971,522 1971,492 1714,468 1625,492 1504,495 1477,470 1121,493"/>
                <Baseline points="1128,537 1169,531 1211,525 1253,519 1295,516 1337,512 1379,510 1420,508 1462,506 1504,506 1546,504 1588,504 1630,504 1672,504 1713,505 1755,506 1797,507 1839,507 1881,509 1923,509 1965,510"/>
                <TextEquiv>
                    <Unicode>gschafft abwarten mögen, habe er</Unicode>
                </TextEquiv>
            </TextLine>
            <TextLine id="r3l10" custom="readingOrder {index:9;}">
                <Coords points="1120,609 1194,624 1254,576 1329,570 1509,607 1724,565 1800,607 1852,570 1920,597 2013,581 2030,537 1885,551 1739,516 1675,541 1636,507 1119,576"/>
                <Baseline points="1125,591 1170,583 1215,577 1260,572 1305,567 1350,563 1395,561 1440,560 1485,558 1530,558 1575,558 1620,558 1665,560 1710,560 1755,561 1800,562 1845,563 1890,563 1935,563 1980,563 2025,561"/>
                <TextEquiv>
                    <Unicode>sich zu einem meister verdinget, ihme</Unicode>
                </TextEquiv>
            </TextLine>
            <TextLine id="r3l11" custom="readingOrder {index:10;}">
                <Coords points="1118,658 1204,640 1239,668 1326,627 1398,661 1480,627 1528,663 1616,616 1697,654 1882,632 1945,669 1997,638 2058,654 2058,607 1930,607 1861,569 1800,607 1720,566 1682,601 1601,578 1519,605 1329,570 1275,615 1118,625"/>
                <Baseline points="1124,644 1170,636 1216,632 1263,628 1309,624 1356,620 1402,618 1448,616 1495,615 1541,614 1588,614 1634,614 1680,615 1727,615 1773,617 1820,618 1866,620 1912,622 1959,624 2005,626 2052,627"/>
                <TextEquiv>
                    <Unicode>wuchentlich, ein halben francken geben</Unicode>
                </TextEquiv>
            </TextLine>
            <TextLine id="r3l12" custom="readingOrder {index:11;}">
                <Coords points="1123,715 1226,689 1331,718 1390,674 1524,676 1568,716 1623,684 1659,710 1689,678 1754,682 1848,718 1971,682 1960,624 1910,655 1800,629 1696,656 1617,617 1531,662 1435,639 1339,662 1306,634 1259,667 1205,641 1166,671 1122,659"/>
                <Baseline points="1128,696 1169,692 1211,688 1253,684 1295,681 1337,678 1378,677 1420,675 1462,673 1504,672 1546,672 1587,671 1629,671 1671,672 1713,672 1755,672 1796,673 1838,674 1880,675 1922,675 1964,677"/>
                <TextEquiv>
                    <Unicode>unnd mithin wan er derwyl ghept</Unicode>
                </TextEquiv>
            </TextLine>
            <TextLine id="r3l13" custom="readingOrder {index:12;}">
                <Coords points="1116,767 1273,742 1315,781 1367,746 1454,773 1637,730 1757,763 1881,743 1930,779 2023,742 2023,706 1898,685 1846,718 1732,685 1699,718 1616,686 1569,716 1510,676 1382,718 1282,691 1116,715"/>
                <Baseline points="1122,747 1166,743 1211,740 1256,737 1301,735 1346,733 1390,732 1435,731 1480,731 1525,731 1570,731 1614,731 1659,732 1704,732 1749,732 1794,734 1838,734 1883,734 1928,734 1973,734 2018,732"/>
                <TextEquiv>
                    <Unicode>zue bachen, helffen, das sye die Vrsach</Unicode>
                </TextEquiv>
            </TextLine>
            <TextLine id="r3l14" custom="readingOrder {index:13;} place {offset:22; length:9;}">
                <Coords points="1110,827 1203,805 1255,847 1386,818 1492,847 1580,799 1743,843 1784,805 1872,839 2045,812 2045,777 1965,757 1771,775 1677,738 1485,773 1357,751 1314,781 1276,744 1207,786 1110,772"/>
                <Baseline points="1116,803 1162,800 1208,798 1254,797 1300,795 1346,794 1392,793 1439,792 1485,791 1531,789 1577,789 1623,789 1669,789 1715,789 1762,790 1808,792 1854,792 1900,794 1946,798 1992,800 2039,804"/>
                <TextEquiv>
                    <Unicode>das er sich solang zu Zofftngen erhalten</Unicode>
                </TextEquiv>
            </TextLine>
            <TextLine id="r3l15" custom="readingOrder {index:14;}">
                <Coords points="1137,869 1186,901 1243,863 1377,887 1653,867 1728,897 1797,861 1980,876 1999,836 1833,839 1793,805 1746,842 1613,807 1485,844 1137,817"/>
                <Baseline points="1143,857 1185,857 1227,855 1270,855 1312,855 1355,854 1397,854 1440,854 1482,854 1525,854 1567,854 1609,855 1652,855 1694,855 1737,857 1779,858 1822,858 1864,860 1907,862 1949,864 1992,866"/>
                <TextEquiv>
                    <Unicode>onsten habe er endtzwuschen auch ge¬</Unicode>
                </TextEquiv>
            </TextLine>
            <TextLine id="r3l16" custom="readingOrder {index:15;}">
                <Coords points="1128,932 1481,916 1528,951 1562,919 1621,943 1762,918 1963,929 1996,963 2064,948 2064,909 2016,884 1964,909 1894,862 1718,896 1657,866 1395,895 1295,868 1196,904 1128,880"/>
                <Baseline points="1134,918 1180,917 1226,915 1272,914 1318,912 1365,911 1411,911 1457,910 1503,909 1549,909 1596,909 1642,911 1688,911 1734,912 1780,914 1827,915 1873,917 1919,918 1965,921 2011,923 2058,926"/>
                <TextEquiv>
                    <Unicode>werchet unnd lehtlich uberfunff wuchen</Unicode>
                </TextEquiv>
            </TextLine>
            <TextLine id="r3l17" custom="readingOrder {index:16;}">
                <Coords points="1112,985 1491,973 1673,1014 1785,979 1862,1013 1917,985 2028,997 2029,957 1931,957 1896,926 1814,952 1767,921 1558,954 1394,921 1222,952 1113,937"/>
                <Baseline points="1118,975 1163,973 1208,972 1253,971 1298,969 1344,969 1389,969 1434,969 1479,969 1524,969 1570,971 1615,971 1660,972 1705,974 1750,974 1796,975 1841,977 1886,978 1931,980 1976,981 2022,983"/>
                <TextEquiv>
                    <Unicode>Schnyden, unnd mayen helffen, sye aber</Unicode>
                </TextEquiv>
            </TextLine>
            <TextLine id="r3l18" custom="readingOrder {index:17;}">
                <Coords points="1124,1051 1341,1033 1555,1061 1584,1035 1679,1063 1809,1031 2008,1073 2036,1048 2087,1068 2088,1022 1951,986 1862,1015 1798,988 1673,1018 1470,982 1415,1008 1331,981 1124,1000"/>
                <Baseline points="1130,1032 1177,1030 1225,1029 1272,1028 1320,1028 1368,1028 1415,1028 1463,1028 1510,1029 1558,1029 1606,1031 1653,1031 1701,1032 1748,1034 1796,1035 1844,1035 1891,1037 1939,1037 1986,1037 2034,1037 2082,1035"/>
                <TextEquiv>
                    <Unicode>hernach kranckt worden unnd zum Rappen</Unicode>
                </TextEquiv>
            </TextLine>
            <TextLine id="r3l19" custom="readingOrder {index:18;}">
                <Coords points="1118,1098 1226,1120 1363,1081 1437,1133 1524,1095 2082,1117 2083,1067 2002,1076 1972,1045 1915,1073 1809,1032 1695,1075 1341,1034 1119,1050"/>
                <Baseline points="1125,1086 1172,1085 1220,1083 1267,1083 1315,1083 1362,1083 1410,1083 1457,1085 1505,1085 1552,1086 1600,1088 1648,1089 1695,1091 1743,1092 1790,1094 1838,1095 1885,1095 1933,1095 1980,1095 2028,1095 2076,1095"/>
                <TextEquiv>
                    <Unicode>Inzoffnngen sich erhalten, vntzit erwider¬</Unicode>
                </TextEquiv>
            </TextLine>
            <TextLine id="r3l20" custom="readingOrder {index:19;}">
                <Coords points="1127,1170 1327,1180 1384,1142 1484,1190 2023,1172 2037,1107 1988,1135 1955,1103 1907,1131 1768,1096 1724,1132 1550,1093 1436,1129 1320,1087 1128,1131"/>
                <Baseline points="1133,1154 1177,1149 1222,1146 1267,1144 1312,1142 1357,1142 1402,1142 1447,1142 1492,1143 1537,1145 1582,1147 1626,1148 1671,1151 1716,1152 1761,1154 1806,1154 1851,1155 1896,1155 1941,1155 1986,1154 2031,1152"/>
                <TextEquiv>
                    <Unicode>umb zu siner gfundtheyt kommen, was</Unicode>
                </TextEquiv>
            </TextLine>
            <TextLine id="r3l21" custom="readingOrder {index:20;}">
                <Coords points="1125,1242 1284,1243 1395,1201 1459,1246 1560,1220 1699,1257 1765,1217 1888,1214 1949,1241 2002,1216 2003,1162 1918,1195 1730,1162 1682,1194 1629,1166 1484,1187 1426,1148 1343,1185 1126,1167"/>
                <Baseline points="1131,1212 1174,1208 1217,1205 1260,1203 1304,1202 1347,1200 1390,1200 1434,1200 1477,1202 1520,1202 1564,1203 1607,1205 1650,1206 1693,1208 1737,1209 1780,1209 1823,1209 1867,1209 1910,1209 1953,1208 1997,1206"/>
                <TextEquiv>
                    <Unicode>gelts er inn disem gschafft verbrucht</Unicode>
                </TextEquiv>
            </TextLine>
            <TextLine id="r3l22" custom="readingOrder {index:21;}">
                <Coords points="1132,1311 1193,1271 1329,1263 1379,1289 1992,1298 1992,1256 1907,1230 1798,1246 1764,1216 1459,1246 1397,1205 1286,1248 1133,1247"/>
                <Baseline points="1139,1269 1181,1266 1223,1263 1266,1260 1308,1259 1350,1258 1393,1257 1435,1258 1477,1259 1520,1260 1562,1261 1604,1263 1647,1264 1689,1266 1731,1268 1774,1269 1816,1271 1858,1272 1901,1274 1943,1274 1986,1274"/>
                <TextEquiv>
                    <Unicode>habe er mit dienen vnnd Abeyden</Unicode>
                </TextEquiv>
            </TextLine>
            <TextLine id="r3l23" custom="readingOrder {index:22;}">
                <Coords points="1133,1369 1165,1357 1182,1371 1221,1335 1238,1331 1308,1363 1334,1345 1346,1347 1342,1270 1306,1266 1286,1286 1256,1298 1244,1289 1223,1292 1193,1271 1161,1304 1131,1316"/>
                <Baseline points="1137,1329 1162,1327 1187,1325 1212,1325 1237,1325 1262,1323 1287,1322 1312,1320 1338,1317"/>
                <TextEquiv>
                    <Unicode>erhoandt,</Unicode>
                </TextEquiv>
            </TextLine>
            <TextLine id="r3l24" custom="readingOrder {index:23;}">
                <Coords points="1127,1459 1379,1435 1433,1458 1722,1448 1754,1473 1847,1448 1921,1478 2010,1443 2010,1407 1938,1387 1717,1409 1670,1366 1631,1393 1551,1372 1485,1420 1377,1353 1301,1420 1127,1403"/>
                <Baseline points="1133,1437 1176,1437 1220,1436 1263,1436 1307,1434 1350,1434 1394,1434 1437,1434 1481,1435 1524,1436 1568,1436 1612,1436 1655,1436 1699,1437 1742,1437 1786,1437 1829,1436 1873,1436 1916,1435 1960,1434 2004,1433"/>
                <TextEquiv>
                    <Unicode>Was zum anderen die Chransprach so er</Unicode>
                </TextEquiv>
            </TextLine>
            <TextLine id="r3l25" custom="readingOrder {index:24;} person {offset:3; length:23;}">
                <Coords points="1130,1510 1498,1530 1534,1504 1683,1527 1871,1502 1920,1535 1974,1503 2076,1506 2076,1474 1912,1479 1855,1450 1130,1469"/>
                <Baseline points="1136,1494 1182,1493 1229,1493 1276,1491 1322,1491 1369,1491 1416,1491 1462,1491 1509,1491 1556,1491 1603,1493 1649,1493 1696,1494 1743,1494 1789,1494 1836,1496 1883,1496 1929,1496 1976,1496 2023,1496 2070,1496"/>
                <TextEquiv>
                    <Unicode>an Christma Sutermeisterin, ungepur¬</Unicode>
                </TextEquiv>
            </TextLine>
            <TextLine id="r3l26" custom="readingOrder {index:25;}">
                <Coords points="1131,1565 1373,1553 1425,1587 1579,1546 1752,1592 1812,1546 1891,1578 2058,1561 2058,1523 1974,1503 1917,1535 1843,1503 1378,1533 1273,1504 1229,1533 1185,1502 1131,1534"/>
                <Baseline points="1137,1547 1182,1545 1228,1545 1274,1545 1320,1545 1365,1545 1411,1545 1457,1547 1503,1547 1548,1548 1594,1548 1640,1550 1686,1550 1731,1551 1777,1551 1823,1551 1869,1551 1914,1551 1960,1551 2006,1550 2052,1548"/>
                <TextEquiv>
                    <Unicode>ender unverschampter wyß aalls die¬</Unicode>
                </TextEquiv>
            </TextLine>
            <TextLine id="r3l27" custom="readingOrder {index:26;}">
                <Coords points="1142,1622 1191,1607 1256,1635 1368,1603 1485,1645 1544,1610 1571,1631 1662,1610 1694,1637 1861,1614 1891,1640 1915,1617 1971,1630 1972,1588 1912,1562 1747,1589 1573,1554 1538,1584 1505,1555 1431,1587 1143,1555"/>
                <Baseline points="1148,1599 1188,1598 1229,1598 1270,1598 1311,1598 1352,1598 1393,1599 1433,1599 1474,1599 1515,1601 1556,1601 1597,1602 1638,1602 1679,1604 1719,1604 1760,1604 1801,1605 1842,1605 1883,1606 1924,1607 1965,1607"/>
                <TextEquiv>
                    <Unicode>selb schon einer sonderbaren Pterson</Unicode>
                </TextEquiv>
            </TextLine>
            <TextLine id="r3l28" custom="readingOrder {index:27;}">
                <Coords points="1142,1680 1985,1672 1985,1636 1848,1616 1630,1646 1549,1612 1479,1649 1446,1624 1393,1648 1331,1619 1284,1643 1142,1623"/>
                <Baseline points="1148,1658 1189,1658 1231,1658 1272,1658 1314,1658 1355,1658 1397,1658 1438,1658 1480,1659 1521,1659 1563,1659 1605,1659 1646,1659 1688,1659 1729,1659 1771,1659 1812,1659 1854,1658 1895,1658 1937,1658 1979,1656"/>
                <TextEquiv>
                    <Unicode>versprochen gsin, darumb ein Ehetag</Unicode>
                </TextEquiv>
            </TextLine>
            <TextLine id="r3l29" custom="readingOrder {index:28;}">
                <Coords points="1127,1764 1189,1727 1798,1751 1886,1714 2010,1733 2033,1693 1828,1677 1788,1705 1667,1673 1527,1697 1495,1668 1396,1710 1245,1666 1127,1702"/>
                <Baseline points="1133,1715 1177,1716 1222,1717 1267,1718 1311,1719 1356,1719 1401,1721 1445,1721 1490,1721 1535,1721 1580,1721 1624,1721 1669,1719 1714,1719 1758,1719 1803,1718 1848,1716 1892,1716 1937,1714 1982,1713 2027,1712"/>
                <TextEquiv>
                    <Unicode>ghalten unnd der hochzytlichtag an¬</Unicode>
                </TextEquiv>
            </TextLine>
            <TextLine id="r3l30" custom="readingOrder {index:29;}">
                <Coords points="1139,1817 1439,1783 1591,1822 1813,1790 1900,1822 1943,1787 2063,1789 2063,1756 1970,1723 1867,1765 1767,1744 1542,1766 1470,1733 1426,1762 1201,1727 1139,1768"/>
                <Baseline points="1145,1778 1190,1779 1236,1779 1281,1779 1327,1781 1373,1781 1418,1781 1464,1781 1510,1781 1555,1781 1601,1779 1647,1779 1692,1779 1738,1779 1784,1778 1829,1778 1875,1778 1921,1778 1966,1776 2012,1776 2058,1776"/>
                <TextEquiv>
                    <Unicode>gesteldt worden, gethan, betrifft, ver¬</Unicode>
                </TextEquiv>
            </TextLine>
            <TextLine id="r3l31" custom="readingOrder {index:30;}">
                <Coords points="1130,1877 1205,1847 1275,1870 1421,1843 1481,1873 2013,1847 2012,1805 1942,1788 1906,1819 1682,1793 1549,1827 1494,1786 1318,1823 1288,1797 1246,1827 1130,1795"/>
                <Baseline points="1136,1835 1179,1835 1223,1837 1266,1838 1310,1839 1353,1839 1397,1839 1440,1839 1484,1839 1527,1839 1571,1839 1615,1839 1658,1838 1702,1838 1745,1836 1789,1836 1832,1835 1876,1834 1919,1833 1963,1832 2007,1832"/>
                <TextEquiv>
                    <Unicode>gericht er Allso, wie das er vff der</Unicode>
                </TextEquiv>
            </TextLine>
            <TextLine id="r3l32" custom="readingOrder {index:31;} place {offset:0; length:24;} place {offset:28; length:9;}">
                <Coords points="1146,1938 1234,1947 1293,1918 1378,1946 1484,1907 1574,1943 1837,1931 1929,1891 2019,1905 2018,1875 1788,1840 1742,1869 1701,1850 1659,1890 1589,1859 1145,1877"/>
                <Baseline points="1151,1904 1194,1904 1237,1904 1280,1904 1323,1904 1366,1904 1409,1902 1452,1902 1495,1901 1538,1901 1581,1901 1624,1899 1667,1899 1710,1898 1753,1897 1796,1896 1839,1895 1882,1893 1925,1892 1968,1891 2012,1890"/>
                <TextEquiv>
                    <Unicode>Eselschafft zum Schutzen zu Hoffingen,</Unicode>
                </TextEquiv>
            </TextLine>
            <TextLine id="r3l33" custom="readingOrder {index:32;}">
                <Coords points="1160,1971 1371,1969 1475,2007 1518,1972 1611,2003 1788,1964 1975,1997 2033,1957 2085,1987 2084,1935 1930,1891 1814,1946 1504,1944 1438,1911 1363,1949 1293,1918 1254,1950 1160,1938"/>
                <Baseline points="1166,1961 1211,1961 1257,1962 1302,1962 1348,1964 1394,1964 1439,1964 1485,1964 1530,1964 1576,1963 1622,1962 1667,1962 1713,1961 1758,1960 1804,1959 1850,1958 1895,1956 1941,1955 1986,1955 2032,1953 2078,1950"/>
                <TextEquiv>
                    <Unicode>einen trunck gethan, mit etlichen personen</Unicode>
                </TextEquiv>
            </TextLine>
            <TextLine id="r3l34" custom="readingOrder {index:33;}">
                <Coords points="1146,2027 1282,2059 1346,2023 1560,2045 1767,2021 1966,2060 2040,2019 2040,1989 1915,1998 1879,1970 1829,1998 1798,1972 1744,2002 1581,1982 1396,2012 1328,1981 1295,2005 1146,1980"/>
                <Baseline points="1152,2016 1196,2018 1240,2019 1284,2021 1328,2021 1372,2021 1416,2021 1460,2021 1504,2021 1548,2021 1593,2020 1637,2019 1681,2019 1725,2018 1769,2017 1813,2016 1857,2015 1901,2015 1945,2013 1989,2013 2034,2012"/>
                <TextEquiv>
                    <Unicode>welche Inn mit berurter tochter ge¬</Unicode>
                </TextEquiv>
            </TextLine>
            <TextLine id="r3l35" custom="readingOrder {index:34;}">
                <Coords points="1133,2129 1190,2079 1289,2103 1637,2089 1686,2122 1746,2081 1847,2112 1902,2081 2024,2084 2023,2045 1754,2061 1716,2023 1560,2046 1530,2024 1475,2059 1422,2038 1390,2066 1324,2025 1279,2063 1233,2030 1132,2038"/>
                <Baseline points="1139,2078 1185,2079 1231,2079 1277,2081 1324,2081 1370,2081 1416,2081 1462,2081 1509,2081 1555,2079 1601,2079 1647,2078 1694,2078 1740,2076 1786,2075 1832,2075 1879,2073 1925,2072 1971,2070 2018,2069"/>
                <TextEquiv>
                    <Unicode>feviert, vnnd Alls die sonnderbarer</Unicode>
                </TextEquiv>
            </TextLine>
            <TextLine id="r3l36" custom="readingOrder {index:35;}">
                <Coords points="1139,2173 1336,2155 1372,2186 1437,2151 1533,2175 2073,2138 2072,2105 1901,2092 1858,2123 1747,2082 1681,2127 1592,2092 1525,2130 1454,2106 1345,2132 1188,2080 1139,2124"/>
                <Baseline points="1145,2135 1191,2138 1237,2141 1283,2142 1329,2144 1375,2144 1421,2144 1467,2144 1513,2144 1559,2142 1606,2142 1652,2141 1698,2139 1744,2138 1790,2136 1836,2135 1882,2133 1928,2132 1974,2132 2020,2130 2067,2130"/>
                <TextEquiv>
                    <Unicode>gschafften halb auch dahin kommen, habe er</Unicode>
                </TextEquiv>
            </TextLine>
            <TextLine id="r3l37" custom="readingOrder {index:36;}">
                <Coords points="1140,2203 1344,2237 1644,2210 1804,2232 1864,2206 1948,2242 2082,2198 2081,2156 1826,2157 1792,2184 1730,2146 1667,2182 1482,2153 1377,2188 1139,2177"/>
                <Baseline points="1146,2193 1192,2196 1239,2200 1285,2203 1332,2205 1378,2205 1425,2207 1471,2207 1518,2207 1564,2205 1611,2204 1657,2202 1704,2201 1750,2199 1797,2198 1843,2195 1890,2193 1936,2192 1983,2190 2029,2189 2076,2187"/>
                <TextEquiv>
                    <Unicode>unden im hus sy der ehehalb angret</Unicode>
                </TextEquiv>
            </TextLine>
            <TextLine id="r3l38" custom="readingOrder {index:37;}">
                <Coords points="1139,2264 1292,2316 1360,2279 1583,2308 1647,2270 2046,2259 2045,2232 1906,2239 1853,2210 1749,2243 1563,2221 1470,2250 1406,2224 1318,2257 1138,2203"/>
                <Baseline points="1145,2252 1189,2258 1234,2262 1279,2266 1324,2268 1368,2270 1413,2270 1458,2270 1503,2270 1547,2268 1592,2267 1637,2265 1682,2264 1726,2261 1771,2259 1816,2257 1861,2255 1905,2253 1950,2250 1995,2250 2040,2249"/>
                <TextEquiv>
                    <Unicode>unnd gfragt ob sy zun well, darüber</Unicode>
                </TextEquiv>
            </TextLine>
            <TextLine id="r3l39" custom="readingOrder {index:38;}">
                <Coords points="1150,2288 1157,2289 1159,2287 1173,2302 1180,2301 1183,2303 1185,2302 1188,2305 1194,2305 1196,2276 1189,2275 1184,2277 1178,2271 1173,2271 1168,2274 1166,2272 1164,2274 1151,2273"/>
                <Baseline points="1155,2301 1188,2303"/>
                <TextEquiv>
                    <Unicode>1.</Unicode>
                </TextEquiv>
            </TextLine>
            <TextLine id="r3l40" custom="readingOrder {index:39;}">
                <Coords points="1166,2336 1307,2361 1396,2342 1453,2368 1539,2344 1580,2372 1641,2336 1728,2363 1772,2331 2016,2330 2016,2291 1903,2306 1828,2272 1793,2304 1719,2284 1674,2312 1545,2286 1491,2321 1430,2286 1324,2288 1290,2319 1233,2285 1166,2300"/>
                <Baseline points="1172,2316 1213,2321 1255,2325 1297,2328 1339,2331 1381,2331 1423,2333 1465,2333 1507,2333 1549,2331 1591,2331 1632,2330 1674,2328 1716,2327 1758,2324 1800,2322 1842,2322 1884,2321 1926,2319 1968,2319 2010,2319"/>
                <TextEquiv>
                    <Unicode>im zubscheyd geben, Ja wann es</Unicode>
                </TextEquiv>
            </TextLine>
            <TextLine id="r3l41" custom="readingOrder {index:40;} person {offset:0; length:12;}">
                <Coords points="1151,2401 1199,2381 1501,2429 1659,2382 1741,2409 1862,2382 2054,2393 2040,2342 1377,2378 1150,2346"/>
                <Baseline points="1157,2372 1201,2377 1246,2382 1290,2385 1335,2387 1379,2388 1424,2390 1468,2390 1513,2388 1557,2388 1602,2387 1647,2385 1691,2384 1736,2382 1780,2380 1825,2378 1869,2376 1914,2375 1958,2375 2003,2373 2048,2375"/>
                <TextEquiv>
                    <Unicode>Hanns Müller ihrem schwäger, auch</Unicode>
                </TextEquiv>
            </TextLine>
            <TextLine id="r3l42" custom="readingOrder {index:41;}">
                <Coords points="1151,2459 1284,2490 1329,2455 1458,2488 1514,2458 1798,2452 1914,2490 1958,2454 2020,2484 2091,2456 2090,2396 2057,2386 1893,2409 1862,2382 1783,2427 1638,2392 1437,2432 1349,2396 1151,2402"/>
                <Baseline points="1157,2429 1203,2435 1249,2441 1296,2444 1342,2447 1389,2449 1435,2450 1481,2450 1528,2450 1574,2448 1621,2448 1667,2446 1713,2444 1760,2441 1806,2439 1853,2438 1899,2436 1945,2435 1992,2435 2038,2435 2085,2435"/>
                <TextEquiv>
                    <Unicode>gfellig sey, nach werts alls ein sperson so sich</Unicode>
                </TextEquiv>
            </TextLine>
            <TextLine id="r3l43" custom="readingOrder {index:42;} person {offset:0; length:6;}">
                <Coords points="1164,2507 1206,2536 1244,2505 1508,2527 1566,2562 1639,2524 1752,2545 1845,2513 1883,2551 1938,2514 2084,2524 2084,2489 2004,2473 1698,2496 1506,2464 1378,2499 1329,2455 1282,2491 1164,2480"/>
                <Baseline points="1170,2489 1215,2497 1260,2504 1306,2510 1351,2513 1397,2516 1442,2517 1487,2519 1533,2519 1578,2519 1624,2517 1669,2516 1714,2514 1760,2512 1805,2511 1851,2509 1896,2507 1941,2505 1987,2505 2032,2505 2078,2505"/>
                <TextEquiv>
                    <Unicode>Schmid nambse, sy der ach angesprochen,</Unicode>
                </TextEquiv>
            </TextLine>
            <TextLine id="r3l44" custom="readingOrder {index:43;}">
                <Coords points="1167,2571 1424,2626 1532,2591 1804,2586 1882,2616 1934,2580 2115,2580 2115,2531 2043,2523 1831,2564 1698,2522 1647,2570 1537,2572 1472,2532 1303,2548 1247,2505 1207,2537 1167,2510"/>
                <Baseline points="1173,2546 1219,2555 1266,2563 1313,2570 1360,2574 1407,2579 1453,2582 1500,2583 1547,2585 1594,2585 1641,2585 1687,2583 1734,2581 1781,2580 1828,2578 1875,2576 1921,2574 1968,2572 2015,2570 2062,2568 2109,2568"/>
                <TextEquiv>
                    <Unicode>uund erh sy gscheyden worden, imnerwüber</Unicode>
                </TextEquiv>
            </TextLine>
            <TextLine id="r3l45" custom="readingOrder {index:44;}">
                <Coords points="1147,2656 1204,2669 1242,2634 1539,2676 1737,2653 1792,2692 1866,2648 1930,2674 2068,2648 2069,2610 2030,2578 1988,2606 1945,2583 1888,2624 1816,2593 1762,2623 1704,2597 1416,2630 1386,2599 1347,2623 1298,2577 1149,2576"/>
                <Baseline points="1155,2601 1200,2611 1245,2620 1291,2628 1336,2634 1382,2638 1427,2642 1472,2645 1518,2646 1563,2646 1609,2646 1654,2646 1699,2646 1745,2645 1790,2643 1836,2642 1881,2640 1926,2639 1972,2639 2017,2639 2063,2639"/>
                <TextEquiv>
                    <Unicode>gfragt, ob er auch etwas ansprachs an</Unicode>
                </TextEquiv>
            </TextLine>
            <TextLine id="r3l46" custom="readingOrder {index:45;}">
                <Coords points="1157,2696 1207,2680 1346,2723 1442,2703 1554,2739 1861,2707 2111,2730 2113,2651 1632,2695 1159,2650"/>
                <Baseline points="1164,2666 1211,2675 1258,2682 1305,2689 1352,2693 1399,2697 1446,2701 1493,2703 1540,2705 1587,2705 1635,2706 1682,2706 1729,2705 1776,2705 1823,2705 1870,2703 1917,2703 1964,2703 2011,2703 2058,2705 2106,2706"/>
                <TextEquiv>
                    <Unicode>sy hab, habe er im nem geantwortet</Unicode>
                </TextEquiv>
            </TextLine>
            <TextLine id="r3l47" custom="readingOrder {index:46;}">
                <Coords points="1147,2753 1598,2759 1693,2794 1988,2760 2055,2783 2047,2716 1902,2738 1862,2707 1810,2742 1712,2716 1650,2748 1489,2711 1362,2741 1219,2685 1149,2700"/>
                <Baseline points="1154,2724 1198,2732 1243,2738 1288,2745 1333,2748 1377,2753 1422,2756 1467,2758 1512,2760 1556,2762 1601,2763 1646,2763 1691,2763 1735,2763 1780,2762 1825,2762 1870,2760 1914,2759 1959,2757 2004,2757 2049,2756"/>
                <TextEquiv>
                    <Unicode>unnd wie er uber ein zyih, darnach</Unicode>
                </TextEquiv>
            </TextLine>
            <TextLine id="r3l48" custom="readingOrder {index:47;}">
                <Coords points="1169,2799 1542,2844 1628,2822 1696,2864 1779,2820 2120,2823 2101,2757 2045,2788 1988,2760 1940,2792 1894,2765 1748,2802 1598,2771 1546,2803 1492,2769 1441,2793 1271,2749 1243,2773 1170,2727"/>
                <Baseline points="1175,2784 1224,2793 1273,2800 1323,2805 1372,2811 1422,2814 1471,2817 1520,2819 1570,2820 1619,2820 1669,2819 1718,2819 1768,2817 1817,2816 1866,2814 1916,2811 1965,2810 2015,2808 2064,2806 2114,2804"/>
                <TextEquiv>
                    <Unicode>sich der worten, so obgemelte tochterzu</Unicode>
                </TextEquiv>
            </TextLine>
            <TextLine id="r3l49" custom="readingOrder {index:48;}">
                <Coords points="1144,2890 1311,2872 1537,2919 1580,2888 1654,2922 1729,2884 1862,2907 1909,2877 2027,2882 2028,2837 1936,2855 1853,2825 1774,2857 1741,2829 1696,2862 1491,2824 1372,2848 1146,2795"/>
                <Baseline points="1151,2835 1194,2845 1238,2853 1281,2859 1325,2865 1368,2870 1412,2873 1455,2875 1499,2877 1542,2878 1586,2879 1629,2879 1673,2877 1716,2877 1760,2876 1803,2874 1847,2873 1890,2871 1934,2870 1977,2868 2021,2868"/>
                <TextEquiv>
                    <Unicode>imme welle gret erzunert</Unicode>
                </TextEquiv>
            </TextLine>
            <TextEquiv>
                <Unicode>30
Rodel berufft habe er doch wedergelt noch
dem rodel fürbringen mögen zumaßen er
vber zweig jahr zu Zoffingen rechtigenn
mußen vnnd etlich erwißen, das er die
300flb hinein mechter seltigen ubergeben
glegt, darumb er ein theyll empfangen den
anderen aber nit unnd damit er disem
gschafft abwarten mögen, habe er
sich zu einem meister verdinget, ihme
wuchentlich, ein halben francken geben
unnd mithin wan er derwyl ghept
zue bachen, helffen, das sye die Vrsach
das er sich solang zu Zofftngen erhalten
onsten habe er endtzwuschen auch ge¬
werchet unnd lehtlich uberfunff wuchen
Schnyden, unnd mayen helffen, sye aber
hernach kranckt worden unnd zum Rappen
Inzoffnngen sich erhalten, vntzit erwider¬
umb zu siner gfundtheyt kommen, was
gelts er inn disem gschafft verbrucht
habe er mit dienen vnnd Abeyden
erhoandt,
Was zum anderen die Chransprach so er
an Christma Sutermeisterin, ungepur¬
ender unverschampter wyß aalls die¬
selb schon einer sonderbaren Pterson
versprochen gsin, darumb ein Ehetag
ghalten unnd der hochzytlichtag an¬
gesteldt worden, gethan, betrifft, ver¬
gericht er Allso, wie das er vff der
Eselschafft zum Schutzen zu Hoffingen,
einen trunck gethan, mit etlichen personen
welche Inn mit berurter tochter ge¬
feviert, vnnd Alls die sonnderbarer
gschafften halb auch dahin kommen, habe er
unden im hus sy der ehehalb angret
unnd gfragt ob sy zun well, darüber
1.
im zubscheyd geben, Ja wann es
Hanns Müller ihrem schwäger, auch
gfellig sey, nach werts alls ein sperson so sich
Schmid nambse, sy der ach angesprochen,
uund erh sy gscheyden worden, imnerwüber
gfragt, ob er auch etwas ansprachs an
sy hab, habe er im nem geantwortet
unnd wie er uber ein zyih, darnach
sich der worten, so obgemelte tochterzu
imme welle gret erzunert</Unicode>
            </TextEquiv>
        </TextRegion>
    </Page>
</PcGts>
