4000 3000
213 110 1083 325 worden, Inn welicher handlung vilgemelten
267 179 1058 355 Sper syn gekandtnuß geendret vnnd
262 233 1043 405 die Inn mehren theills ponueten wider,
271 299 1045 465 rufft, also das er uben syner umbestndi
238 346 1058 527 keit wegen nochmalen an die Martter
243 440 1049 587 geschlagen vnnd vber das ein vnd ander
269 488 1036 642 bergeuor bekendt wylder befragt
225 537 1044 698 worden. Der hattendtlich in gyn unnd
256 617 1053 766 anhoren, der Ehrenuesten fromen fürmen
206 691 1048 829 Fursichtigen wyßen herren, Dand Amann
224 740 1065 885 deß kleinen Rhats Schadtschwbers zue Eig
237 822 1072 961 der Burgeren Niclans Brochers Großweibe
243 871 1047 1015 Auchettlicher Weiblen myner g Gend
217 950 1042 1067 Doren dieneren zu Marzili e khind und
238 1004 1051 1115 verzorgen . such diß zeichen da statt
212 1071 1052 1152 Ailles das so er hienar ist die entlichebe
242 1106 512 1173 Kanndtmns
219 1122 1056 1256 Irstlichen wie das er der hinderschlachung von¬
218 1213 1059 1312 Gemeltten Ime Im Nachtmal deß Herren
224 1263 1069 1360 dorgereichten heiligen Gotts zwehr gesendig,
245 1314 1028 1401 er könne aber syn Mutter, deßen nitt be¬
233 1373 1065 1482 schuldigen sonderen den boßen Geist, so sidt einem
224 1438 1050 1539 halben far imme leides mechtig zugesetzt
216 1504 1050 1585 Dan alls er jungsteerschinen wienacht abend
227 1559 1050 1657 In Cheni Beemans synes vogts huß, dare
222 1618 1038 1719 troshen znacht gäßen darnach flyisch uff¬
234 1678 1047 1776 eenken helffen, vnnd alls es shon sy zweyen
228 1739 1029 1842 stunden nacht gsen, heim wellen vnnd für
208 1797 1029 1908 das huß khomen, habe ihm ein Wybspersen
222 1865 1034 1969 zuer Mutter, Inn Keeden, vnd sonsten glych
203 1930 1034 2031 gmochen, wan er mandts zu deß Herren
203 1997 1041 2099 tisch gang, solle er das broth nit äßen, sondern
218 2057 1038 2164 guntragen, Vff wolches er, vermeinenden der
237 2122 317 2160 1
194 2119 1035 2221 syesyn multzer vordanen und sy im nach
198 2184 1028 2292 Ins dasguß gangen, Alls er aber in die
154 2233 1033 2358 Stiben khmsen, habe er die Müttzer by Bendist
180 2314 1007 2400 Lerman einem schnyder, welcher sy synes
197 2358 1021 2487 erachtens, beschlaffen sitzen funden, sohme sol
182 2430 1047 2547 abendts das heil geachtunl zuempfachen
182 2476 1022 2611 nützit gedacht, sonderen erst inbegenß, mit
178 2534 1042 2673 büelch, wyl daß das er sy mahl ye sölle eh
1182 110 2055 298 wie anderlüth, Sittenmal aber sy von äßen
1194 185 2070 348 des gotts nichts geredt, habe sie das vfrigem
1197 252 2037 396 gulchnach underschlachen und heimtragen
1179 313 2025 461 willen sonsten m�ße er bekhennen, sidt er des
1155 373 1947 520 wylige Abendtmal genoßen, das er zn
1175 440 2028 580 Goltsforcht zugenomen, vnnd das der byße geist
1186 505 1701 648 gure nit wytters begagnet
1142 671 2000 814 Hiemit bekhenneer auh geych wie zuuor¬
1172 752 2032 846 allsverschinen somers syn mutter unnd er
1154 803 2009 896 von Sollothurn widrumb hern wollen, das
1146 860 2048 960 Imme zu Neünigkou by dem wyer zwüschen
1158 915 2042 1022 tag unnd nacht, alls syn mutter sich hinßer
1176 973 2016 1069 einer Eych, mit gunst zmelden, wenig ge¬
1179 1038 2028 1133 embt ein lenger Man, In Eostlicher grmer
1164 1108 2008 1201 kleidung, mit einem hochen gutt, darinen
1176 1175 1986 1274 trein genne vnnd wyße beischen saderen
1164 1242 1974 1338 ggept, welcher ouch ein geschlagen weer
1164 1305 2008 1409 antragen, Inmaßen er verhemt, das sye
1161 1359 1977 1472 iin Edelman, begegnet, Welcher Inse
1175 1426 1998 1521 efragt, wehin er woll unnd wie bald er
1164 1499 2065 1616 gesprochen, heim wills gott sye er verschwenden
1150 1552 1960 1660 Innaßen synes erachtens syn Mutter
1154 1608 1998 1731 bglychwof sy imme angesitz nachgangen
1143 1677 1484 1771 Im mt gehacten,
1525 1792 1565 1877 11
1140 1764 1982 1943 Blycg darnach, als syn Mutter vnder ein
1154 1888 2011 1997 Ire Basen. In einem dorff anet der Karen
1142 1925 2032 2070 Io Haag genampt, besucht vnnd ihn heungen
1126 1998 2020 2139 yheitterem Monschyn Jhier gan Conpingen
1147 2048 1981 2205 zum landtstul khomen. hab syn mutther sieh
1148 2133 2038 2294 abermalen hinder den Zum neben einer Stapfen
1140 2184 2022 2373 vber die er gestigen, ouch forttgangen, gunst
1135 2226 2028 2427 gemelden gesambt, in dem haber vill köstlichr
1132 2314 2035 2489 liten, die er nit kandt ersachen, welche dantzet
1122 2366 2031 2553 vnnd frölich gsin, Ob nun syn mutter zu denselben
1137 2444 2012 2638 gingen w�ße ernt eigendtlich, aber alls er
1140 2464 2013 2689 Zunlangenstäg khommen, sye der vorgemelttte
1140 2550 2019 2755 man Inn glycher Kleidung. Ime abermalen
1134 2625 2000 2830 mitglychem anreeden, wie zuuor begegnet
2067 18 2157 90 109
