4000 3000
182 23 1082 158 wieed umb das schwynli stande gag
181 90 990 165 derselbig ime geantwortet es
195 127 1011 205 verstorben, da aber er gezug hin
1011 137 1073 189 sn
214 161 1073 245 geyeh darnach eines tags uf den sy
161 199 1093 298 Vychmärit alhie komen und daselbsten
211 243 1033 310 in schwynli, welches ein frouw
224 268 1071 370 alda feill gehalten, funden, daßselb
213 318 1072 394 für das synig angesprochen und die
215 347 981 440 frauw befragt, wo sy mit dem
196 393 1084 479 Schwyn Harkdme, welche geantwort
183 426 1069 514 Wie das sy es von Peter Geri umb
195 468 1020 558 hier und dryssig battzen erkout
202 500 1052 614 habe, darüber sich wykers begeben
204 553 998 634 als er gezing dem Geri sölliches
211 584 1018 665 eines mals dan der trützgaßsen
203 636 1071 718 alhie vorgehalten, habe derselbig un
208 682 1013 757 darfür zihen batzen geben unnd
168 719 417 806 usgetricht
244 791 1054 899 enrdicht Rorer aman zu Hab¬
211 850 1026 948 schetttens züget, als er pss benelch
204 888 1064 986 neines 2h suldgeisten mannels
203 928 1023 1013 gesgen Peter Geri uomit eines g wih
163 972 1050 1037 ieswegen zwey botte, oder vbett
196 1008 1055 1085 verrichtet, sye doch derselbig desand
191 1048 1067 1138 Vngeacht, vnd one der Gemeindt bewie¬
181 1097 1002 1181 eligung darmit mit Sestoweniger
214 1126 1035 1203 fürgefaren, unnd doman Iemw
179 1166 1053 1253 Ier ursachen deßen befragt, habe er
215 1210 1050 1279 geantwortet, die gemeindt habe es
184 1247 991 1333 imme bewilliget, welches aber nit
336 1304 397 1363 ye
169 1313 304 1370 D
183 1349 1030 1475 Shrllir Fruttig vnnd Rudolff
301 1414 1075 1492 häbterl, vonn Amichenbuchser
213 1468 1059 1547 habenßt ziget, als sy nechermalen
223 1504 1044 1579 am gemeinen werck alhie Steinen
208 1546 1062 1629 gefuet, sye Peter geri zu inen kome
908 1579 1025 1645 imme
194 1583 895 1654 wescher sy angesprochen, das sy
198 1622 1045 1697 zu workauffen sein Speuchmachenn
205 1670 1019 1731 helffenwollindt unnd ob glychwol
227 1703 1041 1768 ich deßen lang gewidriget, syendt s
194 1745 1047 1830 doch dfnneuff sin stättes anhhalten
215 1789 1051 1873 endtlichen su wsillen worden, als sy
200 1828 1044 1890 nun gan worlorffen komen, vnn
185 1868 1059 1939 dem jenigen blatz beschouwet hab
193 1906 1068 1981 Beei sich langentz ertzuent, vnd vnde
206 1951 1045 2012 anderem gerett, die seingen wellch
190 1984 1057 2067 imme die chachen verweert und verspeert
170 2037 1059 2099 habindtsue gehandlet, mit verheuer
197 2083 1045 2148 Vermelten, das alle die so damalen
182 2113 1039 2188 uff densselben blatz gsiin, iemme das syn
187 2148 1000 2232 ze schälen begärinnt und diewyl er
197 2196 1047 2274 solche wort mehrmaleen widerhallt
195 2235 1047 2310 habindt sy sich der sach allerdung nit
181 2283 1030 2359 unnd nit wyters darmit zetgin
185 2339 535 2402 haben wöllen
188 2367 359 2437 B
233 2397 1042 2478 Urstryf von Grex und Ulli Wyl
196 2455 1048 2534 woren wofrlauffen, zugent, weisze
985 2508 1052 2564 un
180 2494 978 2580 von Pheter geri unnd hinen sach
163 2551 1048 2622 anders mith, weder das dess essen
1097 1849 1166 1931 E
2154 18 2205 83 10
1235 53 2210 159 frauy geredt, er Beri habe siner eigenen
1245 108 2157 208 frouwen mit einem stacken, unn
1231 151 2185 234 träüpworten so langg und vil anget
1210 177 2238 283 halten, das sy imme enttlicher bekennen
1215 214 2142 327 vmüßen, sy habe (reverenter ze¬
1486 248 2209 321 gegüret, wannes glychwol
1244 278 1473 352 elßen
1228 299 1657 403 nigt wahr zhie
1235 372 2149 488 ListiKörer von Vorlauffen unnd
1233 421 2160 533 Anegdii Mariner von Esch zugent
1226 454 2207 569 es gabe nechermalen Isete geri huss
1219 499 2160 609 und blatz einem rüyels verkouffen
1216 555 2202 651 wöllen unnd demselben den h großzen
1217 590 2172 674 alhie zum werschfafftreg genambstet
1183 670 2189 784 Hans Gfelles uss der kilchöri Bollin
1184 726 2188 837 gatt Züger, es habe im verschinnen
1205 763 2186 859 Mertzens zwey jar sin sugen frauw
1204 810 2177 905 dem Peter Geri ein kilchenorffen,
1213 849 2147 937 tleit, welchen Geri Zum könwenn
1227 873 2200 964 alhie versetzt, inmaßen derselbig iim
1205 919 2071 1018 zugen stisshar nie widerumb sye
1201 976 1567 1053 Buwerden gsid
1211 1039 2188 1127 alza Steklerin von Rychenbach und
1210 1102 2108 1164 Agatga Zuuermannin ab der Landt
1210 1137 2196 1205 garben zügendt Peter geri sye einvaht
1180 1176 2126 1240 wnreiriger, gottloßer man, flunhe
1198 1202 2157 1279 und schwere gar offt und sehr ubel gange
1210 1244 2113 1306 ouch mit siner frouwen schandt, vnd
1200 1286 2181 1359 lasterlich umb als die ersin gezig gabe
1196 1327 2070 1388 das sy mit dra he zügin lyblichen
1219 1356 2123 1425 bruder und sun gemeinschafft habe
1218 1397 2176 1470 und gure, Item das er sy ouch zesagen,
1193 1439 2128 1502 vnd zebekennen Zwungen, das sy mit
1202 1475 2125 1539 einem von worlauffen Creuerenter
1181 1518 2149 1571 gure und söllche reden habindt sy beide
1187 1556 2160 1606 gebüginvon sin Geris frouwen selbs
1178 1596 1334 1666 gehört
1229 1641 2058 1739 airelhis gatt s siechenmeister
1206 1702 2186 1771 Zingnouwer Zuget, wie das der Zenigs
1210 1744 2195 1826 blatz, uf welchem das gue, so Geri ufgericht
1211 1780 2134 1851 statt sye freuor Jacob Haus einem
1210 1833 2178 1890 fründer im siechenhuß anstendig g'sin
1192 1869 2114 1921 welcher denselben den Germenrins
1160 1899 2170 1965 vierzeihen kronen, sampt einem Trutz
1178 1947 2136 2004 dieken verkoufft und schon albereit
1211 1984 2106 2045 sechs kronen, vnd acht Sechen batzenn
1171 2019 2187 2081 daran empfangen habe, umb das überig
1204 2070 2188 2116 aber geri ime nur nit ein gut wort
1191 2095 2174 2167 geben, vil weniger Inne bezalen wolle
1192 2147 2175 2257 Shvf Mittwuchen den 24. Mar 1612
1177 2221 2189 2283 ledig gelaßen und durch die profosen
1142 2216 2185 2339 gen Pfferdten an das gemeine wesck
1186 2283 1598 2376 gefüre worden.
1993 2351 2044 2430 1.
