4000 3000
123 69 958 216 ber nachgemelte antirue iu der
139 126 963 247 erbannen kuf alhie mir worten
159 144 1000 270 befragt worden, hatt er sich dierin
71 187 748 308 versprochen wie volgeen
133 284 978 448 smid ersctlühen, als man inne be
253 338 978 451 slagt, ob er nie verschinner tagen
186 375 976 503 uf fürgebung eines falt shen
176 432 234 490 1t
183 406 950 540 namnens unnd vatterhandts
167 452 980 581 under einen gongeman zu dienstn
173 480 969 623 versprochen, vnd von demselben
194 515 975 663 schen albereit melt oder en gafft
209 554 945 686 fenning empfangene hatt er
189 587 968 736 in beschlidt gesanen, wie das er für
177 627 969 763 das erste znnomen und benelch ser
167 677 978 809 dicht wengers sines bruders wei¬
186 722 988 856 halb, so by beufnenstein darbeim
210 755 1003 878 segchafft für denselben sinen bruder
219 792 979 904 von 8 gsauptman Sudsolpgen von
172 825 994 978 erlach biinst und deßeeg ouch lauff
169 864 986 1003 gelt erlanget, welcher sin bruder
190 901 965 1025 auch in zegt brieg buszüchenn
188 940 1000 1063 begart ghan, Alls aber derselbig dun
198 990 949 1113 bikgar verstendiget, das immme an
202 1030 1007 1136 einem schenckel etwas schadeni
194 1063 1019 1189 begegnet und widerfaren, dergstalten
196 1112 1003 1224 das ime unmüglich sinem ver¬
200 1144 994 1252 sprecgen nach dem gochptman den
219 1185 993 1291 zugesagten dienst zuhalten, habe
218 1233 999 1321 er sich bruder Ziue gebetten, vmb
202 1265 979 1362 erfaßung des diensts by dem h
210 1301 1014 1399 gonotman an zuhfalten dishalbe
197 1336 1027 1436 sich zu eherengedachtem h houptma
197 1384 1005 1481 verfügt, demselben sölliches ange
208 1412 974 1508 meldet, vnd den empfangeren
191 1458 1027 1554 haffffennig widerumb zugestelt,
227 1530 1027 1618 Das aber sin person antrifft, wyl
244 1574 993 1653 von gwitter inn vier zugenn
235 1611 1009 1703 edter handterem aber zwey Jar
197 1651 1027 1744 In predmont under h bersten am
206 1689 1019 1769 Ryn inn dienst gsin, habe er ver-
232 1723 1022 1810 ihmmer tagenn sich zu g hauptman
190 1780 1026 1850 vielaussen von diessbath in dien
199 1812 1021 1900 verpflichtet von demselben auch als
184 1846 1019 1943 bereit gelt daruf hin empfangen
83 1898 1001 1987 Welches er noch habe und begäre
226 1938 992 2009 in versprech zuhalten, das er aber
236 1966 1001 2042 enden fältschen namen vnd orts
215 2009 1019 2084 weder für sich selbs noch einei
208 2042 1029 2127 brudter aufgeben, wüßse er sich gantz
204 2094 1026 2182 In einich wag nie zuershineren
269 2186 1078 2293 eine als er befragt worden, obe
221 2261 1035 2341 nit ouch geredt, wann einer dan
211 2282 1047 2381 tüffel (gott beheitte uns darnot
217 2325 1048 2422 i brief schryben und schicken wöll
209 2389 1042 2487 sölle es dassselben dem hren gauptman
162 2430 1047 2539 schielausen von Müllenen geben
191 2480 1039 2566 geuersorgen, hat er geantwfortet
2038 10 2083 67 7
1101 33 2072 154 das er zwar sollihe wort geredt, darneber
1127 86 2013 183 aber vermelder, er sye seer truncken
1139 130 2063 223 unnd mit wyn belsaden ysin, sölliches
1118 168 2002 261 aber auch imme von gertz leist, bsiren
1119 202 1955 314 deswegen ein grege oberkeit und
1084 247 1972 351 vsonderlichen eherengemelten S.
1127 273 2042 379 truptman von Wlübemen als vo
1158 312 2075 401 um er anders nit als einem eheren
1132 359 2032 451 redlichen z halte, demselben auch einih
1160 390 2046 473 uss noch unwillen nit trage umb
1120 430 2055 515 as und vertryegung, sye auch sin
1138 464 2003 565 bitt im fal ihr gnaden siner person
1136 499 2000 597 und verhaltens einichen argworn
1125 547 2036 635 faßen möchte, das dero belieben wolle
1134 582 2085 685 iin irigen zu Fruttingen, sonderlich
1136 623 2008 716 aber Heinrich Hälen, sy wellchem
1150 664 1963 749 wie ouch anderen Im Landt, er sich
1162 707 2006 790 ampt sinen wys, in übung sines
1148 739 2024 847 erlerneten harnister handtwareks
1158 782 2091 872 ein zytglang pufgehalten, zu geschryben
1160 831 2051 916 unnd an föllchenenden, was sin thun
1168 863 2067 958 und lasßen und wie er sich faldaßver
1158 900 1965 995 galten erkundigen zeflaßen
1919 979 2051 1022 da
1070 968 1156 1045 E
1128 976 2049 1074 Dach dem sambstag den 28 Jann 1617
1162 1040 1992 1126 dissere sin beksandtnußs für mi
1224 1077 2085 1165 komen und dieselben vorerzelte
1154 1120 1201 1179 8.
1117 1112 2036 1224 wort dergstalten uffgeheft, das sy woler
1126 1155 2073 1248 nandter s gouptman von Wüllenen
1155 1192 2024 1274 an siineer guten Eheren, kamen
1146 1228 2112 1316 Tumbden vnnd reputation in allewegn
1140 1280 2027 1356 unnächtgillig syn sollend und dannen
1148 1306 2015 1388 der 8 wybers tan die sach nit gesetzt
1137 1349 2060 1437 Ist er pfyffer uff ein handtgegebnng lübt
1145 1389 2040 1481 gegen dem h. großen gethane bestätig.
1138 1429 2006 1518 ung ebstehender vergicht und abtragen
1152 1468 1960 1543 eostens, neben einer Censur collem
1150 1512 1731 1603 ledig gelaßen worden
1488 1610 1921 1740 a Gpon
1461 1715 1863 1790 von Meyenrpedt
2029 1747 2065 1793 e
1128 1772 2058 1892 Mo vff Dortaa don 5. Julii 1617
1156 1835 2103 1937 Sara Byon vfan Uleyenried sunsten
1174 1898 2062 1968 gustsgehlich geseßsenn zu Buren dursch
1181 1930 2045 2021 B Burckgarsof Fischern Großweybel
1169 1973 2117 2056 Inn der Maeienkel alhie vber nachge¬
1169 2012 2108 2079 melte artiene mit ericsctgafften worten
1171 2038 2082 2128 befragt worden, hatt dieselbige bekendt
1233 2111 1455 2175 nie volget
1134 2177 2114 2272 Erstlich als man sy der ursachen derenweg
1216 2201 2118 2306 sy und Susanna Tschaenperli inn
1183 2251 2136 2345 recchtsfertignung gegen einanderen gerathen
1184 2286 2111 2381 befragt, gatt sy geanftwortet, das solches
1168 2338 2091 2426 daßar gefloßen das gemelte Suhanna
1170 2378 2098 2457 von ire usgoßen unnd geredt sy gabe
1174 2411 2056 2527 fra etwas getrincken geben, darab sy
