3024 4032
574 252 1371 476 mög er nitt wüssen, wo sy yetz
571 374 1379 592 wonind unnd sich uffenthaltind
567 441 1362 686 Denne von wägen, das er
607 603 1388 786 nitt an gehaltner landtsgmeind
609 675 1392 872 erschinen, ist sin bschydt
591 776 1405 978 diewyl, er sich vor nacher, unser
622 878 1387 1062 gmeindt, entzogen, habe er
631 971 1358 1127 ouch nitt an die landts-
625 1084 1410 1248 gmeind gwöllen, unnd als
628 1172 1211 1292 daheimen bliben.
597 1325 1391 1491 der lereren halb, spricht er,
620 1441 1370 1580 das nach Welti Gerbers
647 1531 1384 1667 tod, Nicli Zedo geleert
645 1641 1373 1775 hab, sunst wüsse er von
635 1714 1309 1877 kheinem leerer nütt.
638 1901 1419 2059 unnd als man imme letstlich
642 2024 1416 2163 ernstlich fürghalten, ob er doch
649 2103 1353 2246 nütt sin wäsen widerruoffen,
651 2184 1416 2326 unnd miner gn herrn, refor-
642 2276 1431 2394 mation, ordnungen unnd satz-
642 2353 1426 2511 nugen, gehorsamen, unnd als
637 2450 1394 2598 als ein getrüwer underthan
629 2529 1413 2718 sich dero underwerffen, unnd
632 2616 1449 2777 der darumb gemachter ordnung
636 2711 1446 2899 geläben wolle. Also hatt
650 2826 1396 2981 er sich desselbigen endtlich
649 2902 1467 3078 entschlossen, unnd vergenampten
627 2984 1445 3165 herren zuogesagt, doch allein
651 3090 1450 3234 mitt pitt, man wölle, von im
656 3171 1434 3336 unnd siner frouwen, khein
665 3252 1452 3407 nüwen kilchgang erforderen,
660 3333 1468 3498 damitt im nachwertz niemanders
665 3404 1420 3564 das er sydthar huory wys, by
656 3485 1462 3664 ira gsässen, uffrupfen khönne
2293 226 2396 305 154
1497 288 2440 469 uff fritag den 22. winmo-
1489 333 2419 536 nats im1568 iar in by-
1474 435 2411 607 wäsen h. Caspar Wyßhauen
1462 504 2430 694 deß rhatts, Stoffel Lehman
1475 555 2466 779 der burgeren Gallus Galdi groß-
1459 687 2158 904 Ist in der mannenkeffi
1674 769 2376 949 Niclaus Rüsser der
1786 920 2016 1023 iünger
1431 909 2485 1118 Ermandt worden, sittmal er sich
1455 993 2462 1225 begäben hab, von der widertuef-
1462 1078 2481 1304 ferischen, irthumben und absonde-
1469 1159 2378 1380 rung zelassen, und hinfür
1466 1215 2456 1438 die gehorsame gegen gott vorab
1479 1274 2498 1504 und m. g. herren mitt ordenlichen
1466 1367 2432 1596 kilchgang und mitt ufferhabenen
1479 1476 2422 1651 eydt zuobezügen, so solle er
1493 1522 2474 1720 nun guottwillig sich nitt beschwä-
1483 1604 2435 1772 ren m. h. zuogegen anzeigen
1481 1694 2454 1843 wo die zwen menner Niclaus
1480 1750 2494 1897 Zedo, und welsch Petter von der
1487 1825 2401 1979 Nüwenstadt yetzmal In zuo
1527 1897 2508 2077 gang habindt, dan man eigenlich
1489 1970 2461 2123 bericht das die zwen noch im
1506 2059 2129 2181 land umschweiffen,
1516 2110 2503 2268 gipt den bescheid wo ime etwas
1503 2182 2526 2299 vom genanten zweyen zuo wüssen
1506 2247 2526 2367 wer weltte er m.g. h. nitt verhal-
1535 2312 2475 2440 ten, dan er in sidt einem iar
1524 2376 2473 2514 har si nie gesächen, sidt der
1527 2442 2506 2566 zytt, das er ven Nickli Zedo
1558 2495 2515 2636 vern im schnider am Leberberg
1552 2583 2412 2700 in Solohtur piett, deßglichen
1557 2635 2526 2764 deß vorigen iars umb san Jo-
1565 2713 2523 2838 hans tag den Petter herzogen
1556 2767 2530 2877 von der nüwenstatt enet dem
1546 2832 2522 2948 Wyssenstein im birg gesachen
1567 2901 2451 3012 hab und bi ine gwäsen,
1546 2973 2403 3090 Denna so erbüttet er sich
1572 3036 2514 3161 nach minen g. herren ordndung
1586 3105 2533 3219 mitt sinen fruowen den kilch-
1578 3167 2541 3297 gang ir gehaltene Ehe mitt
1571 3218 2522 3344 offnen kilchgang ze bezügen,
1585 3300 2505 3434 Ist begrundet uff das er sollichs
1615 3379 2561 3492 zuo erstatten, zuo Steffisburg
1615 3444 2570 3576 mitt sinn fruowen fur die gmeindt
1615 3496 2509 3635 gstellet den kilchgang erst
1607 3570 1957 3676 bezügen
