3024 4032
398 236 1322 392 Gas weder s nach ander ven
418 306 1326 474 ein spicher uffbrochen labendt
415 370 1245 528 dan er bi solchem nie gsie
413 450 1322 627 Dig zwen stier so er vor ein
419 537 1309 691 monadt zu Burtolff ver
419 625 1328 771 lafft, habe ime der schwarz
426 711 1336 822 mann alhie vorm obern vor
425 761 1332 890 geben, den sigind nich die her
419 840 1247 952 andern mitt Ime gangen
471 908 1350 1025 sonst wüsse er nitt wo ers gne
437 968 1331 1099 habe konne mitt anderst sagen
403 1052 1315 1175 Oerglichen habe er vern au
459 1116 1355 1259 zu Buntolff weiy rindeli uns
439 1200 1077 1339 e kione verkufft
472 1286 1361 1417 von den vi kromē so er recht
473 1352 1348 1512 zu Burtolff emppfangen hab
477 1408 1305 1557 zum theil ancken vnd solt
472 1483 1356 1623 tufft siner fruwe gen Richi¬
494 1540 1368 1684 gen bracht Aber den mehrer
461 1605 1299 1771 heil hab er noch bi ime im
512 1673 1375 1819 verel tragen als man Im
479 1741 1338 1911 brhendigt hatt wüss aber
494 1807 1361 1954 nitt wo die so in gefangen
482 1873 1367 2016 mitt dem seckel hin khen
491 1989 744 2126 sigindt
2155 191 2328 326 149
1439 327 2400 565 uff Montag den 18. tag, oct..
1441 448 2349 663 In gägenwürtigkheytt herr Johans
1440 558 2344 758 Erdmingers, des predicanten, herr
1467 651 2309 827 German Gersthen, des rhats,
1479 762 2405 935 Gallus Galdis Großweybells etc.
1640 906 2362 1104 Cattrin Rettenmunndt
1486 1160 2373 1350 Ist inn der Insell Cattrin
1478 1301 2363 1431 Rettenmund von Trachsellwald
1526 1391 2407 1537 pürtig, Niclaus Rüssers, des
1513 1478 2449 1631 jungen, inn der kilcheri Steffis-
1529 1593 2400 1737 burg, erliche hußfrouw, irer
1533 1681 2414 1842 widertöufferischen irthumben zuo-
1547 1795 2456 1953 berichten ferüntlicher wyss, ersucht
1561 1923 1755 2002 worden.
1543 2009 2457 2169 Zeygtt an, nach dem ir vatter
1559 2113 2445 2273 ira zu frue abgangen, hab sy
1568 2234 2475 2347 in ir jugendt dienen, unnd
1590 2328 2463 2462 sich inn der frömbdi hin und
1589 2416 2501 2555 har beseffer muessen, unnd uß
1605 2502 2481 2649 thorhaffter uugenn, ettwan by
1595 2620 2523 2766 ira zuoheyen gsin das wäsen
1607 2736 2517 2870 sy intt hab kkönnen lassen, wie-
1613 2810 2537 2982 wol sy zuo kilchen gangen biß,
1602 2925 2532 3079 das sy zur Thöufferen gmeind
1615 3029 2485 3171 khommen, hab sy an ira er-
1612 3126 2533 3271 funden das sy sollichem kheündts
1617 3221 2502 3348 abstan und mit meer glusten
1614 3316 2513 3456 len, daruß sy abgenommen
