3024 4032
91 471 200 560 142
442 566 1326 755 gar nichts geschaffet damallen
405 652 1335 813 habe s iu auch meinend getreüwt
443 723 1302 883 s welle es sagen wie vo sy eingläss
431 786 568 876 haben
660 822 1225 961 y lährer Marter
434 901 1360 1061 hat dise urein hoffer neben großem
436 972 1337 1111 gesihren unnd erzeistem mercklichen
454 1038 1325 1177 schmeetzer zum offtegen mahl Ja
455 1112 1346 1238 geben doch jederwylen zugesetzt daß
441 1171 1355 1308 sy gotttreüwlich behüte sy habe meh.
449 1255 1370 1382 wers al� si schonshietar bekent nit begen.
452 1315 1338 1442 gen. Item ihr man seye tühler als
461 1381 1345 1501 s, er habe sy in diß ungluck gebracht
464 1445 1345 1556 sydt der action so sn schon bekent habe
452 1516 1329 1648 ihr vatter nichts zett ihra zethunge
452 1583 1336 1706 habt er seynem eiwygiger man hette
462 1655 1320 1762 sy sonst nit begehrt schwangen.
450 1724 1327 1853 habe ihn einest gheißen betten, da
460 1802 1371 1928 auff er ihra g antmortet, es seye doch
458 1869 876 1984 alleß vergebens.
1265 1919 1360 2002 1
595 1962 1382 2077 bey ansenckenn deß 25. vb sen
479 2031 1345 2167 Hat sy anders nit bezüget, alß mas
473 2113 1366 2228 bin lahrer marter geschechen undt zuge
462 2185 1359 2301 sitzt, da� sy mehrers nit wüße zesagen
462 2249 1365 2379 sy theye ihra aanselbs groblich unrecht.
455 2523 1362 2680 Den 3ten martii 1627. ist nach ihr
464 2621 1395 2749 ge befelch durch herren voggt vor Lnrgen
471 2701 1332 2826 auch gewahrsamlich alher verschickt
470 2773 1374 2889 worden abanzognen Niggli Maritzen
476 2842 1347 2959 nachelteste tochter Nama anni ein
470 2909 1385 3016 noch ledig mertsch oletrod by 30 jahren
481 2970 1357 3093 seines alters unnd darneben seiner
466 3034 1364 3160 statur geburden vermunfft vndt ge¬
483 3103 1372 3218 sens halber ein unlangbars undt glyt
473 3167 1383 3286 sam abgetaucktes müster deß alten
479 3237 1392 3339 vatters, welliches dan auch, nach demes
455 3306 1401 3427 nochselbigen tags, dars mit einem schryben
1224 3402 1348 3475 von
2608 378 2703 474 143
1692 519 2721 725 von laupen angelauget obwollermel¬
1709 594 2687 780 ten exammatoren undt herrn gaß
1711 663 2682 841 weibel welladung u underschidhihe
1713 733 2699 898 gethane tragen mit glychem unbestendin
1706 809 2722 985 bescheidt ung reden begegnet wie abge
1721 874 2710 1025 sein alter vatter. Wyrer aber sorder
1722 942 2712 1135 sich so mahl ist seiner gebarden alß sonst
1720 1011 2658 1191 eorigen seinen contradictionen, luchtlich
1714 1073 2679 1267 alhenemen gewesen, daß diß me
1725 1169 2674 1310 noch sill minderverstand als d arte
1731 1213 2664 1387 atter vndt also für ein utgemacht
1729 1300 2692 1467 thörlin gehalten. Ist noch zum überfluh
1718 1387 2739 1539 dta von Lauppn alser beruffene Meyrr
1727 1455 2703 1617 Schorri sandest den 2. manneren so deß
1730 1528 2696 1697 herren vochts tyben alher bracht mündtlich
1736 1597 2735 1740 harmber vernommen und befragt worden.
1734 1668 2742 1834 ob diß volck jederwylen so beschaffen
1738 1759 2708 1903 gewesen, welche dan bezüget, daß
1731 1839 2715 1983 so lang sy sich unnßind zeerineren seye.
1732 1908 2741 2066 datte iie etwas einfaltig gehalten.
1740 1993 2727 2120 worden und könne er meyer schors nach
1762 2054 2693 2205 eine 2 gesten mn diser ankhar halb kein
1755 2139 2748 2273 anderen grund undt zmbstand geben alß
1759 2208 2766 2350 mas schon hieobenvermeldt sein siger
1756 2279 2760 2422 tochteren zu Mauß am wirthshauß
1925 2352 2743 2502 Daß eritli aber sesy her
1753 2380 1909 2489 geredt
1751 2439 2690 2583 gefuhrt seye von Jegend vuff so ein
1761 2511 2740 2662 thirli gewesen undt sydt etwas zythr
1751 2614 2702 2737 daher dem allmusen nachgezogen
1880 2917 2737 3082 volget ebigen Rieli Moritzen
1909 3023 2698 3171 sraciss, wie es an der Grut
1901 3100 2607 3243 gußen abgelesen worden
2487 3310 2802 3455 Obmahlen.
