3024 4032
438 519 1390 746 beshnders ze schaffen gehabt alß deßer vo
448 642 1371 804 erwas zyths ein gereuße suld vff Ihne
433 700 1383 890 den vormundten erkaufft, darumb er auch
431 765 1377 956 zimlich stoeng gegen ihme erfahren, als
424 861 1399 1016 deß er ihmme endtlich etwas siches zahung
427 925 1407 1093 uns dargeschlagen undt das noch mann leide
418 999 1390 1160 In parem gelt daruff hellen wellen al
437 1077 1377 1258 aber diser wye vom oberherren zu Kelpp
429 1151 1397 1306 würcklich geschezt, habe er selbigen bald eren
452 1242 1398 1376 bald nit nemmen mellen undt diß orths ke
449 1313 1394 1464 endtliche resolution faßten köneren. letst
443 1407 1400 1539 ergaugnrn montag seye er der thater nahe
430 1465 1387 1613 Keler zu seines schmacsters hauß kommen de
459 1545 1379 1687 en Stuchi ihmme gesagt er welle grad uff
442 1631 1391 1764 rubigen ambgewüße mit su von
461 1717 1394 1840 Merth von genzicken habende streitineit
443 1794 1404 1930 ze verglichen, seye auch mit ihmme gheller i
451 1866 1383 2000 orths keties wegs uneins worden, sonder
431 1948 1405 2063 habe er der vermundte sich dahin begeben und
455 2015 1411 2153 seye der thater noch selbigen abendts de diß
455 2104 1384 2248 angluck sich zu der nacht zugetragen ihmme
449 2187 1414 2322 alsbald nachkommen, alß sy sich nun beider
462 2266 1393 2403 neben ander luthen mehr im mirthshauß
447 2340 1393 2483 daselbsten uffgehalten undt doch gar nichts
470 2420 1385 2563 mit einanderen gewortet, seye er der heren
458 2507 1385 2627 wundte ohngfard by 10 uhren, da es selbige
462 2572 1409 2699 nacht trübmätter unnd finster Mar nitze
461 2656 1407 2793 hinanß gangen sein nothurfft ze trarnsten
453 2734 1396 2852 Wo er aber widerumb hinein wellen und
455 2813 1401 2948 zum tachtrauff kormmen seye der thuter en
465 2884 1392 3010 ihne geluffen ohn daß er gewüßt wer er
455 2957 1405 3103 seye darüffer stuck ihmme ein ohofygenge
460 3010 1415 3142 setzt und sy hernach ukommens an einaneren
458 3092 1405 3213 kommen zu boden gefallen unnd er der vea
460 3169 1392 3315 wundte oberhandt gewunnen, maßen deß
451 3243 1385 3372 der thaten so under ihmme gelegen, ihmme das
460 3306 1411 3455 mahls die 2 stich mit seinem meßer goben,
1268 3442 1383 3515 dor
2617 399 2726 506 113.
1670 517 2733 692 Da er deß einten lang nit gewahr worden.
1711 609 2704 750 den anderen aber so ihmme seine hosen ge-
1723 673 2722 825 loßt vill ehe gespürt unnd myten er gesechen
1697 758 2718 903 daß seine hosen ehegunder fallen habe ob nit
1710 818 2701 966 hineimn dörffen, sonder sich in allem flichen
1715 881 2671 1029 umb etwas bysyths begeben selbige weider
1721 947 2751 1118 rumb hinnff zemachen, da seye der thäter
1688 1040 2733 1212 ihmme nachgeloffen habe ihn umbein Hanß
1711 1107 2712 1270 herumb gefagt undt alß er ihmme nit mehr
1717 1185 2718 1336 entrinnen magen ihne gefaßet unnd zu
1721 1261 2713 1434 boden gefelt, seye auch mit den legenuff
1712 1337 2709 1478 Ihn komen daruff er der kerwundte ge
1736 1420 2706 1583 schrauwen, also daß der thäter ihne wide
1722 1497 2730 1652 aumb ledig gelaßen und geflohen er aber
1721 1580 2710 1717 der verwundte noch selbs widerumb in
1723 1643 2691 1798 die stuben hinein gangen, da habind die
1732 1726 2747 1860 luth so darinnen waren gesechen, daß er
1736 1784 2727 1943 verlezt undt deßwegen alßbald ein bett in
1726 1888 2757 2037 diemitte der stuben gerüßtet daruff sy ih
1736 1976 2763 2116 gelegt. ein vertelstund darnach seye der
1755 2035 2755 2176 thätte wider tuchen kommen und habe durch
1743 2119 2732 2267 die andere stuben durch wellen sich nrben
1757 2207 2742 2345 andere so da gewesen zesetzen, welche Ihn
1746 2285 2780 2411 alsobald diser verüibten ehat halber angeredt
1761 2359 2746 2473 unnd auch mürstlich anklagt, habe aber
1758 2437 2777 2576 frst gelaugnet, daß er ihmme disen schaden zu
2075 2495 2760 2653 Diß seye nun die gantze herr
1760 2522 1932 2654 gesugt.
1762 2590 2759 2738 gangenheit disers ungluckhafftigen zufahre
1762 2678 2748 2809 darvon er in der Marheit anders nichts
1763 2749 2796 2883 zelugen müße, mit diser nachferneren er
1779 2826 2804 2969 l�therung, daß war der thuter wie obstath
1773 2903 2821 3035 an ihne geluffen, ob er aber solches vorsetzlich
1774 2989 2792 3112 gethan könne er nit sagen, doch seye er der
1786 3066 2750 3187 vermundte nochmahlen bekandt, daß er
1772 3137 2822 3276 den thäter uff disem anlauff angeschlagen
1787 3222 1934 3315 haben
2596 3323 2775 3464 Alß
