3024 4032
81 432 207 530 162
351 529 1402 769 die obere gefangenschafft geführt, sind selbig
376 616 1390 829 uß hoch oberkeitlichem befelch den 45en julii 16
377 687 1331 865 durch hrr großweibel und grichtscheyber
401 753 1382 928 ernstlich darüber examiniert und alle
395 825 1375 985 erst die dienstmagt alß ein junges meite
389 883 1379 1057 von Olegfrad 140 15 jahren namers rosie
407 954 1389 1129 säld uistem schwaben land gepurtig, darumt
407 1025 1392 1193 synden genommen worden, welches zwag
398 1102 1371 1254 anfanns sich der ihme von seinem meister
407 1164 1361 1316 unnd frauwen diß orths gegebnen under
410 1239 1365 1388 wysung mächtig behelffen wollen endt
419 1313 1351 1459 lihen aber uff villfahtiges zusprechen
422 1398 1358 1535 und darby gegebner versicherung daß
416 1460 1372 1602 es sich wneder seines meisters noch seiner
437 1529 1399 1649 frauwen gethanen betreüwungen keiner
432 1612 1360 1728 Wegs ze befahren habe mit votzender be
428 1666 1096 1795 kandtnuß herfür komen.
385 1750 1396 1884 daß namlichen es das meitli alßeie meis
437 1840 1371 1960 i deßen muter sich anein undt villen
441 1904 1393 2018 pinden stladenen mann gschenckt endtlich
431 1969 1377 2088 getrungn worden an einem frembdenorth
443 2041 1391 2163 sin nahrung ze suchen, wie es danzu dem
434 2105 1407 2227 endatn ersten dienst zu Herlingen genomn
439 2170 1385 2285 ein von dannen aber nach Sofflingen
457 2250 1400 2341 kommen, allwo es vor ohngferd 3 mpnaten
443 2326 1392 2445 vom jetzigen seinem meister und frer
449 2403 1364 2521 ben allerhandt guten versprechungen
458 2461 1402 2594 in specil aber 6 g lid lohns e halb jahr
461 2548 1413 2655 oder das erste hiertel jahr vn 1 alered
452 2611 1363 2730 ein par schulwelches ihme den angeg
461 2684 1416 2809 nimmer sein werden uffgedinget worden.
451 2762 1389 2897 an disem orth so nechst by klin gelegen habe
468 2826 1396 2971 es schon gesechen, daß diser sein m unds
437 2914 1390 3048 der büchenen oder attrstationen gehabt und
468 2987 1419 3128 sich darmit erhalten gebind auch gedeüte
473 3070 1395 3201 attestationen (deren der mann und die
470 3155 1425 3273 Er jegklich ein sonderbare habe) zu daß
479 3214 1377 3344 sytientribne vore adel uß der pfaltz by
470 3286 1445 3423 Ottenburg by Keysers luteren denenalle
472 3369 1335 3504 verbrent unnd verherget worden.
1289 3420 1419 3526 Mit
2601 362 2719 446 163.
1617 471 2622 708 Mit disen attertationen susen s von
1663 567 2679 772 Ulmvff St Gallen Schaffusen, Basel
1673 640 2699 861 Volathean unnd endtlichter zum Myse
1677 717 2720 898 wu alhier angelanget, allwo sy sich samen.
1678 803 2651 974 tlich bud tagen uffgehaltenn und da
1680 874 2704 1039 wegen sy schon andere mahl mehr hieagen
1694 949 2716 1099 esen) gar wahl bekandt gsin, habe auch
1689 1007 2740 1194 sonderlich die fraum mhlr seckelmeisters
1682 1098 2358 1262 hauß gar mohl geweßt.
1662 1175 2706 1329 anreformierten oothin habind sy sich gegen
1686 1259 2686 1395 wottlich für luthrauer eßgeben unnd
1700 1331 2724 1470 sich in den herren predianten ufast angemelen,
1690 1395 2730 1556 det doch dieman und die ta ein jedes für
1724 1469 2740 1642 sich selbs (wie sy dan zu dem end zumeh
1711 1538 2734 1691 gerem gewun mit sederbaren atteita
1717 1623 2721 1769 tionen versechen, vnd auch vff Ihrer Reiß
1707 1696 2736 1864 mehrtheils die mareime brucht, daß eins
1719 1784 2734 1938 ein strich genommen undt das andere ein
1724 1866 2709 2004 anderen hernachkeyen sy angewüßen.
2124 1939 2174 1994 t
1723 1946 2731 2084 orthen dasy einanderen das rende vons
1732 2018 2732 2157 geben widerzusamen kommen,. Wie dan
1741 2097 2755 2228 wnder anderem solches zu gaßel auch geschegen
1726 2167 2733 2287 da nit nun sein mr undt fü eianderen
1737 2237 2775 2372 widerumb angetroffen, sonder noch andere
1728 2311 2753 2457 geselschafft mehr die auch mit glychen atteste
1741 2389 2703 2518 tiones versechen und mit ihnen von
1725 2468 2769 2609 dannen biß alherkommen darunder sye,
1753 2537 2766 2688 ohn sin fr noch 2 wy6s persohnen der
1761 2617 2790 2760 von dieeinte ein kind by sich gehabt, welche
1765 2716 2775 2842 auch mit einem sonderbaren büchli vrr
1775 2791 2784 2916 sachen gewesen, denne noch ein andere
1768 2859 2768 2993 manspersohn so gar wohlschayben könne.
1762 2942 2783 3058 der auch dise unnd andere attertatione
1762 3024 2790 3163 geschriben habe, Disen man habestin meister
1771 3104 2769 3244 schon zu Ulm angetroffen, seye auch sei¬
1785 3187 2760 3304 nein fürgeben nach willens gsin sein m
1787 3258 2734 3385 alhiahequittieren und ein herren zeg
1791 3332 1976 3459 suchen
2599 3351 2700 3484 so
