3024 4032
266 303 358 409 46.
561 463 1497 706 sibenthal gebürtig) seye erwetschet wolden.
559 572 1470 764 da sy vermitelst eines dietrichs durß u
555 658 1511 851 dem garwer zu Geltoffen den sein sen
573 711 1531 947 oder tillmehr garmen gebrochen unnd sein ges
570 794 1515 985 allwyll er eweßen schiltacht geständen w
566 863 1486 1054 garb hatt aber seines heüßens mehrers nit
578 971 1503 1125 nommen, unnd seye diß das eintzige stuckliß
569 1014 1501 1200 eie mit gedutem dietrich din er vor etlichem
562 1077 1461 1246 nah zu Neüwenburg in einem kammerli
553 1174 1481 1343 gefungen und sydtlen den wintereß by
572 1250 1442 1408 sich getragen verëbt habe. Doch hat er
545 1302 1486 1496 hernach uff nachhefftigers zusprechen angebe
547 1393 1466 1560 daß vor ohngfordt fünffmecher diser sein
546 1480 1474 1609 gespan unnd er im dryburg piett in einem
536 1545 1457 1682 ihmme unbekanten dorff Harwants kenoni
560 1615 1474 1771 mit disem dietrich auch in 2 keller gebro,
561 1700 1464 1855 hen, da er abermahlen vor dem keller ge
543 1773 1454 1939 machet, der ander aber anders nit alß etwas
548 1857 1451 1995 britts bekommen habe. Dennee seyn vor obe
534 1922 1436 2065 gferdt 3 muchen sein gespan nit wyt von
548 2016 1445 2137 ayberg da man uff Mifftispurg gange
526 2068 1431 2223 In ein spycher gebrochen, da er 2 stuck
545 2135 1434 2283 tuch einsgystig das ander aber unspening,
547 2203 1434 2353 bekommen, welches er verkaufft undt ihmme
530 2293 1452 2420 20 fl darvon geben. Anders habe er mit ge
520 2354 1420 2525 dachtem dietrich nit vertit noch sonst uff
534 2445 1420 2592 andere mys entwenden helffen, ußert
535 2502 1427 2649 den noch gekhagten zweyen hënneren deren
531 2586 1406 2737 er auch bekant seye. Zu Pätterlingen
515 2640 1356 2808 habe er zwar vor 2 jahren uß einer
514 2720 1443 2897 Bärbi ein großen fagbkeßel genomen und
519 2804 1406 2971 selbigen  vron zu von oron aber nachtr
501 2869 1400 3039 Bastel v genis getragen, darumb er
499 2958 1375 3142 aber hernach zu Pätterlingen uß geschmeitt
491 3014 1405 3219 vndt vß selbiger vottmaßigkeit seyn geweisen
491 3091 1414 3276 worden. Seines aabwesens mndt beruff
470 3174 1354 3362 we�e erkein andere getenschafft ze geben
478 3262 1394 3417 alß da� er schon vor villen jahren in seinem
1203 3392 1388 3495 heinet
2825 365 2913 459 47.
1852 512 2864 689 hennet sich under anderem daß saumens
1874 575 2894 740 auch underfangen wahlen, da ihmme aberet,
1869 657 2898 812 was unglcgts widerfahre unnd mann sei
1872 748 2904 871 nem pferdt die jungen esstei rachen gehau¬
1875 815 2871 940 mon unnd selbiges darneben sonst so ubell
1871 878 2917 1030 tractiert, daß ers hernach Cred) dem schindter
1858 962 2905 1092 übergeben müßen seye er darmit vortriben
1862 1035 2898 1201 worden unnd habe sich sydther von einemath
1862 1124 2898 1280 zum anderen begeben gebeit ze suchen und
1875 1214 2867 1321 anderem aber sich gar vill dm thaal mit
1864 1281 2886 1427 gabenlaspen unnd anderer arbeit erhalten.
1860 1362 2853 1523 Wie  Castlahn von Feohhren dem er in
1870 1464 2859 1604 seinem guot auch gewegcet deßen werde
1873 1547 2828 1663 ngnuß geben konnen. Da daner noch
1864 1619 2853 1763 enatzlich mit unnd neben obigem siinem
1857 1706 2865 1844 gespon Steffahn zur dlich mneinem hauß
1852 1790 2877 1928 nechst by st sapkorin uff der rechtenhandt
1863 1871 2854 2009 an der stra� umb vier thaler käbis er
1835 1954 2834 2099 handlet, den sy mit einanderen under sechs
1848 2034 2886 2175 mahlen aller dns landt gebracht zu verfauf
1849 2121 2830 2261 fen. So habe auch diser sein gespan vyll
1859 2196 2885 2342 mit tuch gewarbet unnd fast alle 14 tag ein
1858 2275 2857 2410 geweße quantitet von einem mann kon
1857 2354 2860 2506 angenthall nam-Jaggi so gmeinlich sein
1849 2433 2858 2590 standt an den wuchenkahriten alhier vor
1853 2525 2794 2643 den ummerlüthen unnd ein frauw mit
1840 2604 2875 2756 rothem haar habe aberhandlet. Welcher den
1819 2679 2858 2826 Dise mahr dns meltschn landt getragen unnd
1836 2761 2852 2926 ihmme miteshin auch etwas darvon ushgen
1843 2837 2823 2988 loden. Anders sunße er keines wegs
1837 2912 2185 3028 nit ze bekennen.
1792 2999 2858 3179 Den 6. teag martii hat obiger goßet noch
1853 3104 2867 3259 vernegs bekent, daß er über die sier leßor
1835 3168 2821 3323 bekante diebstätl noch im rüslandt irn,
1828 3243 2844 3395 burg piets mit unnd neben seinem gespann
1811 3301 2749 3473 Steffan zur flüch an dreyen orthen in
2596 3428 2790 3555 Spiher
