3024 4032
580 565 1223 735 Hanß Gusrdt
498 789 1439 946 Dach damne diser Hanß bseidt vor aen
532 876 1432 1008 seldingen wegen gewüßen spargierten
530 949 1427 1063 faltschen undt dem standt nit menig nach
527 1020 1406 1165 theilliger geschreyt, alßer gefencklich jegen
524 1087 1408 1225 zogen und den 11. martr 1676 durch
523 1171 1384 1303 herren raths hoh gehorff und ire gro�
530 1245 1420 1370 Weibel Millading ernstlich darüber be
524 1321 1417 1454 fragt worden hat er uff undegschiden
530 1398 1415 1535 liche an ihne getreckte fragen volgenden
520 1472 832 1595 bescheidt geben
489 1555 1414 1697 erstlich betragt, ob er nit under anderem
519 1652 1409 1781 An amseldingen vffem Kilchhooff offent
533 1726 1358 1837 lich geredt, daß mahl einwüffer ins
528 1794 1389 1915 schenthal gesendt daselbsten anzekunden.
500 1859 1396 1977 daß fohm ein jeder baur sich mit zweyen
527 1924 1078 2022 keheengerungen müßen.
1232 1936 1337 2049 hat
528 1993 1405 2116 er syfrid angange sich deßen nit ernen
536 2069 1379 2169 in wellen, endtlichen aber vff ernst¬
533 2128 1360 2246 lchts zusprechenunnd betrunken, daß
531 2207 1381 2308 man ihme nnth darumb vnder augen
532 2262 1350 2382 stellen werde bekent solches geredt
518 2324 1373 2444 zehaben, doch nit von ihm selbs affirma
527 2394 1364 2510 tie suder alß ein gemeine redt so
525 2456 1380 2572 er so wohl in den mirthshauseren alß
517 2513 1385 2633 ff offner gaßen anvilen orthen ge
527 2592 1395 2720 gort auch underhaht, habe aber schon amahn
532 2645 1367 2784 len darzugesetzt, daß er solches gar nit
518 2713 1390 2840 glauben könne. Mer aber die tangen
527 2784 1362 2926 persohnen seyen unnd wo eigenstlich das
515 2849 1387 3006 gegedt worden, wü�e er sich keines wegt
509 2928 808 3043 zu eermuegen.
484 2980 1394 3139 Wyters befragt, wilen er nach seiner er
514 3086 1395 3211 gnen sag selbs nit darfür gehalten, daß
515 3140 1348 3268 es nit seye unnd also gesehen, daß die
513 3213 1371 3356 janiger, so da solches fürgeben die hoche
515 3273 1406 3428 oberkeit den höchsten grad undt glychsam
1189 3405 1382 3512 Pöchter
2729 469 2811 551 55
1798 555 2763 724 höchsten Fprannes uebeschwentzen gesucht
1839 650 2779 767 auch darneben nach eines Jedeßin eindts
1825 726 2715 850 erachten, das gröste eheill im landt
1816 796 2798 934 dardurch hette angestifftet werden können.
1834 875 2762 1002 worumb er dann solches nit alsobald an
1843 943 2753 1076 gebührenden orthen angezege, glych wie
1848 1021 2815 1151 er sonst ohn einichen zweiffel wurde gethan
1828 1092 2718 1220 haben manner gehört, daß einer seiner
1831 1167 2781 1286 frunden an ehren gemeint mege oder
1833 1238 2739 1355 sondt etwas unglücks unnd gefahrs sich
2434 1298 2799 1397 Daeo hewegen
1831 1307 2348 1429 hitte zebeßrrn ghan.
1843 1365 2781 1474 wnder alle treüw werenem underthan
1829 1435 2795 1558 gegen seiner oberkeit verpflichtet, solche
1832 1515 2809 1633 schandtliche tulagen an eibem offnen
1851 1575 2794 1701 orth da jedermanigklich zur kirchen
1824 1641 2804 1774 Jangen tespargieren gesucht vndt auch
1839 1717 2758 1854 injetzoabmahlen er selbs gesagt es
1832 1798 2787 1926 seye ein gmeine red an allen orthen
1823 1864 2765 1999 darvon gsin kein ernichen vorsäger
1804 1940 2748 2069 darumb nit stellen könne. dardurch
1836 2011 2780 2131 dan gungsam jemntmacen, daß er
1834 2086 2808 2190 selbs alß ein vagierender mann müs
1829 2148 2781 2271 diß geschrey uffgebracht und etwan ß
1844 2216 2803 2339 einem schlechtentragenden secken gegen
1842 2295 2790 2414 seiner oberkeit dis seine landtlüth auch
1833 2363 2779 2485 etwelcher maßen zu verpisteren gesucht
1824 2439 2761 2534 haben, wwe erdan über diß auch
1829 2507 2780 2631 noch gestendig, daß er nit nur dise han
1841 2571 2788 2699 abgedachten tweyen kühnen, sonder auch
1817 2646 2795 2784 daß ein jeder baur den drtttenhaffen
1817 2724 2699 2845 in gießung derstucken. Item die
1822 2792 2803 2918 funffte garben zusteür der armen und
1826 2865 2792 2992 auch seine wehr unnd maffen der ober
1826 2934 2811 3081 keit geben m�ße. Darkon er aber sie wei
1822 3006 2764 3145 ei alß nom ersten kein vorsäger nit
1816 3073 2144 3182 stellen könne.
1786 3151 2788 3308 Wler melliches vorhalten er bysrid noch
1807 3243 2831 3382 mahlen gestendig gsin, daß er obanzoger
1800 3305 2839 3459 wort der zweyenk�hnen halb vorgedüten
2654 3428 2821 3531 maßen
