3024 4032
317 483 406 562 24
548 541 1501 686 Der kerk zu Obermuhleren s l habe von
579 624 1513 764 ihnen den trosheren von disem zeenden guch
596 703 1510 821 bekomen in 3 mahlen 1 m 9 mas korn
582 770 1480 910 unnd inhaber in zweüenmahlen 9 mag
590 849 1509 978 darfür er dem stucki 12 t an gelt, zwo
599 929 1518 1071 aß Nidlen  brott unnd das vbrige an
594 1003 870 1135 milch bezelt.
599 1116 1508 1277 Soubi von Obermuhleren habe uff seinen
593 1211 1450 1344 halten bekommen 2 Burdenen strauw
599 1287 1499 1412 und für jede burde 3 er versprochen, aber
590 1360 1470 1497 hernachein anshen ballen darfür geben.
545 1468 1456 1632 Herdicht Müller so jet ußgerißen unnd
593 1581 1456 1688 auch geholffen am obermehleren wenden
600 1639 1489 1752 troschen habe 4 mas sytterkorn unnd d
596 1712 1081 1832 mas deickel bekommen.
590 1830 1511 2002 Stueli hab auch von ihnen den toschegen be
590 1938 1480 2059 kommen, das erste mahl funff mas kogn
590 1997 1499 2119 mit hernach 3 mas. denne an arbsen
598 2075 1183 2189 auch 3 mas Myters nit.
572 2197 1430 2353 Peter Pister so sich flüchtig gemacht unnd
596 2296 1477 2411 auch geholffen am oberundt nidermulleren
573 2355 1479 2511 zeenden troschen, seye der ergsten anstiffte,
573 2466 1480 2586 ven einer gsn, habe das gewachs gewannet
580 2507 1457 2647 mit vonzeit zu zeit etwas darvon ver
585 2588 1469 2726 schlagen, auch darneben so wohl die tröscher
582 2660 1478 2817 alß die jänigen so das gemacht abgenommen
581 2739 915 2884 nichtg gestft.
525 2838 1414 3010 Diß seyen nun die persohnen so ihnen den
586 2928 1463 3072 Troscheren das endtwendte gemachs von zeit
574 2989 1477 3142 zu zeit abgenommen unndt ihnen den diebstahl
562 3064 1445 3206 wegen darvon empfangnen gnoßes geholffen
578 3108 1455 3261 verschwygen, da auch ein theill under ihnen die
581 3196 1148 3324 erste anleitung darzu geben.
1244 3247 1479 3339 Wylen aber
580 3254 1518 3412 über diß mh eaaminator noch begehre zu wüßen.
1381 3397 1462 3483 16
2822 416 2889 514 25
1881 526 2883 660 ob sy die troscher all ins gesambt glich in disen
1857 617 2905 727 Diebstählen tremiierind oder ob einer mehr wüßen
1899 678 2849 809 schafft darvon trage alst der ander, welle er
1903 745 2904 875 Ulli Kigher selbiges auch bekennen, wie es an Ihm
1919 814 2898 942 selbs seye in derhaffnung es werdind mahl ihne
1878 884 2885 1013 Diser seinen freyen bekandtnuß undt wahren vei
1902 963 2584 1083 wens gnädigist gemeßen laßen
1865 1058 2897 1213 Erstlich so habe er Ulli Kigler nit nur deßen soer
1914 1154 2841 1264 selbs zu seinen handen genommen, sonder auch
1899 1209 2828 1346 alleß deß janigen so die anderen entwendt
1893 1269 2899 1417 wüßenschafft getragen. Darumb er gott unnd
1900 1353 2909 1481 ein gnädige oberkeit demütigist umb verzychung
1903 1438 2016 1520 bette.
1900 1492 2897 1634 So wüßend auch Hanß undt Ulli Pfister gebrüen,
1903 1580 2895 1682 dere von trub von allen diebstahren, so in wahe
1916 1642 2872 1764 endem troschen zu Ober und nidermuhleren
1922 1714 2268 1836 ich zugetragen.
1894 1793 2855 1921 Aber Peter knetz sein herren Jerennas Müllers
1901 1887 2130 1977 haußman
2230 1880 2829 1979 Bendicht Müller hr vogt
1905 1948 2907 2063 Wyßen hußman bim Wyßenstein undt Hanß
1889 2010 2897 2132 Gurtner hr Mynschenck archers hußman unden
1913 2086 2869 2203 eß wüßind ins gemein vor nachvolgenden
2252 2155 2916 2274 Namlich vos funff mas fam
1891 2160 2119 2266 diebstahlen.
1906 2234 2867 2310 so dem Studli worden von anderen 3 mas
1913 2301 2878 2431 korn so bemeltem stucki vom Obermühleren
1907 2380 2850 2500 feenden worden und er auch selbs hinmider
1920 2445 2132 2543 getragen.
2270 2451 2881 2558 Wisters von 4 mas kornso
1899 2524 2892 2615 dem pfenmann rieli worden. Von dem
1907 2593 2707 2699 mt korn so dem Maldemann worden.
2801 2606 2881 2700 von
1898 2660 2826 2796 4. Mas Rytterkore und 2 mas Dinckel so
1880 2740 2889 2847 siendicht müller bekommen. Item von der
1907 2821 2862 2951 Muhlifahrt so der Maldaman oder sein knecht
1907 2883 2058 2986 gethan
1888 2965 2839 3118 Peter kuntz guße über diß noch in dpecg
1897 3057 2879 3177 von den diebstählen so zu nidermuhleren voren
1891 3139 2899 3259 gangen, von allem haber so man dem jegen
1900 3197 2472 3294 geben wie hievor gemeldet.
2571 3240 2857 3310 von 4. mas
1904 3263 2879 3387 aber so dem pfister worden undt von den
1893 3323 2859 3471 erbsen unnd garsten so man (wie schonsievor
2774 3431 2884 3502 der
