3024 4032
334 2141 521 2240 4 daruß
569 519 1484 660 unnd einfrauw disers diebstahls undent
569 617 1465 724 wendten gewachtes noch zumm theill seyen ge
565 691 1498 791 noß worden unnd im abrigen alleß hergen
581 751 1504 877 en wie Ulli kigler hievor mit mehreren und
581 821 1070 948 standen solches erstellet.
502 915 1477 1057 Disers gefassten rathshlußes hr Müller die
557 996 1461 1125 Deleg Meegsperen sind gatter Stoubi
544 1069 1468 1196 kendacht Hegi unnd Waldamman alßbald
562 1137 1488 1247 Schmütz aber erst nach dem mann ihn deßen
565 1213 1464 1303 Überwisen bekant worden. Daß aber
552 1284 1459 1409 der eint oder andere knder ihren ihmmen e
557 1355 1483 1466 Müller Myteren schaden diß orths zuzesegen
565 1425 1474 1546 gesucht wie er den wegen geweßen abge
581 1488 1487 1605 standnen pferdts ein starcken wyffel uff
582 1550 1486 1674 sy gefaßet, darvon unße keintweder under
580 1633 1055 1742 ihnen nichts ze sagen.
523 1711 1493 1862 Betreffendt, dan was er Maldaman ber
574 1812 1493 1911 einandere sach befragt worden, ob er nam
562 1870 1471 1988 lich nit an orth und enden sargiert, daßer
574 1939 1486 2044 gehört sagen, die oberkeit welle den under-
567 2010 1502 2125 thanen die gewehr abnommen undt ein jeder
569 2074 1486 2191 underthan so drey ehrene haffen habe, dahin
557 2135 1466 2258 halten, daß er einen darvon gebe stuck ze
563 2213 1461 2322 gießen. Diß habe er iagehört sagen.
566 2275 1508 2408 von einem gemeßen Peter Schmidt von zun
539 2347 1478 2471 der gesagt, es seye ein gemein geshrey dar
567 2419 1474 2547 von im argonw unnd er schmidt habees
555 2488 1468 2604 auch von wegen anderen Manneren vffder
520 2557 1138 2686 Burgdorff straß gehört.
463 2709 1474 2877 Hendicht Hugi Welcher wie nechst hievor
557 2817 1488 2946 antogen worden von deß Maldamans keit
545 2878 1483 3007 enthafften dehtein gewußt. Ist den 28. Ae¬
550 2963 1467 3082 cembris noch inpartaculan wegen Nerein¬
538 3020 1479 3148 teten betruß by uffstellung deßzeendent
562 3096 1492 3226 xaminiert worden. Hat zwar nochmahlen
556 3162 1457 3279 bekent, daß alles nit gedeter conspira
548 3245 1463 3356 tion hergangen wie schon nach aller wyt,
563 3301 1337 3442 vüstigkeit gemeldet, undt habe er auch
1342 3340 1453 3411 selbs
1336 3403 1491 3491 darzu.
2827 405 2907 498 29.
1843 507 2904 643 darzu geholffen nach mittlen betrachten ihmme
1867 593 2872 720 Hren Müller disen zeenden ze verpitteren, glych
1866 666 2879 787 wie die bauren zu Fallenbach solches gegen ir
1845 730 2902 855 Bernhart von Wattenwyll auch gethan habind.
1811 806 2908 936 Daß er aber vorgebner maßen taltsch gezeendet.
1872 873 2917 1011 undt uffem arbs acher anstatt 20 garben, so en
1848 950 2918 1078 hette geben mögen nur 18 gemacht, damit er
1863 1023 2863 1161 uff die erwierenden 8. hellen undt anstatt
1857 1102 2888 1229 arbs uffem nechstgelegnen acher ein garben
1860 1174 2875 1317 Wieli darfur stellen könne, darin gescheche
1848 1244 2931 1377 ihm groß unrecht, sittemahlen erseinen lüthen
1856 1328 2901 1465 befahlen selbige uffgestellen, wie es sich gebühre.
1867 1410 2919 1533 habe auch im übrigen deß begangnen diebstahls
1851 1489 2916 1615 der tröscheren halb garkem müßenschafft ghan
1758 1624 2893 1777 Alß nun obige troscher undt mithaffte so mit
1834 1712 2839 1844 disem ober und nidermichleren zeenden so unß
1869 1776 2919 1901 renlich umbgangen disers begangnen großen
1866 1853 2901 1978 fahlers durch knder durch bekant worden und da
1851 1922 2901 2052 rumb gott unnd ein gnädige oberkeit demü
1866 1994 2928 2118 tigist umb verzychung gebetten. Ist den 7. te jan
1854 2082 2956 2205 1676 von mahe erkent worden. Daß Ulli Higler
1855 2152 2953 2272 2. Der genante fleschenmacher 4 undt stryfftvon Man
1862 2224 2935 2344 beran (wan nit für sein uberaon durch die seinig de
1858 2292 2947 2420 wenig tagn 200 lb offeniert wirt) auch 2. monat Cana
1856 2362 2952 2482 Ins schallenweikt. Denne Peter kuntz und hr Bur
1858 2438 2930 2572 iner zmostund in die wülllen gethan werden.
1867 2509 2932 2661 söllind. Christen Huai aber umb 200 lb beß und
1861 2589 2967 2731 Peter Huser umb 50 1 zuhanden der kirchen iu kelp (dahin
1870 2673 2960 2803 auch deß stayts 200 lb gehoren. Schidt abr hon mu
1857 2745 2959 2891 leren umb 1000 lb hend Hegi umb 200 lb stöübi
1856 2813 2917 2950 auch 200 lb und der aller getragnen ampteren und
1845 2873 2954 3019 diensten entsetzte Maldaman Stryt umb 1000 lb
1847 2961 2975 3104 allmer zuhanden deß znghauses angelest. Darby auch
1827 3010 2969 3181 Blatter umb 100 lb Hen Hegi aber und stöübi zu
1855 3102 2973 3254 noch umb 200 lb an den nenen zeendshürbauw
1864 3172 2939 3333 und umb das Übrig Maser muters kosten wiert
1850 3251 2955 3402 gedachte schmitt undt streit verfelt worden, da
1848 3332 2958 3476 den auch der Maldaman sein mantel ableg und much
1849 3390 2944 3548 die jannen, so da im vordacht herrn egem Müller sein
1863 3469 2854 3642 pferdt verderbt zehaben, selbiges behahlen söllen.
