3024 4032
266 436 309 505 5
539 497 1466 661 auch nachts zinehalb käsen unnd etwas en
551 575 855 666 bröt bekommen.
464 682 515 764 5.
540 671 1478 848 zu Wipping seye der gespan nachts in ein sey
544 743 1475 898 her geprochen unnd halte imo grauw geisherg
509 811 1455 962 derkenen und ein schwarzen schlechten mantel ge
540 876 1405 1015 nomen, darvon er Cheißten nichts bekommen.
448 953 1454 1108 6. Habe er Christen sich etwas zyths vor seinem
544 1040 1390 1187 herath mit einem meitli namens kun
549 1119 760 1215 vergeßen.
494 1234 1448 1398 alß diser goßet uß ihr gr befelch den 1.
534 1348 1455 1475 Marti nochmahlen mit anwendung daß 25 l
545 1404 1449 1532 steins gemanteret und ernstlich befragt worden.
537 1475 1454 1600 ob er nit mehrere diebstähl oder andere enthan
542 1544 1273 1667 ten begangen, hat er noch zugethan.
515 1620 1440 1776 daß er zu sondidi an zweyen orthen letsten
529 1699 1428 1816 herbst by 17 oder 8 maß korm genommen und
533 1762 1427 1904 ußseinen 32 maßen, so er für sein antheil
538 1835 1145 1974 bekommen. e mas 9 b erlaßst.
523 1922 1405 2060 zu Sr Aubin. habetein gespan in einem
545 1998 1425 2119 stok 6 lb rüßen und 3 f mas lysen bekann,
535 2069 1334 2186 men, da er inzwischen macht gehalten.
499 2116 1389 2270 By stäffis habind sy auch by 6 oder  mas
532 2224 930 2315 gemachs bekomen.
501 2300 1417 2432 zu tablen zenenthelb stäffis zus einem
512 2360 1397 2506 Keller 5 oder 6 mas kaßlin unnd zwe
526 2434 787 2526 leiben brott.
513 2509 1351 2628 zu Weßing auch dm Fruburn pittt den
533 2581 1401 2724 worten theill einer rnusshet mend zie
525 2632 1387 2787 kalbfahl, darfür er etwas wenig gelts
519 2705 1029 2809 vom gespanen bekommen.
499 2772 1379 2944 Iemathel donond is eier Cammer
539 2881 1395 3018 Amas werche unnd garn undt by 18 tlbn
519 2945 1050 3070 grobs vesprngs tuch.
462 3035 1399 3197 Dn villenenfue Fryburg piets uß einem
466 3097 1373 3264 stock etwas garn ein stuskli tach unnd
517 3175 933 3271 5 oder 6 lb wüllen.
464 3251 1347 3415 Alst er hierüber noch wyters befragt
1209 3382 1399 3476 Mord
1833 476 2847 628 worden ob er dan in einer so geraumen
1846 539 2813 715 zyth niemahlen selbs ingebrochen oder mit
1839 609 2856 747 vnd neben seinem gespan sich, etwan geluste
1851 692 2868 813 laßen die luts uff offner straß ansegeyffe
1845 763 2875 868 oder sonst andere enthaten mndt ime zuver-
1852 816 2853 934 uber wie dan der leidige satan derglychen
1848 891 2858 1028 m�ßig geegeren verners zu usezen pflere
1839 946 2868 1097 unnd sy von einer sund in die andere zuche.
1814 1030 2847 1174 hat er bekent, daß er auch etlichmahl ohne
1814 1118 2878 1251 hilff seines gespans zu griffen, doch anders
1853 1186 2835 1299 nit alß ubensmittel genommen, daß er
1848 1246 2892 1383 aber über diß noch andere untlaten mehr began
1852 1326 2876 1455 in alß mas er bisher bekent, das merde sich
1841 1383 2853 1507 keines megs erfinden, wurde ihmme auch selben
1849 1458 2875 1584 goß unrecht thun mayner anders beken,
1852 1531 2870 1634 katte derhalben gott unnd am gnadi
1837 1600 2830 1726 ge oberkeit umb dise seine bekente unzahlen
1845 1679 2878 1802 bare snden und enßethaten demütig ist umb
1841 1756 2826 1877 versychung unnd daß er nit nach seinem
1847 1827 2676 1952 wohlverdienen abgestrafft werde.
1797 2036 2855 2191 ist den 17. marti 1676 durch mahl.
1841 2126 2750 2236 erkent worden (daß diser goßret
1841 2192 2849 2325 zu Mohl verdienterstraff mit guten d
1829 2270 2862 2382 geschmeitt gelichget und mit dem eidtsn
1841 2331 2837 2443 statt todt landt verwiser werden sölle.
1811 2402 2794 2537 welliche urthel auch der morndrin tag
1838 2469 2643 2596 an ihmme exequiert worden
2818 341 2881 427 53
