3024 4032
361 2391 494 2481 mehre
544 502 1482 696 abgebrochen, undt daruß by 9 oder 10 wöllen
560 600 1505 793 auch gekommen, welches sch ufcftenwerbung zugen
547 669 718 768 tragen.
482 753 541 835 12.
548 721 1489 910 by der snsen Grügg haben sein gespan aber,
556 815 1488 966 mahlen ein spycher forpegt unnd dageß etwa
550 876 1482 1036 stuchs unnd zwenwort bekommen, welches sy her
545 953 1440 1112 nach mit einanderen uff neüwenburg zu
545 1013 1453 1167 getragen undt habes sich ihmme Christen aber
562 1090 1462 1253 mahlen nit mehr alß 40 b darvon gezogen.
466 1164 1466 1319 13. By Blaffegen habe diser gespan mit einem
553 1260 1471 1403 geherung ein spychen uffgethan unnd daruß
548 1322 1445 1448 etwas nicht knnd ein noch bekommen, da er
553 1393 1023 1513 Christen auch zugelugt.
532 1469 1425 1620 Ob oberhelten diebstahlen allen wußeer
551 1555 1448 1681 nit, daß sy ein am mahl seyen ergriffen
540 1620 1467 1750 oder versongt worden, abwohlen weder sein
537 1683 1422 1811 gespan noch er sich einicher kunsten nit ge
555 1750 1424 1891 erucht habind. Doch seye diser sein gespann
547 1818 1449 1952 auch von anderen sachen wegen scpon chietor
531 1897 1369 2028 Im weltsch landtverhafftet worden.
501 1974 1445 2111 Sein also diß alleß wnad use so wolt von
533 2060 1444 2204 Sinemgespan alß von ihmme selbsten te
538 2142 1439 2284 weßen seye. Gotte der halben gott uendt
532 2220 1431 2334 ein gnädige oberkeit umb verzeichnug vert
516 2281 1420 2410 daß man ihmme legners nit mit der Mar
545 2344 1403 2478 der zusetzen wolle, er mnste vonn keinem
532 2406 1424 2575 diebstahl noch luth worden, noch unChristen,
541 2482 1028 2623 lich hindlen nit zusagen.
499 2615 1432 2778 Alß nun dise bekandtnuß mahl vorge
522 2668 1441 2833 tragen und under gnwegem durch mhh
541 2751 1407 2897 raminatoren anbracht worden, daß diser
535 2819 1417 2992 Christen wegen saines gführten liederlichen
518 2877 1428 3062 Aubwäsens wohl dörffte mit größeren un
514 2970 1390 3108 thaten beladen sein, sonderlich aber daß er
516 3040 1396 3201 von unchristenlichem handte gegedt, da
520 3131 1433 3283 er doch niemahlen darüber befragt worden.
506 3183 1406 3345 so habend myhl das beße sein befunden ihmne
519 3250 1401 3417 durch einen gristlichen herren ernstlich zu
1266 3382 1378 3471 spren
1793 1536 1837 1624 2
1789 2542 1852 2643 3.
2803 398 2865 485 57
1871 503 2864 673 zelaßen umb zesechen ob nit etwan durch
1867 598 2857 746 diß gelinde mittel sein hartes hertz werde zu
1879 667 2890 808 erweichen sein welches dan auch den 8tn
1880 748 2857 881 dito durch hoch helffer Wulschegel geschechen.
1821 815 2821 955 daruff er nochfolgende pnueten bekent
1788 888 2898 1030 N. Daß sein gespan den feyburg patt by einem
1859 970 2865 1119 schlos Salpach genant by nächtlicher wyll de
1870 1043 2898 1183 ein sfischer gebrochen, daer Christen inzwischen
1874 1116 2896 1259 schiltmacht gestanden habe daruß 10 oder 12 lb
1866 1192 2878 1336 March kaß 20 lll unspënnig tuch genomen.
1869 1262 2855 1399 men Mohin aber sein gespan solches ver
1876 1346 2886 1479 kaufft wüße er nit, eynmahl habe er nit mehr
1875 1424 2839 1557 für sein antheill empfangen alß 9 oder 10l
1870 1510 2869 1652 In glycher vortlen by einem hauß so allem
1870 1595 2862 1725 stande habe abermahlen sein gespan ußen
1872 1671 2877 1802 nem darby stehenden spicher einmällen tuch
1871 1742 2857 1885 H. paart Jamblis ermell unnd kunff lyn
1868 1826 2815 1961 lachen genomen, welches er ohngferk ein
1871 1902 2842 2040 vietel stundt wytt ziu ein schnden getragen,
1861 1983 2842 2100 undt under das heüw verborgen und habe
1864 2051 2843 2198 auch etwas zuthu dernach ihne christen ge
1870 2140 2854 2278 schickt solches da abzeholen, habe aber selbiges nit
1868 2209 2879 2357 mehr da gefenden, alß daß er anders nit ker
1865 2308 2857 2432 meine weder sein gespan habe es schon zuver
1859 2374 2869 2524 wider hinweg getragen, von disem zugseye
1859 2454 2566 2588 ihm Christen gar mit worden.
1885 2536 2797 2683 habe sein gescpan by Gryeate ienerdeß
1864 2636 2888 2754 einem hunst so auch allein stande undt daran
1850 2708 2809 2848 ein fangeren bysyths zugehanckt einstuck
1853 2781 2873 2893 gnstig duch von ohngferdt 20 ellen undt ein
1850 2858 2869 2991 ander turk bleifts von glychem erhalt dar
1850 2928 2831 3068 von er ihmme Cristen 1 l geben undt off
1862 3015 2834 3151 nung gemacht etwas mehrers werden ze
1870 3092 2876 3228 laßten, welches er aber nit gethan, sonder ihme
1851 3172 2855 3320 glych wie andere mahl gloßetwas für sein
1863 3253 2678 3388 nahrung darvon ervolgen lasen.
1758 3333 2876 3482 4. Habe sein gespan in diser gegee uß einem keller
2764 3465 2867 3537 auch
