3024 4032
70 320 217 416 20b.
334 502 1380 782 Marien Heggli ei nach jenges meitli vr
386 582 1336 810 Fryburger Wprette, alß die de samenelich
414 650 1352 901 by obzgen 2 gsellen zum wyßen lante
420 740 1355 961 witschet worden habend uber alleß ernst
423 817 1377 1031 liches zusprechen keines wegk gestehen, vele
402 883 1336 1087 daß sie vor obigem diebstahletwahgen
433 947 1359 1147 weßt nach einiche kundtsamme zu disenahle
439 1023 1376 1225 gehabt, alß daß sy sy zu Friemisperg jnder
435 1112 1368 1277 wegs im alharreisen angetroffen item
433 1183 1374 1363 daß die mittlere ander disen wie voge
443 1251 1365 1450 meldt den tponer vor Wienacht zu Hoffing
431 1328 715 1442 gesechen
456 1432 1331 1601 f donstag 1t aprilis 1678 sind
445 1540 1395 1670 obige 2 gsellen mit ruthen ußgescheiet
445 1613 1389 1733 gezeichnet und darneben betreüwet worden
443 1679 1349 1796 daß wo sy sich mehr in mahen landvndt
455 1746 1357 1874 gepieten erblicken laßind, werde man
445 1818 1353 1940 Ihnen alßdan ohne einiche gnad an das
448 1890 834 1984 leben gryffen.
391 1949 1399 2079 Die 3 mybspersohnen aber sind seeliber
445 2032 1386 2151 undt als verdächtige lüth sonstfortgemahnt
460 2106 705 2196 worden.
572 2724 1179 2869 Heinrich Schilt.
360 2848 1390 3041 Diser Heinrich Schilt, so by junck srind.
446 2951 1395 3091 von Erlach sel herber zu Kisen alß kamer
414 2990 1389 3154 Diener gegrenet, und disem seinem Juncken
453 3072 1388 3242 Il in mahrender seiner kranckheit zwar
441 3109 1403 3276 ereielich abgewartet nach seinem hinscheit
449 3205 1397 3350 aber underschidenliche sachen entswendet a
449 3255 1397 3438 a ie man hwnder ihmme gefunden, ja
1282 3338 1375 3428 auch
2584 378 2707 475 207.
1667 486 2731 701 deßmegen in starcken zig gehalten worden
1706 583 2656 755 ob solte er gewitße geldene hetten, so man
1714 627 2700 807 nach deß junstdas selleodt nit mehr gefunden,
1714 687 2647 858 auch verzwarkt haben. Ist über deß roths
1702 756 2650 944 ufgestandenes examen und nach demer
1710 809 2695 997 auch by vorwüsung der marter aiders nit ge
1735 874 2701 1059 stehen wollen entwerdt zehaben alß eben
1717 940 2686 1093 die sachen die man undermmen funden
1715 991 2698 1156 mit dem eidt vor statt zndt landt von
1720 1073 2609 1211 wisen worden. So beschechen de
1717 1151 2317 1290 1 aprilis 1678
1831 1449 2477 1610 Hanß Rudolff Hß
1607 1695 2718 1812 DDiser meister Füchs der schnyder und Burger
1742 1776 2653 1892 alhier so sich so unwirsch erzeigt, daß er by
1755 1843 2709 1931 nächtlicher wyll mr Josepg Haldiman den
1740 1900 2721 2013 schnider in seinem zinß da er in seiner
1751 1963 2639 2088 auhr mar mit schandtlichen scheltworten
1757 2033 2730 2116 angefallen vnd darneben im solches labwese
1756 2099 2706 2206 uff der gasen angefangen daßem ganze
1760 2153 2736 2266 nachbarschafft dardurch bevurehwiget worden
1748 2218 2707 2335 Ist uff deß orths gethanes erklagen mit
1753 2286 2636 2394 dem eidt uff drey monat lang für das
1762 2342 2676 2455 burgeren zihldisen verwisen worden. So
1759 2421 2372 2537 beschechen den 17. aprilis 1678.
