3024 4032
90 374 246 467 204
433 549 1366 785 er vorgehaltner maßen obigem bauren sin
443 618 1373 842 gelt uß dem tschaper unnd auch sein erste
452 703 1370 886 eßen sack genomen, welches er doch nit
439 762 1374 951 Wurde gethan haben, wan ihne die gach
451 810 1368 996 noth nit angetriben undt über diß nachdi
451 879 1363 1061 gar bequeme gelegenheit deß Schlaffenden
449 937 1371 1127 bauren der sein gelt so schlecht verboogen.
418 1012 1340 1173 darzu anrlosfet hette, welches alleser
461 1072 1338 1217 noch im erruck gethan, Undt habe er
427 1136 1372 1295 daß gelt so fürnemlich in g dubl dur
452 1209 1369 1364 und siben thaleren bestehe, in ein stuben
450 1282 1333 1414 offen under die aschen verborgen, wie
464 1358 1381 1488 man dan selbiges sicherlich dort finden wr
465 1422 1373 1547 de, was noch am muntz gewesen, das
454 1488 1381 1631 habe die fr Mothi sampt dem obanzogeen
451 1554 1371 1676 meser unnd dem diekli ußt seinen josen
460 1639 1397 1749 genomen anders wüße er nit entwendet
458 1691 1382 1818 ze haben, und habe auch mit den übrigenge
464 1766 1360 1885 fangern kein comunication noch vundt
479 1844 1387 1959 same nit gehabt, ußert, daß sy gestrigen
458 1908 1408 2035 abendts zum Wyßen wrutz zusamen komne
473 1985 1398 2108 und mit einanderen znacht gesten. Alhie
466 2057 1389 2173 werde man ihne auch hievor nit gesechen
460 2122 1392 2253 haben, Wohl seye er letten Carneval zu
462 2198 1404 2315 landren durchpassiert, seye aber damahls
904 2261 1388 2393 daß sehe nin alles
476 2270 856 2383 nit herkommen
466 2318 1352 2418 Was er bekennen könne, welches leider.
485 2386 1373 2507 eine zu vill und ihmme hentzlich leid seye
471 2461 1344 2572 bette gerowen gott unnd ein gnange
476 2507 1425 2636 oberkeit demütig ist darumb umb nrtyheng
454 2614 1377 2743 Francois Anslil stigen anligen
478 2695 1392 2822 gespan und seinem fürgeben nach eines
471 2745 1363 2872 Isengwerbers vonlyon sohn hat uff
481 2806 1396 2928 ernstliches zusprechen und by vorwysen der
478 2876 1398 2998 Marter anders nit bekennen Mellen alß
478 2934 1383 3055 daß er die In seinem ranzen gefundene
477 3012 1400 3127 faltsche attestationen sydt einem jahr daher
480 3050 1408 3183 hin undter im durch geisen gebrücht sindt
484 3131 1393 3238 etwas steürs darmit uffgenommen habe
478 3203 1419 3323 aber selbige nit selbs geschriben nach die de
471 3261 1410 3391 by ligende faltsche sigel gestochen, sonder habe
476 3330 1422 3460 ein geweßer (lande crisson, ein man von
1220 3401 1402 3502 großer
2620 389 2712 467 205
1706 515 2702 721 großer statur Schwartzer lengenhaaren
1722 597 2724 765 wnd brynenfreidts den er by Rappers
1721 650 2716 818 Will antroffen ihmme selbige geben auch
1706 704 2681 875 Das ernte sigel mit einer nadlen off
2268 784 2721 896 seyen noch andere
1699 813 2180 945 den steingegraben
1716 853 2644 999 mehr die mit derglischen attestationen
1713 914 2687 1067 versechen vnd ander anderen einer mit
1727 960 2493 1107 einer grauwen casagnen gekleidet.
1720 1012 2704 1169 die glaubens bekandtnuß undt andere ge
1732 1077 2722 1236 bette, so sich in einem seiner buchenen tegen
1723 1141 2701 1296 schriben befinden, die habe er selbs geschriben
1745 1215 2704 1363 vnd sich deren beholffen wan er an re¬
1733 1265 2743 1412 formierten orthen gewesen, damit er ein
1730 1347 2367 1482 desta aischere steür bekommen.
1704 1395 2748 1560 von obigem diebstahl habe er garkein müsen
1727 1484 2718 1603 könne auch nit sagen, daß er disen anbigen
1740 1537 2746 1679 mehr gesechen, dan dißmahlen zum Wyßen
1735 1618 2727 1743 Crnz vndt letst verwichnen Carneval da
1749 1682 2702 1802 er ihne annegsechens zur landten im
1734 1745 2730 1872 spitahl angetroffen, doch sich gar nichts by
1747 1814 2718 1942 ihmme uffgehalten oder gemeinschafft mit
1734 1889 2718 2030 ihmme gehabt, sonder strachs von ihme sein
1749 1983 2710 2088 wen vff siell Bonnewille, Neuwenburg
1740 2029 2700 2164 vnnd geuff genomen, von dem nachen
1753 2111 2756 2200 aber habe er sich zu Marteille embarquiert
1742 2177 2680 2301 und siye nach plredig kommen, habe auch
1756 2248 2769 2366 einem geweßen Marauis alß houbs Chcei¬
2149 2313 2718 2423 Im librigen bekenne.
1759 2324 2140 2439 vn gedienet.
1765 2379 2760 2504 er auch die vmparheit gebrucht zehaben In
1762 2458 2699 2567 dem er zu anfang fürgeben er seye erst
1762 2523 2712 2627 vor 5 Muchen von Venedig verreiset, da
1781 2583 2771 2700 er doch nach der einten mybspersohn fürgen
1780 2660 2787 2783 ben by letster mienacht zu Hoffingen gesehen
1783 2732 2702 2846 worden. Diß habe er aber eß großer
1789 2798 2785 2917 wacht gethan bette derhalben umb gliß und
1788 2865 2750 2978 umb andere seine bekente fahler gott und
1786 2928 2780 3049 ein gnädige oberkeit demütigist umb hron
1787 3020 1976 3118 zychung.
1751 3124 2808 3244 Corette Barbesin ein by nachem 60 jährige
1777 3218 2791 3335 frauw Ihres furgebens von lotringen vnd
1794 3275 2736 3389 Christina Barri ihre tochter, wie auch
2638 3347 2794 3426 Marien
