3024 4032
469 508 1494 737 Herr ydt gibt bricht, daß er diß gesindlin nem
453 630 1523 825 Auch die frauw mit dem breiten heit so jetz verhafft
508 698 1475 854 ampt einer andegen mit einer kappen undt
485 764 1504 934 auch einem starcken gesellen mit einer granzen
499 830 1510 996 Bagnen undt schmallachten huß gesechen obegfert
487 886 1478 1066 by kun uhren vor mittag fir sein hauß die
490 969 1489 1132 statt hinauff gehen undt habe der gstell sin laden.
490 1041 1498 1200 tauffen uffen reggen die Cappenfrauw aber
497 1126 1496 1290 am kleinere tauffen underem arm getragen,
481 1191 986 1318 anders w�ße er nit.
358 1301 1512 1484 Die forrächter bin underen chorligen auch deß
475 1410 1440 1548 Dise dan mit einanderen in dig statt hinem
496 1474 1471 1609 kommen undt habe sich der mannfer ein fauren
497 1537 1506 1690 antzet ißgeben undt gesagt, wag er da frage seien
496 1614 1480 1752 allesr handt ohlendt arzweyen. Etlich sonndt
487 1692 1469 1827 darnach habend sy eine diser mybspersohnen
488 1758 1459 1896 mit der srucken widerumb gesachen, zum ehor
477 1832 794 1959 hinauß gehen.
465 1984 1522 2143 Peter undt hatz schadel gebrüder von Betshwa
491 2087 1475 2220 be geben auch bericht, daß alß sy ver teschen
496 2155 1503 2281 gestunden habind sy gesechen, daß man gelt zum
487 2231 1501 2357 Oberen gätter uß uffem schnaggen geworffen
484 2296 1494 2431 undt daß ein meitli nnderlendtsc kleint und
487 2368 1510 2500 mit einem straßbubgerhut, das gelt uffgen
487 2443 1512 2591 läsen, und habe ihm ein andere frauw mit einer
478 2519 1464 2645 Kappen geholffen, wie vill es aber gsin seye
480 2597 1485 2736 könnind sy nit sagen, sy vermeinen auch
484 2671 1495 2795 müt anders alß es seyei der gefangnens tochter
474 2766 598 2883 gsin.
431 3125 1488 3300 Alß nun obige verantwortung undt der
445 3223 1513 3353 darüber uffgenommne bericht, mahen durch wohlen
474 3296 1505 3452 ermeldten w groß weibel fürtragen worden.
1282 3364 1505 3473 denselben
1828 581 2922 734 denselben auch belieben wollen Msh Rathsher
1874 667 2907 778 Uneentz stürler m einem examinatores zever
1894 748 2919 866 ordnen, mit befelch dise Catri Schüßler nachmah
1901 814 2907 952 in gantz ernstlich zu befragen, In mo von nachten
1884 891 2886 1014 ira die marter selbsten anwenden ze lassen.
1864 961 2922 1094 Ist solches den 16. diß durch Hochermeldten mhren
1878 1037 2924 1170 Examinatoren vndt hre großweibel Willeding
1873 1110 2931 1264 In bysein hrr anth Wurstembergers hr abmß
1890 1196 2919 1324 Rungg und hrrn Hanß Jacob Gubelbeiß all
1884 1276 2919 1414 deß großen raths geschechen Worüber aber
1905 1350 2928 1472 ehngeacht ernstlichen zusprechens dise frauw
1916 1418 2883 1569 sich abermahlen gestelt alß hatte dis mhr
1909 1502 2913 1626 raminatores exhortation nit gehört oder ee
1920 1591 2913 1722 tanden, da sy doch hernach uff widerhalte
1915 1658 2959 1802 wag ob sy obigen Hanß Halter nit keine gesaßt,
1914 1742 2896 1864 sy m�ße ihn wohl kennen wyl man eben
1902 1814 2904 1956 gesagt er seye ihr sose. Darneben ist sy by
1896 1903 2878 2033 ihrer vorigen sag verbliben, daß sy namlich
1888 1974 2912 2111 den seckel uiffem boden ligend gunden, alß sy
1913 2058 2888 2156 auch drüberhin zir Marter gebenden und
1911 2129 2934 2269 zwegmahl laso uffgehoren worden, hat sy nach
1917 2208 2956 2349 troßem geschren undt fingierten ohnmachten
1902 2296 2885 2421 sein andere bekandtnuß than, alß jene sy
1900 2377 2880 2514 müße gestohlen han Melle sy gestohhen han
1898 2450 2932 2591 welches sy offtermahlen an der manter wider-
1891 2529 2015 2652 halt
1886 2604 2956 2775 Hingegen hat obigen Hanß Habter, so im toff
1909 2717 2941 2832 uon examiniert worden nach gethanem
1923 2790 2962 2930 zusprechen sich alßbald erklärt, daß er die mar
1912 2871 2939 3009 zeit keibers wegsmehr verbergen, sonder die sach
1925 2951 2928 3075 erzellen, wolle ime sy an ihr selbs sein. under
1916 3025 2963 3153 also bekent, daß er sonst zu Cauffenburg, all¬
1913 3104 2960 3233 wo er noch wybendt kindt habe hußheblich fey
1921 3173 2959 3300 gsin undt seye sein vatter, welcher vor bhegferd
1925 3255 2951 3388 15 wuchen gestorben ein wirth gewesen der
1924 3331 2617 3462 sich ehrlich undt wohl gehalten.
2737 3334 2937 3466 Er aber
