3024 4032
430 582 1350 766 gende auch fast gsicht unnd ghörlose tatten
428 672 1327 831 uff underschidenliche gu ihne diß orthsge
437 745 1366 881 tguckte fragen anfangs war mit ganz
435 822 1357 950 Mwysfelhafftem beschendt begegnen wollen
440 897 1364 1045 endtlichen aberdenitlich gnng zu verstehen
430 970 1373 1123 geben, daß er vor 25 jahren da dise sein
443 1036 1357 1177 elteste tochter nam Breme erst nochben 14
440 1109 1361 1247 od 15 alt gewesen unnd ustmangel geliger
449 1187 1364 1303 mit ihmme in einem bett gelegen, er jnnet
446 1261 1381 1390 einem jahr sich ohngferd by 4 mahlen gelußten
461 1329 1377 1465 laßen sy ze beschlaffen und wercklich die a
474 1404 1360 1522 selbsten gesucht zevolbringen daruff aber
453 1477 1375 1593 das meitli sich gewehrt und nit consentieren
468 1551 1359 1678 wollen also daß durch dise Meigerung
473 1628 1358 1735 er seines erinnerens nit mehr alst einest
483 1699 1330 1815 einen theillhafft worden, so bald es auch
464 1772 1357 1889 umb etmah mehr ermachten gewesen hatte.
471 1840 1364 1942 ers mohl nit mehr bereden können by ihmme
467 1912 1376 2024 zeligen. In dem so seye er in sorgen gestann
460 1986 1335 2100 An daß durch ein söllichen byschlaff die
478 2050 1350 2165 tochter möchte schwanger werden, welches
464 2130 1371 2236 den ihme mein alß mir für ein gmeinen
478 2186 1346 2314 f�hler ußtgedutet wurde, de�wegen er
474 2266 1367 2367 in letst sich wohl umb etwas darüber
490 2339 1370 2459 beunmeret undt gedrncht es seyn ein suin
467 2422 1099 2538 habe auch darvon gelaßen.
459 2492 1284 2630 mit der jungeren tochter Nay ann
1317 2507 1365 2598 1
481 2572 1304 2686 Sy 4 jahr junger alß obiges erem und
1317 2587 1367 2676 sich
476 2640 1362 2762 durch antrib eines an ihre habenden mehl
491 2713 1339 2830 einmahl ertreücken wellen, habe er sich
489 2787 1353 2915 auch einest vergeßen, welches sich eben
481 2865 1370 2976 mäßig geweigeret, also daß er seines bey
497 2938 1364 3044 dnckens nichts effectuiert. Diß seye auch
491 2993 1302 3117 geschehen, daß sy alle nur ein bet gehabt.
476 3068 1389 3192 Was er mit diser letsteren tochster gethan seye.
492 3135 1331 3255 vor ohngferd 20 jahren geschechen und sein
482 3201 1336 3317 Das mrdtli auch by 15 jahr alt gewesen.
462 3264 1395 3395 Da ers gesucht ze fellen. Doch habe er keint,
1231 3341 1386 3432 weders
2627 453 2718 513 135
1717 543 2664 699 weders mächtig getengt, sonder wan sy sich
1728 645 2620 770 In seinen willen nit ergeben wellen
2403 699 2711 780 seines mußens
1731 720 2281 854 habe er darvon gelaßen.
1729 745 2665 891 habe kein schwester von der anderen gewüße
1737 821 2623 940 Was er mit ihnen vertibt. Habe noch
1738 872 2672 1018 ein jängere tochter, welche aber ein klein
1743 937 2712 1076 kind gewesen, da sy von ihmme keitweg kommen.
1739 1004 2498 1134 und nunmehr im pabstumb sye
1729 1065 2717 1212 habe sich sonst der wyberen nichts angenommen
1732 1135 2685 1265 sich mit flößen uff dem waßer erhalten.
1733 1209 2694 1351 könne wederschriben noch lesen unnd eun
1757 1287 2650 1412 schlecht dungs das vatter unser unnd der
1759 1367 2661 1489 glauben betten, et was wenig habe er
1769 1438 2711 1562 noch an tisch gebetten können, welches er
1762 1494 2724 1624 aber vergaßen, seye deß wegen abehabens
1753 1569 2640 1698 gsin noch in seinen altentagen in die
1778 1644 2081 1747 schul varher
1786 1684 2729 1791 umb alige begangee fähler sy es ihme hectz
1777 1758 2703 1859 lich leid betta derhalben gott und ein
1776 1822 2729 1952 gnadige oberkeit demütig ist umb verzychen
1751 1903 2708 2023 darneben auch daß einer gnedigen ober
1792 1966 2747 2079 keit belieben möchte Wylener sehr schwachen
1793 2036 2708 2151 lybs unnd nit mohl tefuß, ihne etwan
1775 2100 2748 2212 durch andere mittelnrumb nach hauß
1780 2175 2735 2289 führen ze laßen, er welle gar gernnort
1793 2238 2712 2352 alleß ja neben mur dißer bald wider
1785 2306 2727 2417 heimb kommen, es seye ein geweßer dem
1790 2371 2727 2497 er schuldig sey, der merde lenge zyth haben
1806 2442 2620 2568 biß er mit seinem zinß begegnen
1785 2568 2760 2703 Alß obvermeldte erem uein elteste tochter
1793 2665 2753 2783 sr ninmehr vrohurateüber dise sach auch
1818 2730 2682 2843 ernstlich befragt worden, hat sy keines
1819 2802 2720 2920 vogt gestesen wollen, daß er der natter
1820 2869 2769 2991 sy einich mahl im bett nach seinem fürgeben
1820 2941 2691 3059 geschlaffen habe, abegn möhl einest alß
1820 3005 2749 3127 sy noch ein klein kun gewesen sy vff sein
1822 3078 2739 3180 schoß oder zwischen seine bein genommen und
1829 3142 2780 3256 sy, so vill in ihmme gewesen zetellen gesucht
1824 3213 2772 3324 aber dochwegen ihrer diß orths gethanen
1824 3278 2727 3390 Weigedung nichts effectueren mögen
2657 3352 2759 3457 i
