3024 4032
563 556 1457 690 Etman bekommen. Seye darneben auch
584 637 1479 765 bekant, daß sy zu zistlen herren lvogt denhooffs
922 716 970 763 1
564 714 1418 852 præefectus zu Lentzburg wegen etlich ellen
562 778 1452 904 gestolner gewratt zum halßüsen gesetzt, da
561 850 1452 961 doch ihra mit der anlegung deß rings seye ver
977 917 1472 1021 zn Colmar, allwo sy sich
561 926 858 1029 schonet worden.
563 977 1461 1102 wie schon gemeldet by 2 jahren by anzognem
552 1038 1484 1155 Heinrich Grümmlach gedienet, disen ihr mann
561 1112 1440 1229 Joht Burckheim Brem von Bürckheim ist
567 1175 1460 1309 Osterrych, der damahlen mit kleiner kramen
575 1244 1480 1368 den alßbrüllen etc. sich erhalten unnd gar vill in
574 1313 1427 1436 ihres meisters hauß gewandlet getriben.
575 1378 1476 1495 auch mit selbigem (wylen sy nit einer religion
586 1446 1373 1573 Iu Keysersburg den kirchgang verrichtet.
562 1522 1487 1653 So habe sy hernach noch gerners in gedutem hauß
574 1603 1464 1728 gedienet unnd sey dargegen ihr mann wie zu
577 1671 1398 1784 vor seinem gewarblin nachgangen biß sy
579 1740 1453 1866 schwanger worden, da habind sy beider syths die
582 1811 1474 1922 stattaumen mißen unnd seyen biß nach mun
577 1874 1469 1997 sten dm Lurerner piett kommen, allwo sy einen
586 1946 1467 2068 kindtsgenäsen, werde ein uff zukünfftigen
575 2020 1488 2139 Meyen 6 jahr sein, daß sy by einander seyen
584 2096 1429 2201 alß sy nun wie gemeldet zu Colmar kein
578 2162 1478 2280 Underschlauff mehrghan habe sy sich zu Inwy
581 2244 1489 2355 ler ein zyth lang gesetzt, da inzwischen ihr mann
576 2306 1429 2436 hin und uider bald zu Rügemberg bald an
581 2369 1452 2498 anderen orthen den stmmer durch seinem gege
583 2443 1466 2547 Werblin nachgangen unnd im weinter under
586 2512 1455 2640 zu ihr kommen. Von disem orth habind sy
580 2578 1469 2706 sich beider sths Ins Mintemberger landt in
574 2660 1479 2775 am dorff neüwhausen uff der Kileren genant
568 2719 1446 2854 begeben, da sy auch vberall by 2 Jahren ge¬
568 2785 1478 2937 wohnet unnd von nannen wegen ihres haben
573 2858 1448 3020 den gwarblis gar vill nacher Nuremberg ger
591 2926 1469 3065 teiset, also daß sy auch einest von den kenser
563 3010 1431 3146 sen volkommlich ußgezogen undt diser ihrer
574 3085 1449 3198 Krameren by deren sy zimlich prosperiert bey
574 3140 1472 3279 taubet worden, uff mellichen zugetragern
569 3217 1511 3368 unfahl sy das wenige gelt, so sy nach de gedeüten
556 3276 1454 3431 Neüwhausen ghan hinweg genommen unnd
1364 3415 1448 3509 sich
2827 390 2904 474 39
1887 499 2880 649 ich nacher Vlm von Bli aber vff Vefflinge
1872 595 2829 727 zum schwartzen adler begeben, allwo sy sich
1879 673 2837 791 by 3 tag uffgehalten unnd in mahtendem
1851 748 2898 874 ihren uffenthalt ein gewüßer schriber namen
1874 813 2862 940 Cicrad und nach seinem gürgeken zud crntzung
1863 892 2851 1021 dehenn sy wegen disen verlahrnen mahren
1866 963 2888 1097 Weimend befunden auch ihra zuglych zugesprochen
1870 1029 2892 1159 unnd seye diß das veglückhafftige orth da ihr
1870 1115 2897 1241 mann mit disen faltschen afftestationen sich belade
1876 1178 2898 1317 laßen, welche wie sy darfur halte von niemand
1877 1259 2826 1368 anders alß von disem Cnrad seyen geschriben
1873 1333 2884 1419 worden, wylen er under anderem ihra selbs geg
1886 1404 2831 1523 sagt daß er zu Crntznach ein schryber gsin seye
1834 1473 2874 1590 Doch habe sy nit gewüßt, daß ihr mann derglichen
1882 1541 2918 1655 berieffen habe biß sy mit einanderen nach s gallen
1867 1619 2876 1742 kommen unnd er die erste steünr da by haßur
1867 1697 2858 1816 genMeister vffgenomen, seye aber sindt darby
1874 1760 2883 1885 gsin sonder nur der schwyber uunradt Melcher
1861 1843 2901 1955 Duvon dannen sich nacher Zürich begeben ader sein
1868 1911 2867 2012 osament sonderbar bim Rappen genomen, da
1873 1972 2868 2107 sy hingegen zum starnen gelosiert unnd sich by
1873 2050 2880 2187 3 tagen da vffgehalten auch mehrers nit vff
1877 2136 2858 2258 nemen konnen alß 10 ß. vnnd seye haruff Ihr
1877 2216 2842 2334 man sampt dem Schryber vff Schaffusen zu
1877 2281 2872 2395 gangen vndt by 3 Nuchten eßgebliben, hernach
1875 2357 2904 2465 widerumb zu ihre nach Zürich kommen und demass
1895 2430 2850 2545 zu ihren gesagt, waner ein gulden zechen an
1895 2510 2842 2615 steuren vffgenomen wolle ersein gewerblin
1882 2568 2844 2690 widerumb fürnemmen. Hier in der stafft
1887 2647 2911 2755 seye sy zwar schon vor einem Jahr gewesen habe aber
1875 2713 2896 2838 dise attestationen noch nit byhanden ghan won
1887 2789 2905 2894 rumb sy sich jetzund widerumb ins landt begeben
1883 2854 2890 2984 seye geschechen wegen ihres einten kindts so sy schon
1882 2931 2879 3057 sydt zweyen jahren by einer schmester an der kost
1873 3017 2884 3130 habe welches wan es darnach Mere beschaffen
1877 3081 2839 3202 gsin, daß sy es etwan in einem anderen orth
1878 3149 2909 3275 hette anbringen können, wurde sy selbiges mit ihr
1891 3220 2375 3326 zuruck genomen haben.
2531 3248 2852 3340 Getreffendt
1867 3293 2870 3425 dann die andere Wybs persohn so neben Ihnen
2733 3405 2847 3481 umb
