3024 4032
545 607 1198 752 Hanß Baumgarter.
366 775 1320 947 Diser Hgumgarter, so vermag rath
419 876 1377 1010 zedels sub 20 marti 1678 die gemohnt
418 941 1346 1067 zuch der gefangenschafft ußgestanden undt
412 1021 1357 1150 gezwischen den s ollickoffer umb sein
422 1087 1347 1212 ansprach nit bespwiget. Ist mit dem
420 1144 1324 1276 eidt Jros statt err landt verwisen.
436 1236 657 1321 worden.
549 1620 943 1807 Jacob Goß.
398 1854 1395 1973 Sach demd diser Jacob Joß der vattler von
436 1921 1373 2027 worb megen gewüßer schuld so er dem
457 1986 1391 2088 Peter Kigier tethun schuldig, so wohl zu Morb
461 2047 1352 2158 Usen alß alhier in stat die gewohnte
466 2103 1369 2227 eit der gefungenschafft ußgestanden. ist
469 2164 1381 2285 elbiger haauff mit dem bidt von statt und
454 2227 1382 2328 und verwisen worden, Hat aber effgut,
448 2281 1343 2411 heisen seines creditoren bißuff necht zu
465 2351 1383 2477 künfftigen sterbans tag oder 25 meyen
454 2416 1380 2541 gestündung erhalten seine selbs eigne sachen
755 2472 1382 2604 geschehen, da er den eidt
465 2495 737 2592 eßzetriben.
454 2548 1295 2670 geschworen den 4tn aprilis 1678
1840 605 2434 729 Anthome Aubigny.
1889 674 2419 843 s Jancois du Foleil
1883 756 2375 876 Loritte Barbelin
1902 834 2341 957 Christina Barri.
1913 905 2282 1024 Marien Bergli.
1730 1072 2692 1217 Uff mahl abgangnen befelch, das wegen
1734 1143 2615 1286 diebtahlen in verhafft gesogne gesinden,
1756 1203 2661 1351 so sich letst vermlicher ostermährit nacht
1753 1279 2631 1411 geleßen laßen drunder zum mußen
1771 1340 2704 1463 rntz einem gewüßen schlaffenden bauren
1763 1398 2687 1496 von Trachselmaldt by 46 v ist seinem
1761 1458 2678 1587 Tschoen zenemmen über dise that ernstlich
1758 1523 2702 1644 ze bammieren, sonderlich aber den eiten
1774 1588 2627 1678 knaben mo vonnöhten mit zmlicher
1778 1641 2718 1750 menter ze ferken. Ist solches alleß den 10. april
1777 1711 2717 1814 1678 ddurch mh heimlicher magnek und
1780 1768 2700 1878 Janch gro�meibel von Mattenwyll in
1789 1830 2727 1945 bysein Joraman von erlacht zu bößpfenng
1774 1900 2657 2006 geg Steigers vnnd anderen meiner zr
1781 1959 2673 2060 der burgeren mehr an die land genomen
2182 2015 2694 2119 Da dan zu erst nechst,
1771 2023 1972 2121 Morden
1785 2076 2725 2191 anzogner knab Namens Anthome aulbi¬
1780 2140 2721 2257 gin alß by demmen obigen mans meßer
1783 2208 2691 2318 und auch ein geweßes verlornes Zürich
1768 2267 2729 2385 Diekli gefunden worden nach nihlem lang
1786 2331 2711 2451 nenvndt erveiter goosten hartneckigkeit
1789 2399 2735 2493 endtlichen uff dem marter Berickli bekendt
1705 2467 2750 2583 Daß er ja nit deß jeoliers oder kersker meister
1780 2537 2751 2655 von Greff sohnseye (wie er unneoschambter
1783 2607 2704 2723 Wys ein parstund zu vor solches dem herren
1786 2678 2753 2790 großweibel unnd grichtschauber fürgeben.
1801 2741 2748 2856 dorffen) sondern dem jetzigen wirth z
1796 2808 2778 2927 Chastillon angehöre vndt sonst seines handt¬
1798 2880 2765 2993 Mercks ein tapezeren macher seye, sich auch
1798 2946 2736 3053 ein par jahr in Frankrych zu cxon und
1799 3010 2735 3127 Morlie uffgehalten und diß handtwerck
1798 3084 2778 3188 daselbst getriben habe. Jen aberkomme eo von
1811 3145 2770 3253 Schuffesen allwo er sich by 14 tag lang vff
1799 3205 2781 3307 gehalten und habe er sich by seiner ankunfft
1802 3265 2776 3381 alsobald zum Myßen Trutz begeben, allwo
2718 3348 2775 3418 er
