3024 4032
152 431 244 527 168
529 484 1212 656 Hanß Ulrich Petzter
521 591 1090 748 oh god der Schreger
1276 699 1426 841 sh
547 684 1287 888 Maritz klüffiger dchloßer
528 782 1145 901 Joh Müller der scheidt
531 864 1406 1056 sendicht frutig n glasern zuger a
1237 1029 1385 1084 wer zuhoff
536 975 1404 1154 Abraham Müßli der Mabras wischisf
515 1069 1333 1209 Dand Schuppach von Dießbach.
418 1202 1406 1372 Dise handtwerks bugßt, die sich eines tagt
487 1283 1391 1401 von Zoffing alser zum Wilden mann
493 1356 1405 1490 begeben vnnd deßwegen Inverdacht ge¬
487 1428 1397 1537 zogen worden alß solten sy wider mahl
506 1491 1390 1619 nopot friegsdienst angenommen haben.
496 1551 1420 1661 sind darumb in verhafft genommen wole
490 1617 1385 1742 und durch mhen snts mey undt herr
490 1690 1412 1802 großweibel Willadman diser sach halb gnet
500 1755 1393 1854 ernstlich examiniert worden. Wylen
497 1821 1388 1924 aber weder der emt noch andere diser an-
494 1884 1424 1994 klag gestehen wellen, sonder ein jeder under
463 1947 1387 2035 ihnen verharret, daß er anders nit im
497 2023 1360 2134 sum gehabt alß seinem beruff undt
481 2091 1396 2212 handtwerck nachzezuchen, wie solches der b
490 2161 1403 2284 sich habe Wegetzugb etwas be
496 2228 1384 2359 eiget, über diß auch die diser sach halb
482 2309 1393 2434 genomene information kein fronegen
494 2369 1383 2509 gancht gegeben. Als habend mahl 6y s
482 2466 1388 2567 bewandter sach dise bgoß einmahl wide
483 2528 1403 2653 aumb uff freyen fuß gestelt, doch mit
487 2592 1394 2729 dem ußtreckenlichen befelch, daß ein jeder
479 2659 1421 2796 under ihnen sich zureck nacer Hanß begten
485 2740 1394 2845 undt von dannen ohne habende erlaubnuß
500 2810 1357 2929 nit wychen sölle widrienfahls werde.
487 2888 1408 3002 gegen einem söllichen ungehorsammen pr
493 2944 1395 3073 cediert werden, alß man er di�mahls der
481 3020 1366 3139 uffdigung halb würcklich wege über¬
490 3091 1404 3230 Wisen morden 20 januarii 1677.
2614 450 2711 550 169
1778 605 2574 760 Heinrich Zimerman.
1610 768 2722 949 Alß diser Heinrich zumermann ssonst taus
1704 857 2731 1002 Heini genant und eßem ampt dam gebürtig
1722 915 2682 1051 sich der neüw ingeführten bättel ordnung
1710 994 2728 1104 nit underwerffen wollen mndt darneben
1734 1047 2712 1179 einen nachbauren durch stühlen und andere
1728 1128 2671 1267 Hubenstückli große ungelegenheit gemacht
1711 1177 2731 1332 da auch ist anlaß gewüßer von ihmme uß
1719 1262 2728 1413 gegoßnen schandtlichen morten by seiner
1729 1331 2760 1478 eignen frauwen verdächtig worden als solte
1729 1409 2759 1552 erfuhristenlich gehandlet unnd mit einem
1719 1482 2749 1631 alb vergeßen haben. Ist diser gast söllicher
1719 1561 2710 1710 groben anklagen wegen alhier in der geen
1728 1636 2775 1784 fangenschafft durch herren großweibel Willa
1722 1716 2710 1863 den undt ganhschyber kabrett nachfüt
1722 1785 2697 1935 deßoaths empfangenen hochoberk befelchs
1743 1878 2757 2009 ernstlich examiniert und wyten er der gröbn
1755 1947 2771 2069 ten anklagen keines Megs gestendig sein wolle
1755 2017 2758 2151 ein eigne fraue de novo uber geweße von
1744 2093 2789 2231 Ihra gethane klegten vernommen worden, wellche
1747 2174 2700 2315 aber so mohl alß andere nachbauren diß
1749 2248 2779 2376 orths ein gantz anderen bericht geben, alß die
1755 2323 2775 2464 alhen verschickte schrfft uß gewisen, In dem
1758 2399 2784 2520 sy einstung besuget, daß diser man so zu sythen
1761 2480 2778 2589 gantz waset, und und deßwegen by ihnen
1759 2549 2761 2679 der taub Heini genamset werde) schon vor
1762 2627 2774 2751 ohngferd 12 jahren von diser seiner moln-
1780 2699 2786 2830 ichtigkeit wegen habe sollen In der insel
1768 2776 2784 2886 alhier angenomen werden, Wylen aber schon
1758 2846 2772 2968 damahls seinethalben kein große hoffnung
1761 2915 2744 3032 vnd darneben auch kein plag gewesen, habe
1768 2978 2817 3104 ein gnädige oberkeit ihmme 12 cronen gestürt
1762 3052 2790 3181 daß er möchte droben zu thun in die lur
1783 3118 2805 3250 kommen melliches auch geschechen, aber doch kein
1787 3196 2776 3326 beßerung ervolget, sonder seye ihnen
1781 3268 2799 3386 zu letst das einige mittel vom scparer geben
1781 3340 2798 3466 worden, daß man ihmme von syt zu zys flysig
2689 3440 2797 3533 zur
