3024 4032
86 479 168 578 148
554 578 1146 754 Cunrad Ingolit.
341 772 1364 945 Disem Cinrad gewoldt so schon zie vor mit
404 867 1361 1008 den eidt von statt und landt gehabt undt
422 944 1369 1090 aber selbige ohne erhaltene gnad widerem
422 1008 1329 1169 betretten ist den 6t aprilis 1677
419 1098 1333 1238 ein vrprad ufferlegt worden, daß mo
425 1172 1344 1307 er mehr in jiesigen landen erwystschet
434 1251 1362 1377 werde, solle ihm alß dan der kopf zwischen
434 1322 1358 1448 die bein gelegt werden, als wan er den
431 1394 1315 1528 eidt uff einfrnsches übertretten hatte.
598 2187 1142 2348 Neichel Stettler.
423 2307 1366 2475 Diser stettler sonst der alte disoltihur
472 2418 1305 2546 ser genant, So sich auch mit Anna
475 2489 1359 2615 schärer mit ehebrach befleckt undt alßo
466 2563 1368 2699 Den 2tan ehebrach berangen. ist den
477 2639 1353 2778 19. aprilis 1677 mit dem eidt von
470 2717 1389 2848 mgg statt unstlandt verwisen worden.
426 2800 904 2923 s nach luth gsatzes.
1405 1112 1465 1179 41
1490 1026 1678 1133 terbi
1486 1102 1596 1206 1676
1771 556 2370 742 Babi Schlappach
1693 737 2671 899 Aach demmen dise togenn talli Schlappah
1716 827 2614 974 vber Staffisburg ust thorgrichtlichen
1717 916 2669 1092 benden In die obere gefangenschafft ge¬
1736 996 2679 1152 ehrt undt da durch mhren sathren Eillie
1722 1059 2712 1224 alß verordnetem herren examinatoren undt
1725 1131 2700 1289 herren großweibel Millading, in bysein
1703 1203 2658 1362 herren keieg rathschwyber Kellers undt herren
1727 1289 2700 1430 Sammel Imhooff vber Ihre begangene
1728 1370 2698 1511 fahler ernstlich examiniert worden, hat
1753 1444 2688 1582 elbige nochmahlen fregwillig bestätiget.
1744 1525 2711 1694 was sy schön nar disem in ehorgrichtlicher
1730 1618 2288 1765 gefangenschafft bekent.
1680 1708 2738 1874 daß sy namlich mit Cristen Hubgcher Christen
1744 1803 2735 1944 ganweter michel ummerman und Mielaus
1735 1881 2739 1999 Freudenberger sich vorgebner maßen mit
1752 1955 2637 2090 ehebruch beflecket habe, da sy auch nit
1755 2023 2715 2169 eigentlich zesagen wüße, ob sy von mühel
1749 2095 2695 2235 zinerman oder aber vom Hauweter
1771 2171 2676 2302 schwanger seye, Wylen sy in einer nacht
1779 2263 2129 2378 by ihre gelegen
1738 2311 2718 2462 Mit obigem frenderberger aber habe sy
1774 2410 2751 2532 sich vor einem Jahr ddas erste mahl ver¬
1783 2476 2684 2615 gesten, alß sy schon ein kind von ihrem
1777 2543 2751 2682 mann gehabt, so noch lebe welches auch im
1787 2630 2287 2758 trunck geschechen seyen.
1769 2707 2711 2853 Mit Michel seinerman habe sy sich in herren
1806 2796 2739 2916 ghanß beihhalter Stettlers Hieschürli
1796 2864 2688 2957 nechst obenthalb der kneüwbrechen nit
1791 2939 2724 3070 Ehebruch befleckt, da sy auch von ihmme herren
1776 3013 2712 3153 Stettler ob der that erwütschet worden.
1785 3100 2773 3247 üüber obige schon din chorgrichtlichen banden
1799 3190 2737 3332 bekentet Eebruch habe sy sich noch mit
1793 3273 2755 3392 dem seren Mach, im letsten schnißend
2648 3333 2766 3443 vff
2654 436 2701 529 9
