3024 4032
151 466 262 565 84
419 1619 479 1725 de
394 521 1373 692 die sante gefangenschafft vndt hefftiger
470 627 1390 758 treüwen nichtteret straff deßen ein vo
473 701 1416 845 sach gewesen. zudem sy vermeint, daß der
469 776 1382 917 so derglychen gedancken habe undt solche
460 842 1401 987 anzechten vertibe inglyschem grad zehalten
466 916 1411 1070 seye alß der so sy würcklich volbringe, daß
473 995 1391 1134 er herrn jenner auch vorgehaltner maßen
460 1064 1400 1227 ihra eimahl by nacht zm storchen gaßen
449 1136 1367 1282 den mantel über den kopf geschwungen
461 1214 1389 1364 könne sy nit ab sein, habe aber gar nichts
473 1294 1402 1428 anders mit ihra begangen. Worumb er
466 1384 1409 1503 ihro auch ein thaler geben wollen, so aber
482 1448 1424 1577 nit an das rechte orth kommen, seye zweiffel
482 1545 1402 1678 ohn geschechen, daß er sy menig zuvor im
479 1622 1392 1742 trnnet so angebenlich angriffen habe vnd
480 1694 1414 1832 gesorget, solches möchte etwan antag kommen.
471 1777 1411 1898 den lyoner betreffendt mit dem sy wege
484 1861 1344 1985 tlich ze thun gehabt, deßen namen aber
476 1942 1438 2076 ihra unbekant, seye die sach also beschaffen, dß
489 2029 1387 2151 vor einer geraumen zyth da s ugger
488 2092 1363 2237 nach storchen mirth war sein magt vor
474 2181 1408 2308 das ans hinunder kommen undt begehrt, daß
490 2246 1374 2394 sy ihr ein zittelin so sy von ihrem mantoi
489 2333 1403 2469 verlohren widerumb ergentze, sy deßwege
479 2418 1413 2552 hinnff in ein gmach geführt, da der tgoner
485 2494 1386 2607 hinder der thür gestanden undt die thun by
481 2571 1404 2711 ihrem intritt alßobald verschloßen, ihra das
483 2647 1390 2776 maul verschoppet undt unzucht mit ihren
493 2715 1414 2864 getriben. Was nun den brieffbe
497 2794 1406 2942 lange so deß herren jenners geschwegen in die
472 2879 1389 3010 hand gefallen endt darin gestanden er solle
493 2950 1395 3090 sich wegen deß kindts nit mehr bekünenen
461 3048 1428 3171 Die milch werde ihn fürthin nichts mehr foßten
455 3114 1391 3246 Darvon wüße sy gar nichts zesagen, könne
478 3188 1405 3311 doch nit schryben undt blo� das truckte lesen
481 3270 1417 3402 seyen aber mehr huren alß nur sy, die solches
1273 3377 1407 3467 möchten
2703 354 2775 443 85.
1734 474 2754 658 möchten geschriben haben. werde sich auch
1737 560 2760 728 keines megs weder durch der hebamgn
1743 618 2785 805 noch ander Marhafften Luthensag befinden
1736 717 2765 875 daß sy jemahl eines kindts genasen oder
1748 786 2664 921 nur mit einem schwanger gsin seye.
1737 857 2748 1012 So seye dan auch mahr, daß sy zwar ie
1763 927 2785 1064 nährender ehorgrichtlicher gefangenschafft
1736 1011 2782 1156 habe nach nittlen brachtet, daß jemands
1749 1086 2780 1205 mit dem her Chorweibel umb ihre erledigen
1750 1164 2790 1314 rrden solte undt habe darumb herren Bauren
1751 1258 2772 1407 kung in die wahl geschlagen, daß sy aber
1764 1331 2775 1475 getreüwt, wo diß nit gescheche, welle sy ei
1755 1428 2805 1554 nem geweßen sergen alhier eins anen machen
1768 1493 2745 1644 werde sich solches nit erfenden, sonder habe sy
1749 1586 2763 1731 damahls verstanden, daß sy sich ob einem
1770 1671 2790 1789 gewüßen herr frantz seter darumb rechtn
2103 1746 2787 1891 Worumb sy bi�her die gry
1774 1778 1930 1870 ehle.
1774 1831 2801 1956 ente töchteren umb etwas frequentiert seye.
1753 1918 2797 2043 die ursach daß eins ihrem bruder zu seiner
1759 2003 2790 2137 Jetzigen frawwen geholffen, sonst wuße sy
1762 2090 2789 2224 jezund nit mehr, wo sy sich uffhaltind. Seye
1780 2177 2787 2306 auch war da� sy mit einanderen nach dry
1790 2246 2817 2382 Mirg gangen vndt sich da vffgehalten, aber
1783 2331 2757 2459 doch wie der Legel Wirth daselbst bezügen
1798 2407 2793 2538 werde) nichts ungebürlichs begangen, fonder
1789 2482 2796 2609 habe das einte Greyerzi so mitt ihm gangen
1811 2569 2817 2695 ein schwester heimbgesucht, so damahls kom
1796 2645 2836 2785 herport dem glaser schwanger gewesen und
1805 2725 2613 2857 aber jetz darumb abgebüßt habe.
1775 2820 2796 2938 mit pfanzoger Nagelschmid am stalden
1797 2900 2793 3016 sonst mr Rigmers den Nütlers fr habe sy
1824 2972 2803 3090 tem sonderbare kundtsamme undt habe nich
1818 3043 2734 3175 mahl nichts mit ihren zeschaffen ghan
1823 3123 2776 3255 müße auch weder von ihren noch obigen
1823 3200 2631 3327 Wreyerenen nichts ungebührlichs.
1808 3272 2813 3411 as die muter mit ihra geredt undt zum
1825 3361 2783 3488 gatter hinuffgesprachet, seye anders nichts
2704 3457 2812 3552 alß
