3024 4032
89 380 208 488 172
429 492 1371 734 Adler beid stolte ungd pruchtig belenden.
421 593 1379 801 der einten namens Hanß Jörg Küeffen
433 661 1266 813 uß Mirtzburg in franckenkind
451 742 1361 919 mantzer lenger Kärlis mit langen
1272 808 1382 869 1en
445 830 1380 1018 Shwartzen haaren unnd schnebarth my
448 896 1370 1090 um er sich von zysch zu vift erieren laßen
451 964 1377 1150 seines halters an 30 fahren sonst einge
444 1043 1349 1236 schwinder schryber der by undertegleg
451 1131 1385 1306 schrifften wmitieren unnd perfect schryben
448 1195 1384 1358 könne. Ier andere dan seines auff
434 1285 1350 1414 Namens trantz zu Namens aber ihmme
436 1340 1375 1494 unbekant, sey by 40 jahren aht ein mohl
445 1417 1358 1582 besetzter man mit langentalben haaren
449 1498 1383 1665 und falben bares dupflet im angesicht,
430 1593 1382 1745 darneben ein guter mutrius unnd orgi
454 1660 566 1764 list.
433 1726 1364 1868 Obige ottestationen habe er von dem dato
443 1823 1354 1958 nachengebrucht, da sy geschriben worden
446 1902 1367 2058 da� aber er unnd sein fr andere mahl
449 1991 1378 2120 mehr mit disen oder anderen derglischen
463 2068 1388 2198 attestationen herumb gangen ein under
466 2144 1371 2256 anderem einest sich deren im weltsch
472 2216 1410 2340 landtgebrucht, da sy nacher Gruffgeng.
451 2294 1370 2416 das konne er keines Megs bekannen
448 2362 1395 2490 Wuße auch er in Bartunlar fein andere
454 2434 1400 2566 gebrucht ze haben, alß die elteste im doto
515 2534 1402 2711 An die lahre marter geschlage.
437 2664 1398 2805 gekent diser gsell auch, daß sein jeschen
460 2753 1380 2862 hievor von einem gewüßen horte über
487 2817 1366 2927 attestationen bekommen mit welchen si
1291 2883 1356 2922 1
460 2876 1393 3017 Dem bättel nachgezogen er abersige nit
479 2964 806 3072 nüt gangen
474 3015 1429 3142 Her nach bekent er daß ers auch by 3 jahren
473 3096 1393 3210 endtlichen abersagt er by 6 jahren alß
468 3160 1425 3285 so lang er sein er habe getriben unnd daß
487 3225 1428 3355 sy solche attestationen von abvermeldten gset
488 3304 1432 3422 en undanderen underschidenlichen studer
484 3370 1420 3482 ten bekommen, selbige auch zu viertel oderzu
469 3423 1435 3540 halben jahren, nach dem es die zyst unnd nith
1222 3482 1444 3585 erforderet
2572 336 2694 440 173.
1639 434 2672 687 erfinderet, bald zu Seffungen bald an
1664 522 2625 737 anderen orthen da sy einanderen das
1654 597 2572 814 zendevous geben ernenweren laßen
1616 624 2713 860 Diß sey das 3te mall daß er sich hier befunen.
1652 717 2671 920 alldie wyller mit diser fradwen in der
1661 883 1873 975 eheseyen
1634 846 2708 1056 Ien rych sey sein eoknnder herumb gangen
1664 911 2652 1099 habe aller sönderlich die frauw sich deß
1686 1018 2177 1160 zuitleng angenommen.
1661 1056 2694 1224 mit anderen sey er mar auch gangen da
1679 1112 2719 1273 er aber das hertz elt wie sy gehabt disen bei
1686 1226 2096 1372 tang zebrauchen.
1652 1277 2728 1434 der einte mann so in seiner geselschafft
1683 1354 2700 1503 gewesen vnnd dener wie obgemeldt zu
1677 1415 2730 1548 Basel mit wnb unnd kinden angetroffen
1680 1499 2730 1625 habe er auch schon zu Uler geseihen, sey ein
1715 1566 2662 1687 unger kartis von galbenfaaren mit
1709 1622 2739 1745 einem brunnen rock von cadit befleidet.
1694 1698 2739 1826 Jetz aber vff Zürich vnnd weern woren
1705 1792 1806 1899 set.
1696 1814 2728 1962 damit sy nit vill under mander zehrind un
1713 1913 2735 2027 desto mehr bekommind, habend sy sich zertheilt.
1695 1976 2688 2115 die attestasionen unnd beicher, so sy sydt
1732 2053 2745 2185 6 jahren daher in ihre hand gebracht, Han
1728 2130 2758 2270 bnd sy mehrentheils von obigen dren gsellen
1719 2209 2742 2337 bekomen, doch sey nit bald einer der ker
1735 2276 2746 2396 leffnen studenten der nit mit einem oder
1732 2351 2731 2483 mehr derglichen faltschen sigten verfaßt
1748 2436 2763 2556 eye, zu dem daß man sy alte abgerister
1744 2494 2757 2619 sigel bekonnnd sy selbige gar sultil sampt
1745 2570 2768 2694 dem daran klebenden machs ufflymen
1747 2651 1977 2741 komund.
1725 2703 2712 2841 So bekannter nochmahlen, daß er knnd
1762 2796 2775 2921 sein frauw non anfang ihrer ehe sich mit
1730 2855 2703 2978 dergeychen sachen erhalten, wie mill sy
1741 2936 2761 3047 darmit erworben können er nit sagen ein
1752 2995 2721 3116 mahl für esten unnd drünken habind sy
1762 3058 2784 3190 gung bekommen. Durch den uunter seye er
1780 3129 2763 3252 nit geweiset, sonder habe sich by Ulmeffge¬
1777 3205 1959 3291 halten.
1775 3260 2783 3370 zu Ulm habe sein frauw nachetwas anklei
1763 3337 2785 3460 deren unnd zu Schaffuset habind sy zwar
2640 3433 2765 3521 nach
