3024 4032
175 423 266 522 64
607 502 1123 657 Slendin Wetzell
624 609 1051 747 Psrael Geill.
609 697 1233 862 Hnß Cunad Schatznen
486 881 1395 1058 Nach deme dise 3. mataa dienar noch
502 1009 1404 1138 ledige manner (darunder der erste von sin
499 1069 1417 1201 gemberg sich alhier inqualitet eines scharer die
202 1126 1406 1267 4faton augspungners by s wermert, der andere aber als ein
487 1215 1419 1347 Jubilierer gsell by si aperon sillet dem galdt
497 1282 1419 1415 arbeiter und der dittte auch für schärer dienes
505 1352 1413 1489 by hrr spengler sich uffgehalten). alß müth
488 1437 1406 1562 willige gaßentretter undt nachtschwurmer
502 1518 1433 1648 Hrr Jacob Treibolet den studenten uff seinem
496 1589 1406 1715 heimbweg gantz ungestummer müß angefallen,
505 1659 1421 1786 undt übel verwendt, darumb sy auch more
500 1728 1432 1855 origen tags gefencklich ingezogen undt hernach
489 1812 1421 1934 durch mhe raths herset undt hrren gro� ei
500 1867 1421 1997 bel Willedung diser actionhalb ernstlich wan
508 1947 1385 2075 eirt worden. habend sy die hergangenheit
493 2022 1421 2150 ihres besangnen fahlers volgender gestalten
498 2090 693 2185 enzellet.
484 2139 1405 2296 Erstlich, daß sy all drey selbigen nachmittag da
502 2238 1397 2359 In der nacht zwischen 10 under 1 uhren diser
508 2308 1421 2434 unfahl sich zugetragen, in hor zermers schar
517 2377 1394 2512 stuben zusamenkommen, allwo sy samentlich
503 2454 1391 2575 grieffen nacher hauß geschriben mndt selbige
505 2513 1422 2638 nos minderen kostens wegen in ein pacgult
498 2580 1400 2719 verschloßen über diß sich die statt zinff hus
513 2649 1412 2790 apers schugstuben begeben da underwegen
1140 2749 1264 2803 blaßen
508 2736 1407 2871 Cnnrad Schagman der Kaßler sein mantel in
513 2795 1413 2946 seines hhauß abholen müßen) und sich same
504 2875 1418 3017 tlich umb etwas in diser stuben uffgehalten
484 2945 1401 3093 habend sy endtlich ein tons shb die schantz ge
505 3017 1411 3145 than vndt im zuruck komen zum Stegnen
498 3095 1412 3228 ein eingige maß wye getruncken wisen
487 3156 1428 3284 d mirth sich entschuldiget, daß er ihnen so bold
495 3218 1378 3365 nit was anders siffstellen könne. Also
1246 3353 1395 3461 daß
1732 367 2855 629 daß sy sich von danige zu kaufffuthen
1787 482 2770 686 grgeben, allwo sy gsattes undt brättes
1785 552 2841 756 han mit auch be 4 maß zeye verbrucht
1787 629 2773 829 Als sy aber umb 10 uhren uß mangel
1790 703 2816 894 Myns sich hinwen gemacht, habe Valendin
1795 769 2857 977 gesagt sy wellind naheins die statt hinnff
1809 843 2863 1049 spazieren, werdind verhoffenlich zum Ster¬
1805 939 2801 1087 ven noch mohl mehr meyefenden, daryn
1792 1004 2849 1163 herren spenglers diener den willen nit geben
1800 1086 2821 1274 wollen sonderan hürübergang by seines
1785 1163 2869 1332 hin hauß sich angemeldet, alß er aber das hauß
1806 1255 2812 1417 beschloßen funden habe der Valendin vmb
1820 1326 2838 1481 etwas hänter alß er gethan klopfen wollen
1807 1416 2832 1562 Welches aber der Baßler erwehret iiß sorgen
1816 1479 2841 1609 es möchte sein herr undultig werden undt
1798 1553 2833 1722 deßhalben gesagt er welle ehe sechen wo er die
2301 1657 2879 1768 allwyll sy nun gewarn
1825 1674 2181 1787 nacht hinkönne.
1814 1719 2867 1836 Iet ob jemandt noch kommen werde die thür
1810 1799 2868 1961 uffzethen, habe Valendin alß der da so wohl
1824 1907 2875 2033 alß die übrigen 2enzimlichen rüsch gehabt
1823 1987 2844 2111 ut sich schon damahls mütig erzeigt he.
1830 2066 2813 2185 schaffner wyßen sohn der by herren koctor
1809 2148 2887 2267 gaudard tischgath vorem hauß angetroffen
1822 2224 2800 2350 ihne mit worten angefallen unnd ein
1831 2304 2870 2432 multescher versetzen wollen, wo er nit also
1828 2382 2882 2510 baldt in seines hrr hußgangen entwichen were.
1790 2468 2870 2586 Nach disem seyen sy all drey die statt Hinf
1840 2546 2798 2653 gegen dem zyth gloggen thurn endt von
1825 2624 2866 2752 dannen vber den platz gegen dem Zuglaus¬
1812 2694 2882 2839 hinderen gangen da herre penglers diener
1822 2777 2828 2890 der saßler uf der rechten sythen gegen
1819 2868 2887 2978 Dem bach Valendin in der mitte, der gold
1839 2936 2853 3059 arbeiter aber uff der linggen gsin, undt
1857 3014 2865 3136 sein der nunmehr verwundee. wibolet
1832 3098 2889 3226 die statt hinunder dem bach nach kommen, so bald
1852 3157 2895 3308 er in ihrer gegne gsin habe valendin den Haßler
1851 3241 2815 3391 an ihn zuchen gestoßen, daß er fast in bach
1849 3306 2879 3447 hineingefallen, daruff er gesagt, er vermein
