3024 4032
240 345 288 410 1
502 474 1497 654 ihrer begangnen diebstahlen halb examiniert
535 569 1531 766 worden. Ist sy daß einten hon scheiber durch
539 625 1517 837 gestolnen und nachtlicher wys zweyen understullen
539 712 1540 883 greüwen an der goldtenmatt gaßen übergebern mit
536 772 1523 940 etwas tücheren ingewiggleten ehrenen hHaaffen
540 849 1523 1016 ob wellicher that sy dan jzmahlen glychsamhent
536 917 1477 1081 grofflich erdappet) nochmahlen bekant gsin, d
542 985 1510 1148 übrigen diebstahlen aber deren man sy auch be-
529 1062 1516 1211 klagen und mit zimmlichen umbständen überwesen
530 1144 1523 1283 wollen. Alß daß sy ihmme hrr Junchi undtm
512 1201 1484 1338 hantig dem müller an der matten mr Grüber
521 1287 1491 1439 dem überrüther by Nagelis gäßli grichtschryber
524 1348 1524 1511 Halbgett an der Hornmarß gaßen, nochmehr ehren
532 1426 1514 1568 nehaffen Mhhl Bauw von Dießbach ver¬
531 1488 1502 1655 hülleter uns ein crev zung nachtgeschic, hrr
526 1569 1494 1739 Doctor Hogdan ein beth herren schmdtsh kochs
535 1646 1499 1795 sel verlaßnen etwas zing geschirs, im oberen
532 1721 1463 1855 spittahl auch etwas geschirs und den armen
536 1808 1486 1952 lüthen daselbst ihr gelt u� den kleideren ges
535 1877 1458 2023 stahlen habe. Hat sy weder by uff zuhung der
534 1956 1464 2069 lähren marter noch anhenckung deß 25 lb
538 2028 1508 2164 steins ja obschon sy bekgeumet worden, daß
523 2100 1515 2251 mit dem lentnerigen stein auch müße effgenen
540 2189 1467 2312 sogen werden gestelen wollen, sonder immer
527 2253 1501 2400 verharret, daß sy anders nit alß disen erstan
526 2337 1507 2470 zognenhaaffen, darob sy alß ein ungluckhafftige
514 2404 1463 2553 so bald seye entdecht worden, entwrendet habe.
500 2561 1512 2703 Alß nun mohlermeldter mh herren examinator
530 2643 1472 2776 dise gethane bekandtnus mysen vorbracht.
513 2712 1487 2850 habend selbige, dise diebin nochtnasten in das
515 2781 1479 2926 Schallenwerck mit einem ring am halß und
512 2851 1474 2997 daß ihra nit mehr zugelaßen sein, solle sich ze
524 2927 1373 3056 verhallen, wie sy zu vorgethan, erkent.
503 3016 1120 3144 actu 23. octobris 1675.
1601 748 1824 865 obstehende
1991 502 2772 647 Jcan Pierre Secretan von
2201 611 2433 704 Morsee.
1909 726 2880 842 Ist wegen er Claudine Beluches vffgewisen
1903 797 2841 909 daß sy Hrr eredwanter hevenoge von Morser
1915 859 2874 977 seltschlich der fleischlichen vermüschung angeklagt (wre
1910 929 2919 1040 er sich dan deßen durch den eydt purgieren müßen)
1897 997 2898 1109 darneben auch nach vffgenommener information
1913 1060 2868 1156 seines labwasens ein gantz venntzen mann
1908 1118 2869 1219 sein soll, Trafft rathserkandtnuß sab 25
1907 1177 2895 1292 octobris 1675 zu Mohl verdenten straff
1912 1243 2850 1347 wwo seundt an das halß ysen hernach aber
1906 1306 2901 1404 mit dem eidt von stat andt landtzester my
1913 1372 2910 1476 sie erkent worden. Acda 28 a octobris.
1908 1456 2022 1520 167
1963 1910 2694 2064 Poter Schmidt vndt Peter
2101 2023 2296 2118 Doder.
1824 2164 2822 2292 Dise zwen alß melche hr spittahlm knecht
1901 2242 2890 2355 hievor getroschet undt etwas gemachses hern
1889 2303 2908 2416 entreüwet, sindt disers diebstahls halben durch
1880 2379 2912 2498 Mhhl Examinatoren Engel, vndt Posgroßmei¬
1892 2432 2837 2563 del Milladung in der oberen gefangenschafft
1898 2501 2900 2625 alhier ernstlich befragt worden, nndt haben
1901 2559 2690 2693 olgende bekandtnuß vor sich geben.
1888 2622 2918 2771 sagte er schmidt ustemßigenthall, daß er das
1895 2702 2907 2838 erste mahl von gedeutem gewächs underennst
1895 2767 2515 2861 den mas dinckel genommen
1869 2822 2932 2954 Das andere mahl habe er nochmahlen by 5 oder 6 mb
1880 2890 2909 3008 dinckel bekomen, welches er In einer Mannen
1882 2947 2849 3089 genomen vndt In ein klein secklin gethan.
1871 3011 2832 3158 Denne habe erauch angeklaster maßen
1889 3082 2862 3207 Am abden garben geschlagen, so da by kier
1893 3127 2900 3291 maßen bringen mögen darzu sein gespan auf
1894 3208 2140 3307 geholffen
1875 3264 2945 3400 Redtlichen hat er auch bekendt, daß er nach 32 mas
1895 3354 2921 3467 Roggen 2 mas haber undt 6 mas sytterkorn
1891 3409 2885 3530 bekommen. Wyters wüßte er nit ze sagen geschechen
