3024 4032
123 436 238 514 22
406 550 1378 766 seitere clag undt frag an den besagte
456 653 1363 830 phäter langenze laßen. Ob er nite
457 701 1369 891 sendig anred undt bekandtlich seye deß
457 775 1384 953 montags den 22. januarr dises 169 jahr
449 851 1359 1017 er zu scpubigen vor dem irthshauß
453 930 1387 1062 ohngefahr umb zeien ehten in der nach
440 981 1359 1135 un und daneln stucki von Kelpe mit
437 1054 1384 1206 zweyen meßerstichen anseinem leib
443 1116 1366 1271 weit verlezt unnd verwendet, auch uff
437 1197 1383 1330 darüber gewunnene flucht ihme hinvn
432 1261 1368 1401 her nachgeloffen und da er ihne weylt
449 1317 1377 1467 mit handtstreichen noch wyters geschlagen.
1177 1442 1211 1474 8
451 1400 1335 1543 also daß er den 3ten februarii giemit
440 1470 1376 1595 Jnneat Wolff tagen hernach das leben
443 1538 1364 1667 darvon laßen müßen, deßen dan die
459 1625 1382 1755 Mortzeigen alhier under angenligen,
1079 1775 1157 1857 At
414 1787 1374 1916 ber dise angehorte klag derbe
464 1863 1334 1984 elagte durch seinen hr fursprechen
470 1928 1369 2066 antworten unnd anzeigen laßen
466 2009 1383 2127 Es seye leider nit weniger dan daßer
470 2073 1387 2204 gedachten ooths unnd zu ermeldter zyth
465 2148 1366 2259 mit deinabgeleibten stucki in ein
467 2216 1389 2324 gesecht kommen, in welchen er die ver
456 2284 1390 2415 meßerstich unnd hernachige handtstre
467 2355 1409 2483 geclagter maßen gethan, er seye aber
428 2422 1388 2539 daszu veranlaßet undt ver ersachet
455 2487 1401 2627 worden durch den fuststreich welchem
452 2576 1382 2675 Der abgelibte ihme aeregeche derzu
467 2632 1403 2749 gegeben ursach also versetzt, daß er dar
473 2691 1376 2810 von zu boden gesuncken, welches ihmme
461 2765 1364 2889 von demselben daher unnd aß diser
461 2823 1401 2957 ursach beschechen wylener ihne den stu
473 2906 1375 3040 i sel bewußter schul halb getriben.
472 2975 1384 3102 undt mit pfenenhart an dhe gesetzt
458 3043 1393 3172 Wie denselbe in seiner letsten edtlichen
467 3119 1395 3235 nstag selbsteerheiter bekent unnd daß
470 3180 1372 3324 er ihne gfeller alß er ihne geschlagen.
467 3255 1150 3392 mohl gekënt habe ernntheret.
1226 3274 1364 3362 undt
413 3315 1179 3463 Diewylen die satzung fol 83
1204 3350 1385 3470 besbrau
1203 3410 1363 3520 kenlich
2631 460 2713 543 123
1697 571 2719 713 kenlich verman, daß man einer dem
1711 641 2738 785 anderen mit dem ervor gricht zuschaffen
1702 694 2671 866 gsen, s seye gleich vor oder nach eorte.
1717 774 2695 915 rung der sach fürzeücht uff ihne marn
1712 839 2649 985 tet unnd ihr angreifft, so sölle der s
1731 920 2715 1063 also treffenlich vnnd Inhormnem mutz
1726 974 2679 1127 gewantet undt angriffen hat allen
1723 1048 2667 1201 den schaden der ihmme anseinem leib
1739 1119 2691 1270 zugesagt wurde an ihm selbs haben
1734 1185 2717 1316 vndt der so also angegriffen worden.
1739 1263 2697 1402 wnder statt undt mrnngklichem va
1738 1352 2724 1490 eged sein ohne alle beßternen alß gelebe
1744 1424 2724 1556 er der beklante der getrosten poffnung
1747 1496 2751 1634 es solle dise ingeführte vazungkndt dra
1749 1577 2682 1702 feitere zehalt derselben ihne diser
1747 1650 2753 1791 seiner gethanen gegenwehr halb schützen
1759 1728 2660 1846 de�en sas darby underloffen sin
1763 1795 2723 1936 inschuldig unnd aakbed erkennen undt
1729 1870 2721 2009 den abgelybten stuck, dahin wechen
1732 1943 2743 2079 Das janige Mas ihmme an seinem leib
1771 2039 2744 2144 zugef�gt worden. wie die satzung buh
1782 2117 1871 2168 1
1767 2109 2765 2252 stablich ußmeißt an ihmme selbs haben
1751 2183 2705 2325 welches er nin sein rtechtensetze
1724 2316 2757 2475 Dannber replirierte de� herren klegeren
1751 2422 2730 2546 H�rsprech v Herr der rüffer meidt
1773 2495 2756 2632 gndige ihr mein herren es hat mein
1776 2573 2750 2706 v schuldthi hie ungegen ungehört was
1753 2651 2765 2769 der beclagte eedicht gseller uber die
1789 2720 2771 2868 wider ihne gefußte clag zu seiner krrn
1781 2814 2736 2946 antwortung durch den herren seinen
1776 2887 2793 3021 vrsprechen für unnd jerenden laßen
1794 2966 2782 3103 kart sich aber solchen bescheidts nit ersettigen
1790 3045 2786 3183 nochdarfer halten, daß derselbe anng
1811 3128 2759 3248 am sein werde die begangee that, da
1802 3203 2785 3331 her deß stuekis stel tödtliches ableiben
1807 3278 2716 3418 unndt hiemit ein bekanter todtschlag
2621 3354 2812 3480 erkotget
