3024 4032
151 434 221 514 88
422 520 1428 748 kundtsamme nit habe eßent, daß ei emegen
464 643 1409 801 deß herren grebers diener gesechen in seiner
463 715 1431 882 herrn haußhinen gehen dem sy im fürübe
477 793 1435 954 gang angeredt unnd ga��t, vermeine aber
486 863 1404 1036 nit, daß sy darumb etwas ungebürliche
486 950 838 1071 begangen haben.
469 1024 1385 1176 ver der saumel seye den sy schon hievor
494 1098 1398 1253 ein mit dem tauffnamen namsen
482 1178 1414 1326 können, wüße sy noch zu diser stund nit
470 1257 1394 1400 habe sich aber wie schon gemeldet mit ihmme
479 1328 1402 1470 vergeßen undt das am tag zu vor ehe sy
479 1404 1408 1560 In die vorgrichtliche gefangenshafft kommen.
479 1491 1389 1612 Da habe er zum korchen loßieren wellen
480 1558 1369 1703 undt sy geschickt wyn holen, den sy mit
504 1655 1409 1791 einanderen in ihrem haußgang truncken,
476 1724 1394 1859 daruff sy sich in ihre uüher begeben er seyn
490 1809 1411 1941 Ihra aber nachgevolget undt zu ihr in ihre
488 1917 888 2000 camerinkomen.
468 1971 1403 2109 daß sy in so schanstlichem zustandt sye von
489 2061 1348 2158 den gebamen befunden worden, kome.
492 2123 1400 2254 alleß von dem Studenten welcher so grob
497 2193 1380 2321 mit ihren umbgangen Über diß unnd
465 2282 1381 2393 daß sy sich noch mit obanzognem woner
498 2346 1373 2486 befleckt, werde gar nichts ungeberlich
488 2432 1366 2547 von ihmme erwisen werden, wüße auch
479 2498 1337 2644 diß orths gar nüt wyters ze bekannen.
473 2580 1406 2722 worumb die muter sich nach Fryburg ge
485 2658 1394 2791 macht, könne sy kein ursach goben, alß daß
496 2737 1420 2864 sy etwan gewüßes zug, so in die tochter daß
495 2799 1332 2954 selbst gelaßen, möchte abhalen wellen.
714 2991 1428 3146 Vffgenomme Information
516 3096 1405 3214 Den 31. julii durch mhrren exammnasoren und
620 3153 1401 3285 übrige herren wegen dem 3. nechstge
629 3227 1424 3354 nanter dieneten so sich flüchtig gemacht
634 3298 922 3391 haben söllen.
457 3324 1395 3511 erstlich gibt H Mernhart Greber der
1264 3457 1423 3553 schryber
2670 432 2746 517 89.
1762 553 2664 721 schryber dißorthsbericht, daß sein
1766 631 2736 772 diener Jacob Manli sich schon fevor faße
1764 717 2736 830 ein jahr by ihm uffgehalten unnd hernach
1767 783 2757 909 sein ehrlichen abscheidt von ihmme genommen.
1761 863 2757 983 undt sich in friegsdienst begeben, da er auch
1762 916 2751 1065 einzyth lang gefangen gewesen, uff den
1764 999 2721 1116 neüwganrs tag aber sei er widerkommen,
1760 1067 2745 1203 undt habe sich alhier mit herre nötigers gsellen
1770 1147 2732 1280 undt herren tshers diener underredt, daß
1786 1206 2757 1348 sy mit einanderen einreiß thun wollind
1777 1303 2754 1421 wie er dan mürcklich biß nacher geuff
1780 1371 2766 1478 kommen. Von dannen habe er sich widerumb
1789 1441 2768 1592 zuruck biß nacher Hemplit begeben allwo
1792 1542 2715 1675 im ander Weltscher tischganger zu ihm
1783 1613 2771 1760 kommen dem er gesagt, daß er gern wider
1764 1703 2736 1797 dienst annemen wolte, wo er mur noch
1780 1776 2741 1914 pfatzfinden wurde. Sonst müße er herren
1781 1857 2744 2004 greber nit, daß er jemahls etwas der
1781 1953 2764 2087 glychen laser an ihmme gesperrt habe, wohl
1796 2033 2736 2171 seye er etlich mahl zwar bat seimbkommen.
1782 2117 2739 2258 darumb er ihn von zyth zu zyth repreken,
1790 2201 2788 2339 diert, habe aber darneben sich gehalten, daß
1784 2280 2780 2413 er seines diensts gar wohl zu friden gewesen
1761 2419 2768 2572 Herr Nötiger der goldtschrit zeget, daß
1795 2533 2714 2649 sein gsell, Wilhelm Brumman von
1785 2609 2727 2744 Dußeldorff sich zwar etlich nacht by herr
1794 2697 2805 2798 Grebers diener zugezogen, darumb er ihn
1793 2765 2812 2904 auch offtmahl beschuket, wüße aber nit daß
1805 2847 2794 2963 er sonst etwas angebührlich an ihmme ver
1809 2924 2727 3060 spnrt. Wohl seye vor disem under den
1799 2995 2782 3143 Goldtschmidt gsellen seinet halben etwas ge
1800 3079 2758 3216 nichts gangen wegen der lengen nagleren
1798 3163 2790 3285 so damahls Im loch gewesen vndt vermei¬
1804 3249 2821 3373 sie er daß damahlen da er sich hinweg gemacht
1806 3319 2773 3464 es von gedeüter Nagleren nit aber von
2648 3422 2785 3535 deß
