<?xml version="1.0" encoding="UTF-8" standalone="yes"?>
<PcGts xmlns="http://schema.primaresearch.org/PAGE/gts/pagecontent/2013-07-15" xmlns:xsi="http://www.w3.org/2001/XMLSchema-instance" xsi:schemaLocation="http://schema.primaresearch.org/PAGE/gts/pagecontent/2013-07-15 http://schema.primaresearch.org/PAGE/gts/pagecontent/2013-07-15/pagecontent.xsd">
    <Metadata>
        <Creator>prov=University of Rostock/Institute of Mathematics/CITlab|PLANET AI GmbH/Gundram Leifert/gundram.leifert@planet-ai.de:name=German_Kurrent_XVI-XVIII_M1(htr_id=19584)::::v=2.6.7
prov=University of Rostock/Institute of Mathematics/CITlab|PLANET AI GmbH/Tobias Gruening/tobias.gruening@planet-ai.de:name=de.uros.citlab.module.baseline2polygon.B2PSeamMultiOriented:v=2.6.7
prov=University of Rostock/Institute of Mathematics/CITlab|PLANET AI GmbH/Tobias Gruening/tobias.gruening@planet-ai.de:name=/net_tf/LA73_249_0mod360.pb:de.uros.citlab.segmentation.CITlab_LA_ML:v=2.6.7
Transkribus</Creator>
        <Created>2021-03-11T12:12:38.388+01:00</Created>
        <LastChange>2022-09-12T14:58:16.015+02:00</LastChange>
        <TranskribusMetadata docId="1334838" pageId="52361856" pageNr="72" tsid="114643649" status="IN_PROGRESS" userId="9570" imgUrl="https://files.transkribus.eu/Get?id=MKYIFJQELRVTFFPGSNBGREFR&amp;fileType=view" xmlUrl="https://files.transkribus.eu/Get?id=GOCLUEMAFPWRTVATTPAQMPFU" imageId="19032714"/>
    </Metadata>
    <Page imageFilename="B_IX_483_Seite_072.jpg" imageWidth="3024" imageHeight="4032">
        <ReadingOrder>
            <OrderedGroup id="ro_1687513691197" caption="Regions reading order">
                <RegionRefIndexed index="0" regionRef="r1"/>
                <RegionRefIndexed index="1" regionRef="r2"/>
                <RegionRefIndexed index="2" regionRef="r3"/>
                <RegionRefIndexed index="3" regionRef="r4"/>
            </OrderedGroup>
        </ReadingOrder>
        <TextRegion orientation="0.0" id="r1" custom="readingOrder {index:0;}">
            <Coords points="122,451 122,602 218,602 218,451"/>
            <TextLine id="r1l1" custom="readingOrder {index:0;}">
                <Coords points="115,569 151,562 170,570 196,570 201,566 224,569 224,492 213,496 190,492 179,503 174,499 160,510 114,499"/>
                <Baseline points="122,551 154,552 186,551 218,551"/>
                <TextEquiv>
                    <Unicode>136.</Unicode>
                </TextEquiv>
            </TextLine>
            <TextEquiv>
                <Unicode>136.</Unicode>
            </TextEquiv>
        </TextRegion>
        <TextRegion orientation="0.0" id="r2" custom="readingOrder {index:1;}">
            <Coords points="423,648 423,3451 1398,3451 1398,648"/>
            <TextLine id="r2l1" custom="readingOrder {index:0;}">
                <Coords points="412,733 517,683 630,679 733,736 859,687 966,737 1032,688 1095,729 1355,759 1356,727 1004,588 959,619 849,619 749,574 605,605 422,594"/>
                <Baseline points="423,680 469,680 515,681 561,681 607,681 654,681 700,681 746,683 792,683 838,685 885,688 931,690 977,694 1023,699 1069,703 1116,711 1162,719 1208,727 1254,737 1300,749 1347,762"/>
                <TextEquiv>
                    <Unicode>ein andermahl habe es sy uf den armen</Unicode>
                </TextEquiv>
            </TextLine>
            <TextLine id="r2l2" custom="readingOrder {index:1;}">
                <Coords points="433,792 490,763 576,801 678,749 839,787 909,754 1114,774 1165,827 1228,800 1346,840 1351,776 1238,730 1110,748 1006,708 951,739 853,686 807,725 740,701 704,729 581,723 521,684 439,719"/>
                <Baseline points="444,750 488,750 533,750 578,750 623,750 668,750 712,750 757,750 802,752 847,753 892,755 936,757 981,760 1026,765 1071,771 1116,777 1160,786 1205,794 1250,805 1295,818 1340,831"/>
                <TextEquiv>
                    <Unicode>getragen nnd uff eintrag gesetzt ud</Unicode>
                </TextEquiv>
            </TextLine>
            <TextLine id="r2l3" custom="readingOrder {index:2;}">
                <Coords points="424,840 657,815 736,856 866,823 968,861 1068,834 1355,917 1359,851 1274,847 1225,802 1168,829 1126,782 1074,816 909,754 858,793 718,794 690,767 576,799 427,788"/>
                <Baseline points="432,821 477,821 523,821 569,821 615,821 661,821 707,821 753,821 799,821 845,822 891,825 936,827 982,830 1028,833 1074,838 1120,845 1166,851 1212,860 1258,869 1304,880 1350,893"/>
                <TextEquiv>
                    <Unicode>da er vor nichen gestanden vndt abermahle</Unicode>
                </TextEquiv>
            </TextLine>
            <TextLine id="r2l4" custom="readingOrder {index:3;}">
                <Coords points="439,900 504,913 538,885 592,931 652,895 764,924 967,897 1059,928 1205,914 1276,975 1369,952 1371,918 1288,878 1068,834 927,875 869,823 802,821 736,868 658,815 442,856"/>
                <Baseline points="446,891 491,891 537,891 583,891 629,891 675,891 720,892 766,893 812,893 858,895 904,896 949,898 995,902 1041,905 1087,909 1133,913 1178,918 1224,924 1270,932 1316,939 1362,948"/>
                <TextEquiv>
                    <Unicode>alß obstath mit ihren procdiert und tung</Unicode>
                </TextEquiv>
            </TextLine>
            <TextLine id="r2l5" custom="readingOrder {index:4;}">
                <Coords points="449,975 535,1001 598,958 766,987 943,970 991,1010 1082,970 1331,1020 1343,973 1193,969 1116,916 1059,947 969,898 724,933 653,895 598,938 536,884 503,914 452,898"/>
                <Baseline points="456,959 502,959 548,960 594,960 641,960 687,960 733,962 779,962 826,963 872,965 918,966 964,969 1011,971 1057,974 1103,978 1149,983 1196,988 1242,992 1288,999 1335,1005"/>
                <TextEquiv>
                    <Unicode>uff ihr demahliges klager sy widerumb</Unicode>
                </TextEquiv>
            </TextLine>
            <TextLine id="r2l6" custom="readingOrder {index:5;}">
                <Coords points="442,1037 644,1073 709,1035 801,1084 930,1054 996,1087 1110,1045 1197,1098 1358,1090 1361,1039 1176,981 1119,1004 1082,970 979,1012 912,972 851,1000 798,969 755,1000 705,966 555,1004 496,959 445,981"/>
                <Baseline points="450,1028 495,1029 540,1031 585,1032 630,1032 675,1032 720,1034 765,1034 810,1034 855,1034 901,1035 946,1036 991,1037 1036,1039 1081,1043 1126,1046 1171,1051 1216,1056 1261,1062 1306,1071 1352,1080"/>
                <TextEquiv>
                    <Unicode>ldan gelaßen, sy geschweigt undt gestanst en</Unicode>
                </TextEquiv>
            </TextLine>
            <TextLine id="r2l7" custom="readingOrder {index:6;}">
                <Coords points="448,1143 531,1149 605,1110 673,1140 760,1103 864,1140 914,1108 1018,1161 1181,1120 1327,1172 1362,1162 1364,1118 1290,1080 1194,1099 1109,1044 997,1088 848,1055 761,1078 725,1040 618,1083 575,1045 451,1041"/>
                <Baseline points="456,1110 501,1110 546,1109 591,1109 636,1108 681,1107 726,1107 771,1107 816,1106 861,1107 906,1107 951,1108 996,1110 1041,1112 1086,1115 1131,1118 1176,1121 1221,1126 1266,1132 1311,1138 1356,1146"/>
                <TextEquiv>
                    <Unicode>sey ihra nichts geschechen, sy sey in einen mege</Unicode>
                </TextEquiv>
            </TextLine>
            <TextLine id="r2l8" custom="readingOrder {index:7;}">
                <Coords points="458,1181 1347,1209 1348,1137 1160,1165 1104,1123 1018,1162 935,1119 870,1145 760,1104 656,1154 459,1150"/>
                <Baseline points="465,1178 508,1176 552,1176 596,1176 640,1176 684,1176 727,1176 771,1176 815,1176 859,1176 903,1176 946,1177 990,1178 1034,1179 1078,1181 1122,1183 1165,1185 1209,1188 1253,1192 1297,1194 1341,1199"/>
                <TextEquiv>
                    <Unicode>nachem meitli müße auch sagen daßer</Unicode>
                </TextEquiv>
            </TextLine>
            <TextLine id="r2l9" custom="readingOrder {index:8;}">
                <Coords points="461,1246 957,1250 1089,1297 1163,1270 1344,1283 1346,1217 1264,1197 1234,1222 1161,1182 1096,1220 962,1181 900,1214 775,1182 463,1181"/>
                <Baseline points="468,1241 511,1241 554,1242 598,1242 641,1244 685,1244 728,1244 772,1245 815,1245 859,1246 902,1247 945,1248 989,1249 1032,1250 1076,1253 1119,1254 1163,1257 1206,1259 1250,1264 1293,1268 1337,1272"/>
                <TextEquiv>
                    <Unicode>im bösenwillen nit volbracht habe undt</Unicode>
                </TextEquiv>
            </TextLine>
            <TextLine id="r2l10" custom="readingOrder {index:9;}">
                <Coords points="450,1358 544,1320 794,1318 958,1325 1005,1362 1060,1323 1172,1326 1229,1365 1371,1359 1372,1326 1241,1279 1170,1308 978,1292 858,1245 453,1262"/>
                <Baseline points="458,1313 503,1313 548,1314 594,1314 639,1314 684,1314 730,1314 775,1315 820,1316 866,1316 911,1317 956,1318 1002,1319 1047,1321 1092,1323 1138,1326 1183,1329 1228,1333 1274,1337 1319,1342 1365,1347"/>
                <TextEquiv>
                    <Unicode>seye die that nit anders angangen alß man</Unicode>
                </TextEquiv>
            </TextLine>
            <TextLine id="r2l11" custom="readingOrder {index:10;}">
                <Coords points="449,1403 703,1391 744,1419 795,1386 960,1410 1045,1388 1301,1422 1321,1381 1063,1323 1008,1366 953,1327 834,1362 630,1318 450,1358"/>
                <Baseline points="456,1383 498,1383 541,1383 584,1383 627,1383 670,1385 713,1385 756,1385 799,1385 842,1386 885,1387 927,1388 970,1389 1013,1390 1056,1391 1099,1392 1142,1394 1185,1396 1228,1397 1271,1400 1314,1403"/>
                <TextEquiv>
                    <Unicode>er an ein flo�e mauren kommen miere</Unicode>
                </TextEquiv>
            </TextLine>
            <TextLine id="r2l12" custom="readingOrder {index:11;}">
                <Coords points="434,1473 481,1493 518,1463 750,1475 801,1449 1028,1465 1098,1508 1178,1472 1345,1490 1346,1440 1289,1418 1220,1441 1137,1392 1092,1426 1045,1388 924,1396 849,1444 684,1430 651,1395 436,1389"/>
                <Baseline points="441,1452 485,1454 530,1455 575,1457 620,1458 665,1460 710,1460 754,1461 799,1461 844,1463 889,1463 934,1464 979,1464 1024,1466 1068,1467 1113,1469 1158,1470 1203,1473 1248,1476 1293,1479 1338,1482"/>
                <TextEquiv>
                    <Unicode>Wyters könne gar nit gestehen, daß</Unicode>
                </TextEquiv>
            </TextLine>
            <TextLine id="r2l13" custom="readingOrder {index:12;}">
                <Coords points="463,1546 1060,1536 1107,1568 1190,1548 1234,1586 1320,1557 1321,1507 1272,1477 1171,1499 1141,1477 1097,1510 988,1466 858,1511 779,1462 465,1488"/>
                <Baseline points="471,1521 513,1524 555,1528 597,1530 639,1532 681,1534 723,1535 766,1536 808,1536 850,1536 892,1538 934,1538 976,1538 1018,1538 1061,1539 1103,1539 1145,1542 1187,1544 1229,1545 1271,1549 1314,1551"/>
                <TextEquiv>
                    <Unicode>an ihre seye vrault worden undt seye</Unicode>
                </TextEquiv>
            </TextLine>
            <TextLine id="r2l14" custom="readingOrder {index:13;}">
                <Coords points="464,1610 531,1648 572,1615 620,1640 680,1608 1039,1598 1366,1648 1367,1580 1309,1554 1254,1589 1187,1556 1139,1586 1091,1551 1037,1569 914,1531 876,1567 840,1529 694,1583 613,1542 465,1544"/>
                <Baseline points="471,1596 515,1598 559,1599 604,1601 648,1602 693,1602 737,1602 781,1604 826,1604 870,1604 915,1604 959,1604 1003,1605 1048,1607 1092,1608 1137,1609 1181,1611 1225,1614 1270,1616 1314,1620 1359,1625"/>
                <TextEquiv>
                    <Unicode>disem ihrem alten vatter der da nit erse</Unicode>
                </TextEquiv>
            </TextLine>
            <TextLine id="r2l15" custom="readingOrder {index:14;} person {offset:13; length:4;}">
                <Coords points="461,1682 908,1669 980,1679 1025,1723 1072,1685 1154,1687 1189,1722 1224,1687 1353,1695 1363,1672 992,1606 690,1649 462,1624"/>
                <Baseline points="468,1665 512,1668 556,1671 601,1673 645,1674 690,1674 734,1676 778,1676 823,1676 867,1676 912,1676 956,1676 1000,1676 1045,1676 1089,1677 1134,1677 1178,1679 1222,1680 1267,1683 1311,1686 1356,1689"/>
                <TextEquiv>
                    <Unicode>wwüße was er rode vndt sich in seinem</Unicode>
                </TextEquiv>
            </TextLine>
            <TextLine id="r2l16" custom="readingOrder {index:15;}">
                <Coords points="457,1755 821,1754 951,1814 1053,1775 1386,1792 1388,1708 1239,1686 1159,1730 1072,1684 1025,1726 975,1676 912,1671 608,1719 513,1669 459,1686"/>
                <Baseline points="465,1739 510,1743 556,1745 602,1748 648,1748 693,1749 739,1749 785,1749 831,1749 876,1749 922,1749 968,1749 1014,1749 1059,1751 1105,1752 1151,1752 1197,1755 1242,1758 1288,1761 1334,1767 1380,1772"/>
                <TextEquiv>
                    <Unicode>reden all gott widerspreche michts zeglauben</Unicode>
                </TextEquiv>
            </TextLine>
            <TextLine id="r2l17" custom="readingOrder {index:16;}">
                <Coords points="437,1852 593,1882 671,1846 773,1882 903,1846 969,1880 1134,1851 1213,1893 1327,1864 1328,1828 1258,1786 1113,1821 1060,1776 951,1815 860,1763 706,1820 604,1760 438,1782"/>
                <Baseline points="444,1836 487,1836 531,1838 575,1839 619,1839 663,1841 706,1842 750,1842 794,1844 838,1844 882,1845 925,1845 969,1847 1013,1847 1057,1848 1101,1848 1144,1848 1188,1848 1232,1850 1276,1850 1320,1850"/>
                <TextEquiv>
                    <Unicode>daß sy nun auch vorgehaltner maßen</Unicode>
                </TextEquiv>
            </TextLine>
            <TextLine id="r2l18" custom="readingOrder {index:17;}">
                <Coords points="479,1916 616,1910 652,1938 693,1911 732,1944 817,1931 904,1968 970,1913 1129,1944 1181,1915 1261,1938 1371,1919 1371,1885 1300,1862 1209,1893 1176,1859 1054,1850 986,1898 911,1845 821,1893 670,1847 593,1882 480,1871"/>
                <Baseline points="486,1907 532,1908 578,1908 624,1910 671,1911 717,1913 763,1913 809,1914 856,1916 902,1916 948,1916 994,1917 1041,1917 1087,1917 1133,1917 1179,1916 1226,1916 1272,1914 1318,1913 1365,1911"/>
                <TextEquiv>
                    <Unicode>nachtshinderem offen by disem ihnem</Unicode>
                </TextEquiv>
            </TextLine>
            <TextLine id="r2l19" custom="readingOrder {index:18;}">
                <Coords points="470,2011 760,2029 810,1998 857,2028 949,1986 1142,1981 1215,2011 1277,1984 1374,2006 1374,1936 1346,1931 1284,1963 1218,1925 1162,1959 1077,1924 1024,1950 969,1913 908,1967 818,1931 737,1951 692,1911 652,1938 614,1909 470,1919"/>
                <Baseline points="477,1976 521,1979 566,1982 610,1983 655,1985 699,1985 744,1986 788,1986 833,1986 877,1986 922,1985 967,1985 1011,1985 1056,1983 1100,1983 1145,1982 1189,1982 1234,1982 1278,1982 1323,1982 1368,1983"/>
                <TextEquiv>
                    <Unicode>alten vatter gsin seye wnnd auch zumofften</Unicode>
                </TextEquiv>
            </TextLine>
            <TextLine id="r2l20" custom="readingOrder {index:19;}">
                <Coords points="1141,2038 1158,2031 1175,2027 1162,1982 1156,1984 1155,1986 1148,1982 1146,1983 1142,1981 1140,1985 1127,1988"/>
                <Baseline points="1146,2028 1167,2022"/>
                <TextEquiv>
                    <Unicode></Unicode>
                </TextEquiv>
            </TextLine>
            <TextLine id="r2l21" custom="readingOrder {index:20;}">
                <Coords points="477,2077 633,2113 797,2099 856,2062 978,2099 1044,2065 1098,2099 1167,2061 1237,2091 1360,2070 1360,2016 1332,2034 1279,2003 1247,2035 1135,2041 1073,1988 950,1985 854,2028 790,2001 735,2038 697,2008 620,2034 477,2007"/>
                <Baseline points="483,2052 526,2055 570,2057 613,2058 657,2058 700,2060 744,2060 787,2060 831,2060 874,2060 918,2060 961,2058 1005,2058 1048,2058 1092,2057 1135,2057 1179,2057 1222,2057 1266,2057 1309,2058 1353,2058"/>
                <TextEquiv>
                    <Unicode>ren mahl gesagt, habe er sölle joren, was</Unicode>
                </TextEquiv>
            </TextLine>
            <TextLine id="r2l22" custom="readingOrder {index:21;}">
                <Coords points="461,2162 519,2138 576,2165 612,2135 759,2172 973,2135 1058,2167 1169,2162 1207,2129 1380,2148 1379,2083 1326,2064 1212,2118 1062,2064 959,2108 843,2076 811,2106 739,2085 630,2118 460,2075"/>
                <Baseline points="467,2135 512,2136 557,2136 602,2136 648,2136 693,2136 738,2136 784,2136 829,2136 874,2135 920,2135 965,2134 1010,2133 1055,2133 1101,2132 1146,2132 1191,2130 1237,2130 1282,2129 1327,2129 1373,2127"/>
                <TextEquiv>
                    <Unicode>das sein solle es were bald genug etc. könne</Unicode>
                </TextEquiv>
            </TextLine>
            <TextLine id="r2l23" custom="readingOrder {index:22;}">
                <Coords points="475,2245 593,2208 729,2209 793,2263 889,2213 1048,2209 1123,2245 1152,2217 1279,2240 1374,2209 1373,2159 1206,2129 1115,2180 916,2141 765,2175 627,2135 569,2175 474,2155"/>
                <Baseline points="482,2211 526,2211 570,2211 614,2211 659,2211 703,2211 747,2211 791,2211 836,2211 880,2211 924,2210 968,2210 1013,2210 1057,2209 1101,2208 1145,2207 1190,2205 1234,2204 1278,2201 1322,2199 1367,2196"/>
                <TextEquiv>
                    <Unicode>sy nit laugnen habe aber wahl solches nit</Unicode>
                </TextEquiv>
            </TextLine>
            <TextLine id="r2l24" custom="readingOrder {index:23;}">
                <Coords points="466,2321 556,2280 920,2318 959,2285 1201,2308 1359,2282 1334,2205 1121,2251 1002,2212 794,2263 729,2210 466,2246"/>
                <Baseline points="473,2283 519,2282 565,2282 611,2283 658,2283 704,2283 750,2283 796,2283 843,2285 889,2285 935,2285 981,2283 1028,2283 1074,2282 1120,2280 1166,2279 1213,2277 1259,2273 1305,2270 1352,2267"/>
                <TextEquiv>
                    <Unicode>geredt uff einiche böse action, so ihr vatter</Unicode>
                </TextEquiv>
            </TextLine>
            <TextLine id="r2l25" custom="readingOrder {index:24;}">
                <Coords points="479,2391 579,2416 684,2376 745,2404 845,2358 1071,2391 1127,2362 1269,2384 1353,2361 1353,2311 1310,2284 1252,2330 1070,2284 922,2318 764,2283 607,2321 561,2281 479,2304"/>
                <Baseline points="485,2354 528,2354 571,2355 614,2355 657,2357 700,2357 743,2358 786,2358 829,2358 872,2360 915,2360 958,2360 1001,2360 1044,2358 1087,2358 1130,2357 1173,2355 1216,2354 1259,2351 1302,2349 1346,2345"/>
                <TextEquiv>
                    <Unicode>gethan habe, sonder allein uff geweßes</Unicode>
                </TextEquiv>
            </TextLine>
            <TextLine id="r2l26" custom="readingOrder {index:25;}">
                <Coords points="484,2454 610,2429 658,2456 710,2427 758,2470 824,2439 1057,2438 1180,2484 1235,2440 1365,2432 1365,2353 1261,2394 1205,2355 1074,2391 824,2377 755,2412 684,2376 631,2410 484,2397"/>
                <Baseline points="491,2427 534,2429 577,2429 621,2430 664,2432 707,2432 751,2433 794,2434 837,2435 881,2435 924,2435 967,2436 1011,2435 1054,2435 1097,2434 1141,2433 1184,2431 1227,2430 1271,2427 1314,2423 1358,2420"/>
                <TextEquiv>
                    <Unicode>sein angewohntes nummlen bysten und</Unicode>
                </TextEquiv>
            </TextLine>
            <TextLine id="r2l27" custom="readingOrder {index:26;}">
                <Coords points="490,2511 577,2538 660,2502 747,2564 794,2521 840,2556 901,2514 1283,2532 1379,2507 1379,2467 1315,2440 1194,2488 1057,2439 717,2476 610,2429 490,2444"/>
                <Baseline points="497,2507 540,2507 584,2507 628,2507 672,2507 716,2508 759,2508 803,2508 847,2508 891,2510 935,2510 978,2510 1022,2510 1066,2508 1110,2508 1154,2507 1197,2505 1241,2504 1285,2502 1329,2499 1373,2496"/>
                <TextEquiv>
                    <Unicode>bürtzen, welches sy nit dulden konnen, wie</Unicode>
                </TextEquiv>
            </TextLine>
            <TextLine id="r2l28" custom="readingOrder {index:27;}">
                <Coords points="469,2594 575,2586 648,2629 729,2588 887,2614 948,2589 1168,2628 1236,2585 1361,2586 1361,2553 1300,2516 1271,2539 1015,2515 964,2557 880,2566 796,2522 748,2564 704,2521 534,2536 469,2511"/>
                <Baseline points="476,2582 522,2580 568,2580 614,2582 661,2582 707,2582 753,2583 799,2583 846,2585 892,2585 938,2585 984,2585 1031,2585 1077,2585 1123,2584 1169,2583 1216,2582 1262,2578 1308,2576 1355,2571"/>
                <TextEquiv>
                    <Unicode>dan solches all angenblick by ihmme in</Unicode>
                </TextEquiv>
            </TextLine>
            <TextLine id="r2l29" custom="readingOrder {index:28;}">
                <Coords points="491,2677 515,2692 549,2677 574,2704 634,2662 688,2662 707,2677 742,2664 790,2708 812,2692 863,2709 900,2685 901,2620 838,2585 789,2613 749,2617 716,2600 648,2629 584,2581 535,2612 491,2606"/>
                <Baseline points="498,2651 524,2651 550,2652 577,2652 603,2652 630,2653 656,2654 682,2654 709,2654 735,2654 762,2654 788,2655 814,2655 841,2655 867,2656 894,2657"/>
                <TextEquiv>
                    <Unicode>acht zenemmen seyn.</Unicode>
                </TextEquiv>
            </TextLine>
            <TextLine id="r2l30" custom="readingOrder {index:29;}">
                <Coords points="450,2793 665,2746 740,2770 817,2744 901,2771 998,2742 1332,2756 1381,2731 1380,2649 1328,2671 1232,2631 1067,2683 979,2649 819,2717 742,2663 634,2663 574,2704 541,2675 448,2686"/>
                <Baseline points="456,2747 501,2745 547,2744 593,2744 639,2744 685,2744 731,2744 777,2744 823,2744 869,2744 915,2744 960,2744 1006,2742 1052,2741 1098,2741 1144,2739 1190,2736 1236,2734 1282,2730 1328,2726 1374,2721"/>
                <TextEquiv>
                    <Unicode>uff dise der tochter verantwortung ist</Unicode>
                </TextEquiv>
            </TextLine>
            <TextLine id="r2l31" custom="readingOrder {index:30;}">
                <Coords points="487,2816 634,2809 672,2843 749,2809 806,2851 889,2810 969,2840 1011,2807 1206,2798 1288,2831 1343,2802 1343,2762 1267,2734 1196,2767 1135,2744 1033,2792 897,2785 836,2745 750,2772 674,2746 639,2778 487,2782"/>
                <Baseline points="494,2805 536,2805 578,2805 620,2805 662,2807 704,2807 746,2807 789,2808 831,2808 873,2808 915,2808 957,2808 999,2808 1041,2808 1084,2807 1126,2805 1168,2805 1210,2802 1252,2801 1294,2799 1337,2795"/>
                <TextEquiv>
                    <Unicode>auch endtlichen vernommen worden ihr</Unicode>
                </TextEquiv>
            </TextLine>
            <TextLine id="r2l32" custom="readingOrder {index:31;} person {offset:7; length:14;}">
                <Coords points="475,2875 590,2881 670,2926 833,2877 890,2925 968,2871 1063,2907 1137,2875 1314,2903 1360,2882 1360,2820 1242,2834 1202,2798 1100,2848 1031,2806 963,2846 889,2810 804,2851 749,2808 633,2853 584,2809 522,2807 475,2835"/>
                <Baseline points="482,2876 525,2876 569,2876 612,2876 656,2876 699,2876 743,2876 786,2876 830,2876 873,2876 917,2876 961,2877 1004,2876 1048,2876 1091,2876 1135,2876 1178,2874 1222,2874 1265,2873 1309,2870 1353,2868"/>
                <TextEquiv>
                    <Unicode>Estman Hanß Hoffervon oltigen alß</Unicode>
                </TextEquiv>
            </TextLine>
            <TextLine id="r2l33" custom="readingOrder {index:32;}">
                <Coords points="497,2948 705,2995 780,2944 1120,2951 1148,2980 1195,2941 1281,2992 1341,2923 1176,2877 1123,2920 973,2882 884,2926 834,2876 778,2928 744,2901 656,2924 599,2885 496,2910"/>
                <Baseline points="503,2945 544,2945 586,2946 627,2946 669,2948 711,2948 752,2948 794,2947 835,2946 877,2946 919,2946 960,2945 1002,2945 1043,2943 1085,2943 1127,2943 1168,2942 1210,2942 1251,2942 1293,2942 1335,2942"/>
                <TextEquiv>
                    <Unicode>welcher sich in manß im Mirthshanß</Unicode>
                </TextEquiv>
            </TextLine>
            <TextLine id="r2l34" custom="readingOrder {index:33;}">
                <Coords points="493,3029 536,3018 607,3069 737,3067 840,3016 1033,3011 1197,3054 1240,3010 1355,3022 1395,2980 1333,2947 1280,2991 1203,2943 1126,2987 1079,2950 942,2942 857,2970 776,2948 652,2995 575,2947 492,2947"/>
                <Baseline points="500,3015 544,3016 588,3017 633,3017 677,3017 722,3017 766,3017 811,3015 855,3015 900,3015 944,3015 988,3014 1033,3014 1077,3012 1122,3012 1166,3011 1211,3011 1255,3009 1300,3008 1344,3008 1389,3006"/>
                <TextEquiv>
                    <Unicode>erklagt, er könne bald nit mehr so leben</Unicode>
                </TextEquiv>
            </TextLine>
            <TextLine id="r2l35" custom="readingOrder {index:34;}">
                <Coords points="497,3136 645,3108 731,3135 836,3084 926,3120 1007,3089 1331,3082 1355,3033 1237,3013 1149,3057 1032,3012 917,3059 854,3014 737,3067 579,3068 494,3024"/>
                <Baseline points="503,3086 545,3086 587,3086 630,3086 672,3086 714,3086 757,3086 799,3085 841,3084 884,3083 926,3081 968,3081 1011,3080 1053,3078 1095,3077 1138,3075 1180,3074 1222,3073 1265,3072 1307,3071 1350,3069"/>
                <TextEquiv>
                    <Unicode>see frauw hoffe mehr by ihrem vatter</Unicode>
                </TextEquiv>
            </TextLine>
            <TextLine id="r2l36" custom="readingOrder {index:35;}">
                <Coords points="494,3173 749,3167 781,3195 876,3152 932,3197 996,3155 1186,3172 1345,3150 1370,3070 1265,3111 1208,3080 1091,3109 1007,3089 877,3135 800,3090 716,3137 564,3088 492,3112"/>
                <Baseline points="500,3152 543,3153 586,3153 629,3154 672,3155 716,3155 759,3155 802,3154 845,3153 888,3153 932,3152 975,3152 1018,3150 1061,3149 1104,3147 1148,3146 1191,3144 1234,3143 1277,3140 1320,3138 1364,3137"/>
                <TextEquiv>
                    <Unicode>hinderem offen alß by ihmme im bett</Unicode>
                </TextEquiv>
            </TextLine>
            <TextLine id="r2l37" custom="readingOrder {index:36;}">
                <Coords points="473,3254 583,3227 781,3260 990,3226 1097,3251 1133,3219 1258,3254 1323,3212 1404,3214 1404,3178 1347,3186 1296,3138 1228,3189 1135,3153 1094,3187 995,3156 932,3198 873,3152 769,3207 725,3182 559,3194 470,3146"/>
                <Baseline points="479,3225 527,3227 575,3227 624,3227 672,3227 720,3227 769,3227 817,3225 865,3225 914,3224 962,3222 1011,3222 1059,3221 1107,3218 1156,3217 1204,3215 1252,3213 1301,3211 1349,3209 1398,3207"/>
                <TextEquiv>
                    <Unicode>Item nochgeredt von diser seiner frauwen</Unicode>
                </TextEquiv>
            </TextLine>
            <TextLine id="r2l38" custom="readingOrder {index:37;}">
                <Coords points="494,3326 629,3336 673,3299 791,3327 855,3290 940,3323 1084,3299 1120,3329 1177,3287 1326,3310 1368,3297 1366,3213 1105,3267 990,3226 844,3261 753,3240 709,3273 635,3229 492,3257"/>
                <Baseline points="500,3294 543,3296 586,3297 629,3297 672,3299 715,3298 758,3297 801,3297 844,3296 887,3294 930,3293 973,3291 1016,3290 1059,3289 1102,3287 1145,3285 1188,3285 1231,3284 1274,3282 1317,3282 1361,3282"/>
                <TextEquiv>
                    <Unicode>gehört zehaben, daß sy eimahl da sy by</Unicode>
                </TextEquiv>
            </TextLine>
            <TextLine id="r2l39" custom="readingOrder {index:38;}">
                <Coords points="470,3404 667,3372 774,3425 913,3374 978,3404 1110,3373 1154,3410 1243,3360 1294,3386 1396,3357 1396,3323 1344,3300 1125,3333 1084,3300 999,3344 856,3289 790,3328 672,3299 597,3347 468,3307"/>
                <Baseline points="476,3365 521,3368 567,3369 612,3370 658,3371 704,3371 749,3371 795,3371 841,3369 886,3368 932,3367 978,3366 1023,3364 1069,3363 1115,3361 1160,3360 1206,3359 1252,3357 1297,3357 1343,3357 1389,3357"/>
                <TextEquiv>
                    <Unicode>ihrem vatter hinderem offen gewesen</Unicode>
                </TextEquiv>
            </TextLine>
            <TextLine id="r2l40" custom="readingOrder {index:39;}">
                <Coords points="1268,3469 1280,3466 1300,3446 1306,3450 1322,3449 1347,3440 1356,3448 1375,3450 1376,3386 1352,3387 1332,3368 1306,3386 1291,3386 1287,3382 1269,3386"/>
                <Baseline points="1275,3434 1306,3432 1337,3435 1368,3434"/>
                <TextEquiv>
                    <Unicode>zum</Unicode>
                </TextEquiv>
            </TextLine>
            <TextEquiv>
                <Unicode>ein andermahl habe es sy uf den armen
getragen nnd uff eintrag gesetzt ud
da er vor nichen gestanden vndt abermahle
alß obstath mit ihren procdiert und tung
uff ihr demahliges klager sy widerumb
ldan gelaßen, sy geschweigt undt gestanst en
sey ihra nichts geschechen, sy sey in einen mege
nachem meitli müße auch sagen daßer
im bösenwillen nit volbracht habe undt
seye die that nit anders angangen alß man
er an ein flo�e mauren kommen miere
Wyters könne gar nit gestehen, daß
an ihre seye vrault worden undt seye
disem ihrem alten vatter der da nit erse
wwüße was er rode vndt sich in seinem
reden all gott widerspreche michts zeglauben
daß sy nun auch vorgehaltner maßen
nachtshinderem offen by disem ihnem
alten vatter gsin seye wnnd auch zumofften

ren mahl gesagt, habe er sölle joren, was
das sein solle es were bald genug etc. könne
sy nit laugnen habe aber wahl solches nit
geredt uff einiche böse action, so ihr vatter
gethan habe, sonder allein uff geweßes
sein angewohntes nummlen bysten und
bürtzen, welches sy nit dulden konnen, wie
dan solches all angenblick by ihmme in
acht zenemmen seyn.
uff dise der tochter verantwortung ist
auch endtlichen vernommen worden ihr
Estman Hanß Hoffervon oltigen alß
welcher sich in manß im Mirthshanß
erklagt, er könne bald nit mehr so leben
see frauw hoffe mehr by ihrem vatter
hinderem offen alß by ihmme im bett
Item nochgeredt von diser seiner frauwen
gehört zehaben, daß sy eimahl da sy by
ihrem vatter hinderem offen gewesen
zum</Unicode>
            </TextEquiv>
        </TextRegion>
        <TextRegion orientation="0.0" id="r3" custom="readingOrder {index:2;}">
            <Coords points="1640,453 1640,3450 2777,3450 2777,453"/>
            <TextLine id="r3l1" custom="readingOrder {index:0;}">
                <Coords points="2616,509 2639,511 2645,506 2666,512 2680,508 2694,495 2706,495 2709,452 2702,451 2690,458 2666,439 2656,448 2642,446 2636,450 2620,450"/>
                <Baseline points="2624,489 2649,491 2674,491 2699,495"/>
                <TextEquiv>
                    <Unicode>137.</Unicode>
                </TextEquiv>
            </TextLine>
            <TextLine id="r3l2" custom="readingOrder {index:1;}">
                <Coords points="1647,739 1841,707 2006,742 2196,681 2245,710 2507,658 2696,682 2689,582 2651,571 2564,625 2404,576 2353,613 2192,590 1940,642 1841,612 1642,662"/>
                <Baseline points="1653,732 1704,725 1756,718 1808,713 1859,707 1911,703 1963,697 2014,694 2066,690 2118,686 2170,682 2221,679 2273,676 2325,674 2376,671 2428,668 2480,665 2531,662 2583,659 2635,656 2687,653"/>
                <TextEquiv>
                    <Unicode>tum 2ten mahl gesagt er solle hören endtlich</Unicode>
                </TextEquiv>
            </TextLine>
            <TextLine id="r3l3" custom="readingOrder {index:2;}">
                <Coords points="1649,802 2658,738 2653,665 2580,656 2503,709 2435,677 2257,709 2200,682 2108,729 2071,705 1929,743 1836,709 1647,765"/>
                <Baseline points="1656,798 1705,790 1755,785 1805,779 1855,774 1904,770 1954,764 2004,761 2054,757 2103,755 2153,751 2203,749 2253,746 2302,744 2352,742 2402,740 2452,738 2501,737 2551,734 2601,732 2651,731"/>
                <TextEquiv>
                    <Unicode>aber mit denen eßtreckenlichen worten</Unicode>
                </TextEquiv>
            </TextLine>
            <TextLine id="r3l4" custom="readingOrder {index:3;}">
                <Coords points="1634,887 1890,839 2001,874 2134,818 2367,835 2465,794 2698,818 2665,747 2578,772 2373,740 2126,788 1992,773 1929,812 1630,816"/>
                <Baseline points="1640,863 1692,857 1745,851 1797,845 1850,840 1902,836 1955,831 2007,827 2060,824 2112,820 2165,816 2217,814 2270,812 2322,810 2375,808 2427,807 2480,806 2532,805 2585,804 2637,804 2690,804"/>
                <TextEquiv>
                    <Unicode>ußgebrochen, et tauff köret doch welcher</Unicode>
                </TextEquiv>
            </TextLine>
            <TextLine id="r3l5" custom="readingOrder {index:4;}">
                <Coords points="1638,968 1810,904 1931,958 2231,882 2665,893 2717,870 2714,812 2663,849 2607,820 2503,846 2433,802 2269,859 2135,818 2003,874 1776,853 1697,900 1634,887"/>
                <Baseline points="1643,929 1696,923 1749,919 1803,913 1856,908 1910,903 1963,900 2016,896 2070,891 2123,888 2177,885 2230,882 2283,880 2337,878 2390,876 2444,875 2497,874 2550,873 2604,873 2657,873 2711,875"/>
                <TextEquiv>
                    <Unicode>hoffer, da er gefracht, ob er dan etwas wurk</Unicode>
                </TextEquiv>
            </TextLine>
            <TextLine id="r3l6" custom="readingOrder {index:5;}">
                <Coords points="1653,999 2702,943 2723,865 2617,908 2232,881 2181,924 2086,908 1922,951 1809,904 1755,955 1651,957"/>
                <Baseline points="1659,990 1712,986 1765,982 1818,978 1871,974 1924,970 1977,967 2030,963 2083,960 2136,955 2189,953 2242,950 2295,947 2348,944 2401,941 2454,938 2507,936 2560,933 2613,931 2666,929 2720,927"/>
                <TextEquiv>
                    <Unicode>lies geseten, geantwortet, daß er mwar nichts</Unicode>
                </TextEquiv>
            </TextLine>
            <TextLine id="r3l7" custom="readingOrder {index:6;}">
                <Coords points="1653,1084 2026,1036 2079,1072 2133,1030 2237,1031 2296,1073 2370,1014 2712,1006 2709,948 2470,934 2423,986 2301,961 2197,1000 2136,966 2076,1009 1944,970 1896,1009 1827,982 1648,1006"/>
                <Baseline points="1658,1058 1710,1054 1762,1050 1815,1045 1867,1043 1919,1038 1972,1036 2024,1033 2076,1029 2129,1027 2181,1024 2233,1022 2286,1019 2338,1016 2390,1013 2443,1010 2495,1006 2547,1002 2600,1000 2652,995 2705,990"/>
                <TextEquiv>
                    <Unicode>th�tlichs von disem seinem schwafer verspüre.</Unicode>
                </TextEquiv>
            </TextLine>
            <TextLine id="r3l8" custom="readingOrder {index:7;}">
                <Coords points="1649,1154 1733,1165 1878,1109 2320,1124 2358,1091 2715,1074 2626,1005 2545,1008 2499,1052 2385,1013 2299,1072 2237,1043 2089,1078 2027,1037 1645,1080"/>
                <Baseline points="1655,1130 1707,1126 1760,1122 1812,1118 1865,1115 1918,1112 1970,1107 2023,1105 2076,1101 2128,1098 2181,1094 2234,1092 2286,1089 2339,1085 2392,1083 2444,1079 2497,1076 2550,1073 2602,1070 2655,1068 2708,1065"/>
                <TextEquiv>
                    <Unicode>Was ihmme aber diser wortenhalb einbösen</Unicode>
                </TextEquiv>
            </TextLine>
            <TextLine id="r3l9" custom="readingOrder {index:8;}">
                <Coords points="1664,1218 1758,1231 1823,1187 2017,1172 2160,1211 2280,1167 2414,1195 2694,1142 2690,1078 2626,1070 2333,1131 2150,1107 1919,1160 1857,1132 1661,1160"/>
                <Baseline points="1670,1196 1720,1194 1771,1191 1822,1188 1873,1186 1924,1184 1975,1181 2025,1178 2076,1176 2127,1173 2178,1169 2229,1167 2280,1164 2331,1161 2381,1157 2432,1154 2483,1152 2534,1148 2585,1145 2636,1141 2687,1137"/>
                <TextEquiv>
                    <Unicode>argwohn gebe seye, daß er einmahl sich uff</Unicode>
                </TextEquiv>
            </TextLine>
            <TextLine id="r3l10" custom="readingOrder {index:9;}">
                <Coords points="1668,1299 1816,1258 2250,1271 2289,1244 2331,1276 2371,1235 2509,1264 2713,1225 2682,1149 2609,1183 2527,1154 2463,1211 2280,1166 2011,1237 1905,1190 1821,1192 1768,1247 1663,1222"/>
                <Baseline points="1673,1280 1724,1276 1776,1271 1827,1267 1879,1263 1931,1260 1982,1256 2034,1253 2085,1249 2137,1246 2189,1243 2240,1241 2292,1238 2343,1235 2395,1232 2447,1229 2498,1227 2550,1224 2601,1222 2653,1220 2705,1217"/>
                <TextEquiv>
                    <Unicode>ihren halb orgen gantz ustgezogen schlaffen</Unicode>
                </TextEquiv>
            </TextLine>
            <TextLine id="r3l11" custom="readingOrder {index:10;}">
                <Coords points="2262,1294 2269,1291 2278,1292 2282,1289 2282,1287 2290,1284 2270,1237 2264,1239 2263,1243 2256,1240 2251,1240 2249,1244 2242,1247"/>
                <Baseline points="2262,1277 2277,1271"/>
                <TextEquiv>
                    <Unicode>1</Unicode>
                </TextEquiv>
            </TextLine>
            <TextLine id="r3l12" custom="readingOrder {index:11;}">
                <Coords points="1670,1392 1867,1341 1958,1391 2074,1333 2157,1370 2216,1315 2257,1351 2390,1323 2473,1356 2535,1303 2722,1304 2717,1230 2683,1223 2535,1275 2386,1233 2278,1293 2093,1252 1665,1306"/>
                <Baseline points="1674,1355 1726,1350 1778,1344 1830,1341 1882,1337 1934,1333 1986,1330 2038,1327 2090,1324 2142,1320 2194,1317 2246,1315 2298,1311 2350,1310 2402,1307 2454,1304 2506,1301 2558,1299 2610,1296 2662,1293 2714,1290"/>
                <TextEquiv>
                    <Unicode>gelegt undt seye sein schwacher hingegen hinde,</Unicode>
                </TextEquiv>
            </TextLine>
            <TextLine id="r3l13" custom="readingOrder {index:12;} person {offset:0; length:3;}">
                <Coords points="1678,1441 1998,1437 2143,1397 2436,1421 2471,1389 2706,1371 2705,1341 2609,1313 2539,1362 2419,1364 2297,1324 2258,1352 2216,1315 2163,1373 2054,1339 1955,1389 1897,1342 1675,1398"/>
                <Baseline points="1683,1422 1733,1419 1784,1416 1835,1413 1886,1411 1937,1407 1987,1406 2038,1403 2089,1401 2140,1398 2191,1395 2241,1394 2292,1391 2343,1388 2394,1385 2445,1383 2495,1380 2546,1377 2597,1374 2648,1371 2699,1367"/>
                <TextEquiv>
                    <Unicode>rei offen uff dem tritt gewesen, da er</Unicode>
                </TextEquiv>
            </TextLine>
            <TextLine id="r3l14" custom="readingOrder {index:13;}">
                <Coords points="1664,1526 1781,1513 1825,1546 1988,1483 2031,1522 2101,1499 2154,1531 2412,1471 2547,1506 2604,1459 2722,1463 2718,1388 2682,1374 2553,1436 2144,1396 2055,1443 1953,1418 1879,1455 1661,1447"/>
                <Baseline points="1670,1503 1722,1497 1774,1494 1826,1490 1878,1485 1931,1482 1983,1481 2035,1477 2087,1476 2139,1473 2192,1471 2244,1469 2296,1467 2348,1465 2400,1464 2453,1461 2505,1459 2557,1456 2609,1452 2661,1449 2714,1445"/>
                <TextEquiv>
                    <Unicode>ihme in der nicht zum offteren mahl und</Unicode>
                </TextEquiv>
            </TextLine>
            <TextLine id="r3l15" custom="readingOrder {index:14;} person {offset:4; length:6;}">
                <Coords points="1686,1604 2059,1549 2163,1593 2288,1550 2347,1584 2440,1537 2609,1561 2716,1538 2712,1453 2574,1507 2444,1516 2398,1480 2152,1532 1991,1485 1860,1540 1682,1533"/>
                <Baseline points="1691,1574 1741,1570 1792,1565 1843,1562 1894,1557 1945,1555 1996,1553 2046,1550 2097,1548 2148,1545 2199,1544 2250,1542 2301,1541 2352,1538 2402,1537 2453,1535 2504,1532 2555,1530 2606,1528 2657,1525 2708,1521"/>
                <TextEquiv>
                    <Unicode>dem Heinli durch zu seiner scham gegriffen</Unicode>
                </TextEquiv>
            </TextLine>
            <TextLine id="r3l16" custom="readingOrder {index:15;}">
                <Coords points="1696,1652 1891,1674 1937,1632 2044,1632 2155,1659 2229,1621 2297,1657 2387,1610 2703,1603 2701,1574 2562,1570 2528,1539 2349,1584 2292,1550 2191,1600 2066,1549 1955,1587 1914,1557 1695,1623"/>
                <Baseline points="1703,1649 1752,1644 1802,1640 1851,1637 1901,1634 1951,1631 2000,1628 2050,1625 2100,1622 2149,1620 2199,1617 2249,1615 2298,1613 2348,1611 2398,1608 2447,1606 2497,1604 2547,1601 2596,1599 2646,1596 2696,1595"/>
                <TextEquiv>
                    <Unicode>also daß er ihmme sein hand habe dannen</Unicode>
                </TextEquiv>
            </TextLine>
            <TextLine id="r3l17" custom="readingOrder {index:16;}">
                <Coords points="1717,1763 1890,1706 1966,1745 2051,1708 2199,1749 2265,1700 2316,1734 2420,1695 2709,1696 2707,1635 2632,1603 2509,1635 2387,1612 2317,1670 2226,1621 2162,1671 2000,1653 1961,1685 1712,1654"/>
                <Baseline points="1721,1718 1770,1715 1819,1713 1868,1710 1917,1709 1966,1706 2015,1704 2064,1701 2113,1700 2162,1698 2211,1695 2260,1694 2309,1692 2358,1691 2407,1688 2456,1686 2505,1685 2554,1683 2603,1680 2652,1679 2702,1676"/>
                <TextEquiv>
                    <Unicode>stoßen müßen, welches erst disen letsten</Unicode>
                </TextEquiv>
            </TextLine>
            <TextLine id="r3l18" custom="readingOrder {index:17;}">
                <Coords points="1696,1807 1766,1791 1946,1840 2133,1803 2236,1832 2456,1768 2594,1790 2650,1765 2648,1728 2586,1706 2551,1736 2475,1704 2311,1739 2244,1714 2194,1757 2029,1727 1942,1747 1891,1706 1818,1715 1766,1768 1695,1743"/>
                <Baseline points="1703,1790 1752,1788 1801,1787 1851,1786 1900,1785 1950,1784 1999,1784 2048,1782 2098,1782 2147,1781 2197,1780 2246,1779 2296,1778 2345,1776 2394,1773 2444,1772 2493,1769 2543,1765 2592,1761 2642,1757"/>
                <TextEquiv>
                    <Unicode>winter sischecht Neben dem</Unicode>
                </TextEquiv>
            </TextLine>
            <TextLine id="r3l19" custom="readingOrder {index:18;}">
                <Coords points="2663,1884 2671,1884 2682,1877 2692,1877 2692,1771 2682,1771 2674,1780 2663,1782"/>
                <Baseline points="2670,1835 2685,1835"/>
                <TextEquiv>
                    <Unicode></Unicode>
                </TextEquiv>
            </TextLine>
            <TextLine id="r3l20" custom="readingOrder {index:19;}">
                <Coords points="1704,1912 1809,1871 2082,1911 2128,1864 2191,1900 2241,1855 2321,1897 2488,1839 2646,1845 2644,1799 2452,1769 2348,1825 2182,1839 2133,1803 2051,1841 2000,1816 1889,1844 1802,1803 1699,1808"/>
                <Baseline points="1709,1877 1755,1874 1802,1872 1848,1869 1895,1868 1941,1865 1988,1864 2034,1862 2081,1861 2127,1859 2174,1857 2220,1856 2267,1854 2313,1851 2360,1850 2406,1848 2453,1845 2499,1843 2546,1839 2592,1836 2639,1833"/>
                <TextEquiv>
                    <Unicode>so habe es sich auch zugetragen, daß nor</Unicode>
                </TextEquiv>
            </TextLine>
            <TextLine id="r3l21" custom="readingOrder {index:20;}">
                <Coords points="1684,1958 1788,1990 1834,1942 2027,1937 2163,1985 2385,1921 2630,1936 2673,1921 2670,1845 2549,1881 2487,1839 2428,1895 2350,1866 2283,1911 2129,1863 2058,1913 1995,1884 1898,1915 1797,1872 1683,1920"/>
                <Baseline points="1691,1944 1739,1944 1788,1944 1837,1944 1886,1943 1934,1941 1983,1940 2032,1938 2081,1937 2129,1934 2178,1932 2227,1931 2276,1928 2324,1925 2373,1923 2422,1920 2471,1917 2519,1915 2568,1913 2617,1911 2666,1908"/>
                <TextEquiv>
                    <Unicode>ohngfrad 8 oder 9 jahren, daer umb dise</Unicode>
                </TextEquiv>
            </TextLine>
            <TextLine id="r3l22" custom="readingOrder {index:21;}">
                <Coords points="1706,2053 1792,2020 1987,2042 2749,1994 2724,1945 2638,1932 2583,1967 2512,1917 2368,1979 2261,1948 2166,1988 2110,1955 1985,2003 1704,2002"/>
                <Baseline points="1712,2025 1763,2024 1814,2022 1866,2021 1917,2019 1969,2017 2020,2015 2072,2013 2123,2011 2175,2009 2226,2006 2277,2004 2329,2002 2380,2000 2432,1997 2483,1995 2535,1993 2586,1991 2638,1988 2689,1987 2741,1985"/>
                <TextEquiv>
                    <Unicode>sein frauw, so damahls ein witwen Mar</Unicode>
                </TextEquiv>
            </TextLine>
            <TextLine id="r3l23" custom="readingOrder {index:22;}">
                <Coords points="1715,2112 1784,2139 1994,2100 2041,2139 2320,2083 2694,2074 2692,2038 2614,1998 2553,2041 2415,2000 2346,2047 2213,2004 2103,2018 2058,2062 1979,2045 1804,2082 1712,2037"/>
                <Baseline points="1721,2102 1769,2100 1817,2100 1865,2099 1914,2097 1962,2096 2010,2094 2059,2093 2107,2090 2155,2088 2204,2085 2252,2084 2300,2082 2348,2079 2397,2077 2445,2074 2493,2072 2542,2070 2590,2067 2638,2065 2687,2063"/>
                <TextEquiv>
                    <Unicode>buchten wellen, vndt neben anderen In</Unicode>
                </TextEquiv>
            </TextLine>
            <TextLine id="r3l24" custom="readingOrder {index:23;}">
                <Coords points="1727,2146 1734,2146 1735,2144 1743,2150 1755,2148 1755,2105 1746,2105 1739,2111 1735,2111 1734,2109 1727,2109"/>
                <Baseline points="1734,2141 1749,2141"/>
                <TextEquiv>
                    <Unicode>1</Unicode>
                </TextEquiv>
            </TextLine>
            <TextLine id="r3l25" custom="readingOrder {index:24;}">
                <Coords points="1721,2186 1980,2177 2048,2218 2099,2167 2191,2203 2291,2161 2757,2151 2755,2100 2578,2070 2397,2141 2228,2101 2037,2158 1720,2149"/>
                <Baseline points="1727,2177 1778,2177 1829,2177 1880,2177 1931,2175 1982,2175 2033,2174 2085,2172 2136,2170 2187,2168 2238,2165 2289,2163 2340,2160 2391,2158 2443,2156 2494,2153 2545,2150 2596,2147 2647,2145 2698,2143 2750,2141"/>
                <TextEquiv>
                    <Unicode>einem cei gewesen ein geweßer daso</Unicode>
                </TextEquiv>
            </TextLine>
            <TextLine id="r3l26" custom="readingOrder {index:25;} person {offset:14; length:5;}">
                <Coords points="1714,2268 1985,2250 2078,2277 2506,2225 2599,2271 2654,2232 2757,2236 2741,2197 2526,2154 2387,2216 2218,2213 2104,2168 1987,2229 1928,2186 1712,2190"/>
                <Baseline points="1721,2253 1772,2253 1823,2255 1875,2253 1926,2253 1978,2252 2029,2250 2081,2249 2132,2247 2184,2244 2235,2242 2286,2240 2338,2237 2389,2234 2441,2232 2492,2231 2544,2228 2595,2226 2647,2226 2698,2225 2750,2225"/>
                <TextEquiv>
                    <Unicode>kommen Seeger Peter genant, der zu ihnen</Unicode>
                </TextEquiv>
            </TextLine>
            <TextLine id="r3l27" custom="readingOrder {index:26;}">
                <Coords points="1713,2374 1756,2351 1808,2378 1843,2344 1927,2370 1975,2334 2108,2368 2257,2320 2309,2353 2337,2323 2386,2350 2459,2312 2689,2317 2686,2263 2591,2281 2491,2232 2358,2281 2295,2258 2256,2284 2192,2242 2067,2289 2022,2253 1815,2260 1710,2305"/>
                <Baseline points="1718,2336 1766,2336 1814,2337 1862,2336 1910,2336 1958,2335 2006,2334 2055,2332 2103,2330 2151,2328 2199,2326 2247,2323 2295,2321 2343,2317 2392,2314 2440,2310 2488,2307 2536,2305 2584,2301 2632,2298 2681,2295"/>
                <TextEquiv>
                    <Unicode>gesagt ihr kneben welcher ist under euch</Unicode>
                </TextEquiv>
            </TextLine>
            <TextLine id="r3l28" custom="readingOrder {index:27;} place {offset:20; length:7;}">
                <Coords points="1709,2414 2182,2400 2334,2445 2438,2388 2608,2410 2697,2384 2696,2349 2623,2310 2560,2355 2480,2317 2311,2363 2257,2320 2097,2378 2026,2344 1943,2377 1843,2346 1808,2378 1755,2350 1707,2371"/>
                <Baseline points="1715,2408 1763,2408 1812,2406 1861,2405 1910,2404 1959,2403 2007,2402 2056,2400 2105,2399 2154,2397 2203,2396 2251,2394 2300,2393 2349,2391 2398,2390 2447,2387 2495,2385 2544,2382 2593,2379 2642,2378 2691,2375"/>
                <TextEquiv>
                    <Unicode>Der dise nacht nach oltigen z kilt will, er</Unicode>
                </TextEquiv>
            </TextLine>
            <TextLine id="r3l29" custom="readingOrder {index:28;}">
                <Coords points="1715,2495 1786,2480 1858,2532 1966,2480 2062,2513 2200,2468 2389,2501 2698,2462 2697,2393 2568,2388 2530,2425 2442,2388 2332,2448 2229,2447 2166,2400 1714,2448"/>
                <Baseline points="1721,2475 1769,2475 1818,2475 1866,2475 1915,2475 1963,2474 2012,2474 2060,2472 2109,2472 2157,2471 2206,2469 2254,2468 2303,2466 2351,2465 2400,2463 2448,2462 2497,2460 2545,2457 2594,2456 2642,2453 2691,2451"/>
                <TextEquiv>
                    <Unicode>mag sorg haben, dan man sagt der vatter</Unicode>
                </TextEquiv>
            </TextLine>
            <TextLine id="r3l30" custom="readingOrder {index:29;}">
                <Coords points="1725,2599 1802,2608 1882,2552 2257,2582 2447,2530 2536,2563 2733,2539 2732,2506 2636,2461 2532,2468 2469,2517 2200,2467 2066,2512 1965,2482 1861,2536 1780,2480 1722,2496"/>
                <Baseline points="1730,2555 1779,2555 1829,2553 1879,2553 1929,2553 1979,2552 2028,2552 2078,2550 2128,2550 2178,2549 2228,2547 2277,2546 2327,2544 2377,2544 2427,2542 2477,2540 2526,2538 2576,2537 2626,2534 2676,2532 2726,2531"/>
                <TextEquiv>
                    <Unicode>seye son by der tochter gelegen. Dise reden</Unicode>
                </TextEquiv>
            </TextLine>
            <TextLine id="r3l31" custom="readingOrder {index:30;}">
                <Coords points="1729,2641 2082,2639 2144,2679 2252,2631 2309,2676 2401,2675 2545,2624 2666,2659 2715,2640 2714,2543 2556,2552 2467,2596 2413,2552 2286,2597 2222,2564 2069,2549 1991,2580 1882,2552 1815,2611 1728,2602"/>
                <Baseline points="1736,2630 1784,2628 1833,2628 1881,2628 1930,2628 1979,2627 2027,2627 2076,2627 2124,2627 2173,2627 2222,2625 2270,2625 2319,2625 2367,2624 2416,2622 2465,2621 2513,2620 2562,2618 2610,2616 2659,2613 2708,2612"/>
                <TextEquiv>
                    <Unicode>nun undt auch obiges gröffen habind by</Unicode>
                </TextEquiv>
            </TextLine>
            <TextLine id="r3l32" custom="readingOrder {index:31;}">
                <Coords points="1713,2738 1961,2705 2282,2709 2349,2755 2564,2698 2658,2749 2727,2724 2725,2654 2362,2686 2249,2632 2193,2684 2111,2689 2026,2645 1711,2637"/>
                <Baseline points="1719,2712 1769,2712 1819,2711 1869,2711 1919,2710 1969,2709 2019,2708 2069,2707 2119,2706 2169,2705 2219,2703 2269,2702 2319,2702 2369,2700 2419,2700 2469,2699 2519,2698 2569,2697 2619,2697 2669,2697 2720,2697"/>
                <TextEquiv>
                    <Unicode>ihmme dem mann nit ein geringen argn</Unicode>
                </TextEquiv>
            </TextLine>
            <TextLine id="r3l33" custom="readingOrder {index:32;}">
                <Coords points="1730,2807 2105,2776 2225,2835 2302,2780 2521,2780 2559,2815 2625,2778 2736,2799 2736,2757 2611,2706 2351,2759 2302,2717 2095,2708 1956,2759 1815,2727 1729,2752"/>
                <Baseline points="1736,2787 1785,2787 1835,2787 1884,2786 1934,2786 1984,2784 2033,2784 2083,2783 2133,2783 2182,2781 2232,2780 2282,2780 2331,2779 2381,2778 2431,2778 2480,2778 2530,2778 2580,2778 2629,2778 2679,2780 2729,2780"/>
                <TextEquiv>
                    <Unicode>mohn erwecket, abmohlen er wie schon gegen</Unicode>
                </TextEquiv>
            </TextLine>
            <TextLine id="r3l34" custom="readingOrder {index:33;}">
                <Coords points="1726,2874 1923,2867 1980,2909 2046,2869 2262,2849 2442,2899 2553,2859 2774,2871 2774,2819 2565,2820 2522,2784 2424,2824 2301,2780 2216,2838 2137,2783 2004,2810 1951,2786 1726,2839"/>
                <Baseline points="1733,2864 1784,2862 1836,2861 1888,2860 1940,2859 1991,2859 2043,2858 2095,2858 2147,2858 2198,2856 2250,2856 2302,2856 2354,2856 2405,2856 2457,2856 2509,2856 2561,2855 2612,2855 2664,2853 2716,2853 2768,2852"/>
                <TextEquiv>
                    <Unicode>meldt nit sagen könne, daß er etwas mur</Unicode>
                </TextEquiv>
            </TextLine>
            <TextLine id="r3l35" custom="readingOrder {index:34;}">
                <Coords points="1733,2959 1787,2996 1822,2970 1871,2995 1934,2960 1968,2991 1999,2971 2040,2988 2196,2935 2379,2990 2437,2946 2504,2949 2504,2915 2339,2909 2261,2849 2201,2860 2152,2907 2072,2873 2027,2914 1917,2869 1840,2902 1732,2873"/>
                <Baseline points="1739,2942 1778,2942 1818,2942 1858,2942 1898,2942 1938,2942 1978,2942 2018,2941 2058,2940 2098,2940 2138,2939 2178,2939 2218,2939 2258,2937 2298,2937 2338,2936 2378,2936 2418,2936 2458,2936 2498,2936"/>
                <TextEquiv>
                    <Unicode>klichs habe gesetzen volbringen.</Unicode>
                </TextEquiv>
            </TextLine>
            <TextLine id="r3l36" custom="readingOrder {index:35;}">
                <Coords points="1690,3066 2051,3042 2111,3094 2236,3044 2378,3104 2540,3049 2784,3056 2784,2978 2670,2964 2554,3023 2293,2952 2246,2988 2200,2957 2131,2977 2077,3025 1988,3022 1934,2969 1691,2987"/>
                <Baseline points="1697,3053 1751,3051 1805,3048 1859,3047 1913,3047 1967,3047 2021,3047 2075,3047 2129,3047 2183,3048 2237,3049 2291,3050 2345,3051 2399,3051 2453,3051 2507,3053 2561,3051 2615,3051 2669,3050 2723,3048 2777,3047"/>
                <TextEquiv>
                    <Unicode>Nach dem nun zum beschluß der alte vatter</Unicode>
                </TextEquiv>
            </TextLine>
            <TextLine id="r3l37" custom="readingOrder {index:36;}">
                <Coords points="1735,3143 2771,3127 2771,3062 2712,3050 2633,3089 2551,3046 2377,3103 2244,3051 2116,3100 2051,3042 1996,3075 1735,3043"/>
                <Baseline points="1742,3128 1793,3125 1844,3123 1895,3122 1946,3122 1997,3120 2048,3120 2100,3122 2151,3122 2202,3123 2253,3123 2304,3125 2355,3125 2406,3125 2458,3125 2509,3125 2560,3123 2611,3122 2662,3120 2713,3117 2765,3113"/>
                <TextEquiv>
                    <Unicode>und die tochter confrontiert worden und</Unicode>
                </TextEquiv>
            </TextLine>
            <TextLine id="r3l38" custom="readingOrder {index:37;}">
                <Coords points="1745,3209 2208,3214 2257,3251 2360,3197 2537,3233 2760,3214 2760,3163 2668,3120 2577,3177 2523,3133 2468,3158 1930,3117 1745,3167"/>
                <Baseline points="1751,3197 1801,3197 1851,3197 1901,3197 1951,3198 2001,3198 2051,3198 2101,3200 2151,3200 2201,3201 2252,3201 2302,3201 2352,3201 2402,3201 2452,3201 2502,3201 2552,3201 2602,3200 2652,3199 2702,3198 2753,3197"/>
                <TextEquiv>
                    <Unicode>ei der vatter uff kimfrüches obner seiner</Unicode>
                </TextEquiv>
            </TextLine>
            <TextLine id="r3l39" custom="readingOrder {index:38;}">
                <Coords points="1751,3326 1858,3275 1973,3283 2055,3330 2201,3325 2265,3282 2322,3331 2448,3275 2659,3319 2712,3245 2651,3208 2550,3246 2484,3207 2307,3258 2208,3214 1957,3198 1841,3247 1750,3198"/>
                <Baseline points="1757,3276 1804,3276 1851,3276 1899,3276 1946,3276 1994,3276 2041,3276 2088,3276 2136,3278 2183,3278 2231,3278 2278,3278 2325,3278 2373,3278 2420,3276 2468,3276 2515,3275 2562,3273 2610,3272 2657,3269 2705,3267"/>
                <TextEquiv>
                    <Unicode>bekandtnußhalb befragt worden hat er</Unicode>
                </TextEquiv>
            </TextLine>
            <TextLine id="r3l40" custom="readingOrder {index:39;}">
                <Coords points="1738,3375 1803,3395 1865,3354 1917,3390 2102,3346 2184,3351 2231,3397 2411,3402 2481,3358 2779,3345 2779,3269 2659,3323 2498,3323 2445,3277 2377,3330 2256,3284 2198,3326 1831,3276 1737,3314"/>
                <Baseline points="1745,3353 1796,3350 1847,3349 1899,3348 1950,3347 2001,3347 2053,3347 2104,3347 2155,3348 2207,3348 2258,3350 2309,3350 2361,3350 2412,3350 2463,3350 2515,3350 2566,3348 2617,3347 2669,3345 2720,3343 2772,3339"/>
                <TextEquiv>
                    <Unicode>fast allest widerumb zugeck genomen, vnd</Unicode>
                </TextEquiv>
            </TextLine>
            <TextLine id="r3l41" custom="readingOrder {index:40;}">
                <Coords points="2618,3465 2637,3468 2644,3459 2667,3457 2673,3449 2707,3464 2744,3437 2774,3440 2766,3351 2735,3354 2725,3362 2699,3355 2668,3389 2643,3395 2625,3391 2612,3399"/>
                <Baseline points="2622,3432 2650,3430 2679,3426 2707,3424 2736,3422 2765,3419"/>
                <TextEquiv>
                    <Unicode>gesagt</Unicode>
                </TextEquiv>
            </TextLine>
            <TextEquiv>
                <Unicode>137.
tum 2ten mahl gesagt er solle hören endtlich
aber mit denen eßtreckenlichen worten
ußgebrochen, et tauff köret doch welcher
hoffer, da er gefracht, ob er dan etwas wurk
lies geseten, geantwortet, daß er mwar nichts
th�tlichs von disem seinem schwafer verspüre.
Was ihmme aber diser wortenhalb einbösen
argwohn gebe seye, daß er einmahl sich uff
ihren halb orgen gantz ustgezogen schlaffen
1
gelegt undt seye sein schwacher hingegen hinde,
rei offen uff dem tritt gewesen, da er
ihme in der nicht zum offteren mahl und
dem Heinli durch zu seiner scham gegriffen
also daß er ihmme sein hand habe dannen
stoßen müßen, welches erst disen letsten
winter sischecht Neben dem

so habe es sich auch zugetragen, daß nor
ohngfrad 8 oder 9 jahren, daer umb dise
sein frauw, so damahls ein witwen Mar
buchten wellen, vndt neben anderen In
1
einem cei gewesen ein geweßer daso
kommen Seeger Peter genant, der zu ihnen
gesagt ihr kneben welcher ist under euch
Der dise nacht nach oltigen z kilt will, er
mag sorg haben, dan man sagt der vatter
seye son by der tochter gelegen. Dise reden
nun undt auch obiges gröffen habind by
ihmme dem mann nit ein geringen argn
mohn erwecket, abmohlen er wie schon gegen
meldt nit sagen könne, daß er etwas mur
klichs habe gesetzen volbringen.
Nach dem nun zum beschluß der alte vatter
und die tochter confrontiert worden und
ei der vatter uff kimfrüches obner seiner
bekandtnußhalb befragt worden hat er
fast allest widerumb zugeck genomen, vnd
gesagt</Unicode>
            </TextEquiv>
        </TextRegion>
        <TextRegion orientation="0.0" id="r4" custom="readingOrder {index:3;}">
            <Coords points="2717,1582 2717,1732 2733,1732 2733,1582"/>
            <TextLine id="r4l1" custom="readingOrder {index:0;}">
                <Coords points="2711,1686 2717,1686 2720,1684 2723,1685 2725,1688 2730,1688 2731,1686 2740,1686 2740,1657 2724,1657 2720,1661 2719,1659 2711,1659"/>
                <Baseline points="2717,1682 2733,1682"/>
                <TextEquiv>
                    <Unicode></Unicode>
                </TextEquiv>
            </TextLine>
            <TextEquiv>
                <Unicode></Unicode>
            </TextEquiv>
        </TextRegion>
    </Page>
</PcGts>
