3024 4032
95 462 216 530 102
294 1877 460 1996 enn
440 558 1376 729 begangnen diebstahlen halb zred gestelt
446 631 1329 789 beraden, hat er schmidt uff ernstlicher
450 719 1366 870 zusprechen, gott dem gergen die ehrzuge
446 778 1378 933 ben undt seine begangne fahler frey willig
449 852 1384 1004 zebrkënnen, damit seinem jungen starke
446 921 1365 1051 lübe mit dem sonst vorangen steheden
446 982 1369 1125 stringen eitlen noch verschonkt werden.
460 1066 1035 1169 volgende sachen bekant.
440 1146 1364 1295 laßer sonst hievor zu Räggesperg geseßen
437 1219 1288 1343 undt ob schon er nochgauf zuen syne
446 1279 1337 1414 doch mit uyb undtkinden beladen, auch
460 1361 1324 1499 seines handtwercks ein synwäber seya
467 1434 1363 1575 habe auch noch sein vatter so in gedeütem
466 1499 1324 1637 sich uffhalte. So seye er Christen
455 1581 1360 1707 grad des jänige der vor ohnpferd anderen
471 1657 1313 1785 halben jahren am Margini mahrit herren
477 1716 1348 1844 Osterhald 2 stückli tuch oder rothen zug.
480 1796 1341 1920 so by 27 ellen gewesen undt von ihmme
498 1866 1310 1989 ut underschidenlichen mahlen vor dem
486 1933 1392 2054 laden hinweg genommen, hernach aber zum
485 2009 1357 2118 theill selbs verbrucht, zum theill aber
486 2072 1338 2202 widerumb verkaufft worden; ent-
483 2145 1378 2234 wendet, darumb ein gnädige oberkeit
481 2220 1337 2337 ihne auch zu wohl verdienter straff
482 2294 1307 2404 ein monath lang, doch obne ning ins
483 2356 1344 2475 Schallenwerkk erkendt habe. Werde
483 2428 1348 2543 munmehr verschinnen meyen ein jahr
480 2499 1311 2625 gsin sein, daß er sich von Rüggisperg
476 2575 1362 2699 enweg gemacht und ins weltsch landt
482 2648 1353 2728 begeben, allwo er under anderem 2.
491 2720 1370 2835 fürnemmen hoh von Hern gedienet und
484 2791 1368 2908 geholffen ihre erühl uffrichten, auch
497 2865 1407 2955 sonst hin und wider andere arbeit machen.
467 2913 1398 3025 Stya in mahnender diser zythn ußert ver
476 3004 1392 3120 schemeem frühling undt jetz daer in das
474 3070 1390 3199 engluck gerahten, niemahl ins teütsch
473 3132 1393 3263 landt kommen, Worumb er sich auch diß
493 3216 1396 3345 letstere mahl aller gemacht, habe er in
483 3288 1354 3418 seinem leimet eiin schyn nemen wollen
467 3355 1411 3483 damit er sich drinnen im Webtschlandt
1275 3458 1391 3539 voll
2616 459 2689 543 103
1738 550 2664 687 volkommlich setzen könte, undt seye
1723 644 2668 779 ihm undvrrwegt by Pätterlingen in
1747 705 2654 816 Sumkommen, daß er alhiea im candt
1753 777 2681 881 etwas entwenden welle wie er dan
1753 838 2672 965 auch also bald darnach droben zu sigen
1750 904 2700 1032 gesperg ohne einiche hilff dise 3 pfredt
1729 972 2700 1101 darumb er zu suchsi eraaffen undt
1753 1041 2714 1168 einmehr hira erhoffet seye uff der
1750 1104 2735 1236 allmendt zusamen gebunden und uff
1764 1177 2670 1312 zuchsi zu führen wellen selbige dazu
1764 1240 2694 1365 verkauffen in der intention daß er
1756 1303 2737 1452 ußem erlößten gebt danien im Meltsch
1774 1397 2745 1524 landt zwe mahstühl welle machen laßen.
1746 1475 2756 1584 könne auch nitlangnen zu stüchsi geredt
1761 1536 2760 1677 zehaben, daß er dise 3 pferdt vom wentzn
1777 1604 2747 1727 enriedt zu Helpp bekommen habe, welches
1753 1675 2717 1819 ihmme alleß hentzlichn leid bitte derhalben.
1758 1750 2745 1876 gott undem gnange oberkeit demütig
1759 1837 2692 1960 gist umb versychen, bezüge auch daßer
1777 1902 2712 2045 ußert obigen bekandten diebstahlen undt
1769 1989 2729 2111 noch zweyen strangen gan mndt einem
1777 2059 2730 2179 Klirgeli garn soer von im trühling
1775 2138 2721 2265 by Losanen angepackt gar nichts genomen
1764 2217 1899 2293 habe.
2052 2209 2727 2337 seye wag nit ohn daßer
1769 2284 2698 2409 vorgebner maßen vor etwas zuehr
1791 2360 2679 2488 by 14 th par gelt in henden gehabt
1765 2437 2758 2554 Diß habe er aber uß einem bet er vor
1792 2510 2588 2633 einem abzug verkaufft, erläßt.
1748 2600 2713 2726 daß er auch sein frauw gantz neüw
1790 2677 2689 2800 kleiden laßen, werde sich solches bim
1778 2752 2787 2874 wenigsten nit erfinden, sonder habe ihra
1793 2820 2769 2941 nur (rev) neüw schu undt strumpf uß
1788 2887 2575 3013 obigem gelt kauffen mußen
1778 2996 2777 3106 Seye also nochmahlen alleß Maser weße
1785 3064 2727 3155 Den tag seines lbens begangen ze haben
1793 3126 2794 3243 undt habe ihn der erste unfahl in damel
1802 3200 2742 3317 Stußis deß wabers hauß getroffen
1802 3273 2739 3380 mit obanzognem zun so er sich gelusten
1794 3336 2773 3455 laßen hi Osterwaldt dem tuchtu von
2536 3419 2803 3534 Neuwen,
