3024 4032
191 484 282 569 74.
506 538 1425 715 ein suttterlohr nemmen müßen, welches er
496 642 1419 787 auch verkaufft, undt werde diß das jünige
511 706 1433 853 in daauff der Scheidt von Halm reden welen
482 788 1417 965 So könne er auch nit absein, daß er etwas
496 899 1407 1033 stramws von zyth zu zyth verkaufft, doch
491 974 1430 1106 eines jahrs nit mehr alß ohngferd 10 burdere
479 1044 1398 1175 da er hingegen zu seinen uechenen mohl by
516 1112 1190 1229 00 burdenen machen können.
458 1218 1422 1379 Diß seye nun alleß das janige mas er kber
497 1303 1406 1445 die an ihne gebruckte underschidenliche fragen
497 1377 1418 1518 bekennen konne. Wüßte auch gar nichts an¬
493 1451 1418 1570 ders ubekennen oder er thüge ihm dan selbs
506 1505 1394 1635 gröblich unrecht. Hette der halben umb
500 1592 1399 1730 das bekante und beganger, gott mit ein
502 1686 1405 1816 gnädige oberkeit demütigist umb verzychn
504 1762 674 1870 nng e.
500 1835 650 1914 E
436 1939 1399 2096 Ist den 18. meyen 1676 erkendt worden.
479 2055 1423 2152 da� diser dann krebs zu Mohlverdienter
500 2123 1378 2214 straff drey mohnat ins rhallenwegek
504 2192 1399 2300 solle ingescheidet werden. Welches auch
500 2266 1187 2403 an ihrem erstattet worden.
1554 1787 1617 1827 en
2707 412 2796 489 75
1833 516 2446 685 BBarbli Stücki undt
1876 623 2280 760 Anni Steiner.
1738 731 2749 875 Nach demme dise zwo wybepersohnen muter
1723 821 2784 955 undt tochter, so danach luth herren predianten byde
1771 893 2769 1020 einer erbarkeit von Dießbach aller gesendten
1771 961 2770 1105 schrybens wider die neüw ingefurte hatteland,
1778 1032 2781 1178 nung im gattelherumb gezogen undt gegen
1773 1103 2777 1236 underschidenlichen persohnen so ihnen die nacht
1792 1177 2793 1307 herberig heßgeschlagen, mit schandtlichen treüw
1795 1244 2801 1373 morten ußgebrochen durch migh großmei
1785 1310 2737 1429 bel Willadung den 3ten junii 1676 uber dise
1780 1379 2745 1497 anklag ernstlich examiniert worden habend sy
1797 1454 2602 1577 sich volgender gestalten verantwortet.
1761 1532 2686 1681 Erstlich alß sy die muter befragt ab sy nit de
1785 1611 2786 1734 einem  k Nychstall da sy mit ihren tochter
1796 1675 2758 1817 übernacht gsin geredt, Meleter Hürcki seye
1799 1755 2745 1883 im ungerechten mann man sohte ihm das
1777 1833 2767 1958 hauß anstecken unnd auch den flachser so inder
1792 1899 2754 2031 nachbarschafft In einem vffenseye Item
1792 1967 2759 2104 ob sy nit von ihrer tochter alß selbige vor
1795 2049 2738 2155 Itmad zyths von ihmme melcher Hürcki nach
1803 2134 2774 2244 luth der ordnung, der nachtherberg halb abege
1800 2194 2818 2320 wesen worden) gehört, daß sy mit uffgehabnen
1794 2270 2772 2384 handen gewünscht, sy bette  daß er über
1803 2336 2815 2451 statt vnnd landt melle iin straff komen laßen
1769 2402 2791 2513 daß man vonhauß endt hub getriben
1802 2475 2779 2591 werde, damit man auch seche wiees denen
1798 2542 2763 2663 lüthen gange die weder hauß noch heimet
1792 2620 1936 2689 haben.
2135 2612 2829 2728 Uber welliches sy sich folgen
1806 2657 2821 2799 der gestalten verantwortet, daß sy ja vor
1802 2748 2826 2869 gebner maßen voretwas zyths von einem
1790 2821 2821 2955 orth zum anderen uß großer noth mit ihrer
1794 2896 2818 3023 tochter im pittel herumb gezogen midt under
1806 2967 2782 3090 anderem einest by Melskar Bürelis hauß
1805 3046 2836 3158 zu Niderbleicken sich angemeldet da übernacht
1815 3117 2770 3244 zesein, unt alß er ihra gesagt, daß er siy
1803 3189 2841 3332 uider die ordnung nit beherbergen dörffe
1803 3256 2810 3402 sorgen er möchte den oberherren erzurnen,
2717 3345 2789 3463 s
