<?xml version="1.0" encoding="UTF-8" standalone="yes"?>
<PcGts xmlns="http://schema.primaresearch.org/PAGE/gts/pagecontent/2013-07-15" xmlns:xsi="http://www.w3.org/2001/XMLSchema-instance" xsi:schemaLocation="http://schema.primaresearch.org/PAGE/gts/pagecontent/2013-07-15 http://schema.primaresearch.org/PAGE/gts/pagecontent/2013-07-15/pagecontent.xsd">
    <Metadata>
        <Creator>prov=University of Rostock/Institute of Mathematics/CITlab|PLANET AI GmbH/Gundram Leifert/gundram.leifert@planet-ai.de:name=German_Kurrent_XVI-XVIII_M1(htr_id=19584)::::v=2.6.7
prov=University of Rostock/Institute of Mathematics/CITlab|PLANET AI GmbH/Tobias Gruening/tobias.gruening@planet-ai.de:name=de.uros.citlab.module.baseline2polygon.B2PSeamMultiOriented:v=2.6.7
prov=University of Rostock/Institute of Mathematics/CITlab|PLANET AI GmbH/Tobias Gruening/tobias.gruening@planet-ai.de:name=/net_tf/LA73_249_0mod360.pb:de.uros.citlab.segmentation.CITlab_LA_ML:v=2.6.7
Transkribus</Creator>
        <Created>2021-03-11T12:12:37.273+01:00</Created>
        <LastChange>2022-09-12T14:56:40.943+02:00</LastChange>
        <TranskribusMetadata docId="1334838" pageId="52361555" pageNr="21" tsid="114643338" status="IN_PROGRESS" userId="9570" imgUrl="https://files.transkribus.eu/Get?id=LSQEAOKFLZIAMROEQEBFFUGD&amp;fileType=view" xmlUrl="https://files.transkribus.eu/Get?id=PYYMOTYZWBBEGGLCSEUGZDZJ" imageId="19032389"/>
    </Metadata>
    <Page imageFilename="B_IX_483_Seite_021.jpg" imageWidth="3024" imageHeight="4032">
        <ReadingOrder>
            <OrderedGroup id="ro_1687513689417" caption="Regions reading order">
                <RegionRefIndexed index="0" regionRef="r1"/>
                <RegionRefIndexed index="1" regionRef="r2"/>
                <RegionRefIndexed index="2" regionRef="r3"/>
            </OrderedGroup>
        </ReadingOrder>
        <TextRegion orientation="0.0" id="r1" custom="readingOrder {index:0;}">
            <Coords points="198,229 198,388 276,388 276,229"/>
            <TextLine id="r1l1" custom="readingOrder {index:0;}">
                <Coords points="190,347 209,355 224,371 236,369 250,359 260,361 269,372 279,372 291,269 278,270 259,280 250,276 235,281 224,277 198,280"/>
                <Baseline points="198,329 224,331 250,334 276,338"/>
                <TextEquiv>
                    <Unicode>36.</Unicode>
                </TextEquiv>
            </TextLine>
            <TextEquiv>
                <Unicode>36.</Unicode>
            </TextEquiv>
        </TextRegion>
        <TextRegion orientation="0.0" id="r2" custom="readingOrder {index:1;}">
            <Coords points="480,467 480,3450 1503,3450 1503,467"/>
            <TextLine id="r2l1" custom="readingOrder {index:0;}">
                <Coords points="567,504 869,533 927,575 975,544 1120,595 1174,578 1210,625 1321,620 1504,685 1516,617 1358,534 1271,564 1132,487 1000,501 756,426 576,458"/>
                <Baseline points="576,492 622,498 668,503 714,508 760,514 806,519 852,525 899,531 945,537 991,544 1037,551 1083,559 1129,567 1175,577 1222,588 1268,598 1314,610 1360,625 1406,639 1452,656 1499,674"/>
                <TextEquiv>
                    <Unicode>umb glychen vursach willen Ingezogen vnnd aber</Unicode>
                </TextEquiv>
            </TextLine>
            <TextLine id="r2l2" custom="readingOrder {index:1;}">
                <Coords points="563,570 920,602 952,635 1030,624 1155,686 1262,652 1363,722 1411,711 1418,668 1363,630 1210,625 1175,578 1129,598 1087,567 1025,596 976,545 921,579 842,528 791,546 644,502 567,539"/>
                <Baseline points="570,566 611,570 653,575 695,578 737,583 779,588 821,592 862,598 904,602 946,608 988,614 1030,620 1072,625 1114,633 1155,641 1197,649 1239,657 1281,665 1323,675 1365,684 1407,696"/>
                <TextEquiv>
                    <Unicode>mit underbahren steürbrieffer versehen</Unicode>
                </TextEquiv>
            </TextLine>
            <TextLine id="r2l3" custom="readingOrder {index:2;}">
                <Coords points="537,656 648,653 696,707 891,672 1012,738 1168,702 1223,754 1267,733 1305,782 1349,754 1437,806 1502,801 1508,763 1360,725 1265,654 1154,686 1041,640 908,656 854,608 697,602 661,569 545,599"/>
                <Baseline points="546,638 593,642 641,647 688,652 736,657 783,661 831,665 878,670 926,676 973,681 1021,688 1068,694 1116,702 1163,709 1211,718 1258,727 1306,738 1353,750 1401,763 1448,778 1496,794"/>
                <TextEquiv>
                    <Unicode>habind sy selbige vor ohngfero acht tagen zu sein</Unicode>
                </TextEquiv>
            </TextLine>
            <TextLine id="r2l4" custom="readingOrder {index:3;}">
                <Coords points="1405,735 1417,738 1430,756 1439,759 1458,757 1465,765 1475,768 1497,695 1483,692 1463,662 1447,666 1439,656 1430,654"/>
                <Baseline points="1422,704 1452,717 1482,722"/>
                <TextEquiv>
                    <Unicode>6</Unicode>
                </TextEquiv>
            </TextLine>
            <TextLine id="r2l5" custom="readingOrder {index:4;} person {offset:24; length:14; continued:true;}">
                <Coords points="533,743 611,721 1159,780 1468,876 1501,876 1510,816 1414,804 1372,763 1308,782 1176,709 1082,748 967,731 891,672 694,708 645,659 603,682 545,652"/>
                <Baseline points="543,719 590,722 638,726 685,731 733,734 781,737 828,741 876,746 924,750 971,755 1019,760 1067,766 1114,771 1162,779 1210,788 1257,798 1305,808 1353,820 1400,834 1448,849 1496,864"/>
                <TextEquiv>
                    <Unicode>In der vog stat e einem verHanß Dersha</Unicode>
                </TextEquiv>
            </TextLine>
            <TextLine id="r2l6" custom="readingOrder {index:5;} person {offset:0; length:6; continued:true;}">
                <Coords points="564,812 654,810 701,856 832,813 970,855 1093,851 1176,912 1250,872 1278,904 1316,883 1429,937 1474,925 1459,867 1357,833 1290,854 1157,779 1063,806 804,750 688,773 576,720"/>
                <Baseline points="573,794 617,798 662,802 707,805 752,809 797,814 841,818 886,822 931,826 976,831 1021,836 1065,841 1110,847 1155,854 1200,860 1245,868 1289,875 1334,885 1379,895 1424,905 1469,917"/>
                <TextEquiv>
                    <Unicode>stuben so hrn oellen daselbst gehörig, das erste</Unicode>
                </TextEquiv>
            </TextLine>
            <TextLine id="r2l7" custom="readingOrder {index:6;} person {offset:34; length:8;}">
                <Coords points="553,874 629,907 677,878 806,892 867,927 1044,913 1119,965 1192,938 1226,965 1355,956 1464,1010 1488,927 1426,947 1250,872 1173,908 1027,839 976,871 934,837 866,857 827,815 753,857 667,820 557,834"/>
                <Baseline points="561,864 606,869 652,873 698,877 743,882 789,885 835,890 880,894 926,898 972,902 1018,907 1063,913 1109,917 1155,924 1200,930 1246,937 1292,945 1337,953 1383,962 1429,973 1475,984"/>
                <TextEquiv>
                    <Unicode>mahl angetroffen unnd seye sy die Margreth</Unicode>
                </TextEquiv>
            </TextLine>
            <TextLine id="r2l8" custom="readingOrder {index:7;}">
                <Coords points="577,947 703,979 986,979 1141,1045 1186,1014 1221,1045 1285,1021 1317,1052 1451,1057 1466,1021 1355,956 1292,979 1200,944 1134,976 1059,933 1019,956 923,916 819,936 698,879 581,910"/>
                <Baseline points="585,936 628,941 672,945 715,950 759,954 803,959 846,963 890,968 933,973 977,978 1021,982 1064,987 1108,994 1151,999 1195,1005 1239,1012 1282,1017 1326,1024 1369,1031 1413,1039 1457,1047"/>
                <TextEquiv>
                    <Unicode>ampt ihrem mann damahlen schon by einer</Unicode>
                </TextEquiv>
            </TextLine>
            <TextLine id="r2l9" custom="readingOrder {index:8;}">
                <Coords points="546,1027 876,1048 922,1083 1006,1044 1488,1150 1497,1070 1468,1057 1428,1082 1284,1028 1161,1056 1056,1000 901,1021 866,987 727,1014 663,973 552,981"/>
                <Baseline points="555,1013 601,1017 648,1021 694,1025 741,1030 787,1034 834,1038 880,1043 927,1047 973,1052 1020,1056 1066,1062 1113,1067 1159,1072 1206,1078 1252,1085 1299,1092 1345,1099 1392,1106 1438,1115 1485,1124"/>
                <TextEquiv>
                    <Unicode>weihen lang da gsin habe auch dise damen sel</Unicode>
                </TextEquiv>
            </TextLine>
            <TextLine id="r2l10" custom="readingOrder {index:9;}">
                <Coords points="551,1117 655,1159 877,1124 1070,1174 1120,1139 1170,1172 1453,1201 1486,1163 1386,1152 1331,1098 1156,1122 1000,1045 922,1092 838,1095 780,1035 657,1068 561,1026"/>
                <Baseline points="561,1094 606,1098 652,1101 698,1105 744,1109 789,1112 835,1116 881,1120 927,1124 972,1129 1018,1132 1064,1137 1110,1141 1155,1146 1201,1152 1247,1157 1293,1163 1338,1169 1384,1175 1430,1182 1476,1190"/>
                <TextEquiv>
                    <Unicode>biger zyth ein magdt by ihr ghan mit einem</Unicode>
                </TextEquiv>
            </TextLine>
            <TextLine id="r2l11" custom="readingOrder {index:10;}">
                <Coords points="558,1235 648,1183 885,1187 988,1241 1026,1215 1216,1237 1263,1273 1337,1250 1408,1309 1493,1285 1499,1226 1347,1174 1287,1203 1185,1188 1122,1139 1058,1181 1016,1140 874,1127 756,1167 567,1140"/>
                <Baseline points="570,1173 615,1178 661,1181 707,1184 753,1187 799,1191 845,1194 891,1198 937,1201 983,1205 1029,1209 1074,1213 1120,1217 1166,1222 1212,1227 1258,1232 1304,1238 1350,1245 1396,1252 1442,1260 1488,1268"/>
                <TextEquiv>
                    <Unicode>grauwen rock, die sy mit etwas gelt in schwe</Unicode>
                </TextEquiv>
            </TextLine>
            <TextLine id="r2l12" custom="readingOrder {index:11;}">
                <Coords points="541,1267 712,1271 750,1306 810,1273 1021,1320 1210,1309 1295,1368 1367,1324 1498,1369 1476,1292 1409,1312 1310,1261 1258,1290 1148,1221 1100,1257 1055,1228 916,1259 856,1212 803,1251 732,1190 622,1227 548,1193"/>
                <Baseline points="549,1254 596,1257 643,1262 690,1264 738,1268 785,1271 832,1274 879,1278 927,1281 974,1284 1021,1288 1068,1292 1116,1296 1163,1302 1210,1306 1257,1313 1305,1317 1352,1324 1399,1329 1446,1338 1494,1344"/>
                <TextEquiv>
                    <Unicode>benlandt zu dreyen ihren kinden, so sy furgeben</Unicode>
                </TextEquiv>
            </TextLine>
            <TextLine id="r2l13" custom="readingOrder {index:12;}">
                <Coords points="535,1339 690,1380 782,1350 844,1390 934,1360 1051,1398 1187,1370 1412,1462 1461,1444 1469,1358 1367,1323 1297,1368 1184,1305 1002,1341 883,1289 830,1325 781,1287 539,1302"/>
                <Baseline points="543,1328 588,1332 634,1335 680,1338 726,1342 771,1346 817,1349 863,1353 909,1355 954,1359 1000,1362 1046,1366 1092,1371 1137,1374 1183,1379 1229,1383 1275,1388 1320,1394 1366,1400 1412,1406 1458,1412"/>
                <TextEquiv>
                    <Unicode>noch da haben hinweggeschickt. daruff sy zu</Unicode>
                </TextEquiv>
            </TextLine>
            <TextLine id="r2l14" custom="readingOrder {index:13;}">
                <Coords points="538,1424 684,1413 851,1454 962,1414 1149,1487 1238,1456 1391,1517 1445,1488 1508,1510 1514,1434 1393,1456 1188,1371 1042,1407 939,1360 829,1403 685,1399 544,1349"/>
                <Baseline points="546,1403 593,1408 641,1413 689,1417 737,1421 785,1425 833,1428 880,1432 928,1435 976,1439 1024,1441 1072,1445 1120,1448 1168,1451 1215,1454 1263,1459 1311,1464 1359,1471 1407,1476 1455,1484 1503,1491"/>
                <TextEquiv>
                    <Unicode>ihnen auch gesagt  bette luß mit ihnen getrien,</Unicode>
                </TextEquiv>
            </TextLine>
            <TextLine id="r2l15" custom="readingOrder {index:14;}">
                <Coords points="545,1490 652,1524 1039,1523 1089,1558 1249,1537 1330,1590 1506,1568 1509,1533 1263,1462 1171,1505 962,1414 779,1480 619,1413 548,1453"/>
                <Baseline points="552,1478 599,1482 646,1487 694,1492 741,1496 789,1501 836,1505 883,1508 931,1512 978,1516 1026,1519 1073,1523 1120,1526 1168,1530 1215,1534 1263,1538 1310,1542 1357,1545 1405,1549 1452,1554 1500,1559"/>
                <TextEquiv>
                    <Unicode>and habe alsobald ihr losament by ihne sein</Unicode>
                </TextEquiv>
            </TextLine>
            <TextLine id="r2l16" custom="readingOrder {index:15;}">
                <Coords points="535,1575 621,1565 712,1607 891,1584 1110,1632 1198,1610 1252,1649 1325,1625 1490,1650 1495,1598 1295,1587 1249,1536 1182,1567 1062,1534 915,1564 542,1497"/>
                <Baseline points="543,1556 590,1560 637,1564 684,1567 731,1571 778,1575 825,1578 872,1582 919,1586 966,1590 1014,1593 1061,1598 1108,1602 1155,1606 1202,1610 1249,1614 1296,1617 1343,1621 1390,1625 1437,1629 1485,1632"/>
                <TextEquiv>
                    <Unicode>sternen genomen, da sy by 2 tagen verbliben</Unicode>
                </TextEquiv>
            </TextLine>
            <TextLine id="r2l17" custom="readingOrder {index:16;}">
                <Coords points="539,1638 585,1667 912,1680 966,1716 1078,1674 1291,1751 1377,1699 1502,1727 1506,1673 1430,1627 1370,1655 543,1591"/>
                <Baseline points="546,1635 593,1641 641,1645 688,1649 736,1653 783,1656 831,1660 878,1663 926,1667 973,1670 1021,1673 1069,1677 1116,1680 1164,1683 1211,1687 1259,1691 1306,1695 1354,1700 1401,1703 1449,1709 1497,1713"/>
                <TextEquiv>
                    <Unicode>sich aber selbs gespyset, Hernach sey sy mit ihnen</Unicode>
                </TextEquiv>
            </TextLine>
            <TextLine id="r2l18" custom="readingOrder {index:17;} place {offset:22; length:6;} place {offset:34; length:4; continued:true;}">
                <Coords points="534,1746 657,1779 761,1745 901,1787 1049,1756 1314,1774 1481,1811 1485,1744 1384,1709 1299,1755 1171,1692 1075,1732 918,1690 848,1722 791,1669 584,1667 541,1638"/>
                <Baseline points="543,1724 589,1728 636,1733 682,1736 729,1739 776,1742 822,1745 869,1748 916,1750 962,1754 1009,1756 1056,1758 1102,1761 1149,1763 1196,1765 1242,1769 1289,1772 1336,1775 1382,1779 1429,1782 1476,1787"/>
                <TextEquiv>
                    <Unicode>vff Eug, von Eug nach Lurern vnnd Mun¬</Unicode>
                </TextEquiv>
            </TextLine>
            <TextLine id="r2l19" custom="readingOrder {index:18;} place {offset:0; length:4; continued:true;} person {offset:14; length:8;}">
                <Coords points="537,1839 678,1810 730,1841 846,1821 1012,1859 1155,1845 1197,1885 1339,1855 1429,1887 1453,1797 1318,1830 1222,1768 1107,1806 1030,1780 919,1799 868,1764 815,1794 753,1753 594,1777 542,1748"/>
                <Baseline points="546,1806 590,1809 635,1811 680,1813 725,1817 770,1818 814,1820 859,1823 904,1826 949,1828 994,1831 1038,1833 1083,1835 1128,1838 1173,1842 1218,1845 1262,1848 1307,1852 1352,1855 1397,1860 1442,1863"/>
                <TextEquiv>
                    <Unicode>ster, da ihra Margreth am letsteren orth</Unicode>
                </TextEquiv>
            </TextLine>
            <TextLine id="r2l20" custom="readingOrder {index:19;}">
                <Coords points="533,1883 743,1896 810,1947 932,1903 1308,1961 1348,1930 1472,1951 1476,1877 1427,1898 1354,1862 1238,1900 1171,1860 1105,1886 1051,1836 1006,1872 850,1825 776,1867 678,1810 535,1855"/>
                <Baseline points="540,1880 586,1883 632,1887 678,1890 725,1894 771,1896 817,1900 864,1904 910,1905 956,1908 1003,1911 1049,1913 1095,1916 1141,1919 1188,1920 1234,1923 1280,1926 1327,1928 1373,1931 1419,1932 1466,1935"/>
                <TextEquiv>
                    <Unicode>einkindt gestorben. Von dannen seyen sy</Unicode>
                </TextEquiv>
            </TextLine>
            <TextLine id="r2l21" custom="readingOrder {index:20;} place {offset:3; length:8;}">
                <Coords points="530,1998 714,1972 1163,2032 1220,2008 1264,2041 1326,1999 1451,2023 1453,1984 1348,1932 1256,1981 1185,1934 1052,1951 885,1905 804,1950 742,1896 536,1892"/>
                <Baseline points="539,1959 584,1962 629,1965 675,1969 720,1972 765,1974 811,1978 856,1980 901,1983 947,1986 992,1989 1037,1992 1083,1994 1128,1997 1173,1998 1219,2001 1264,2003 1309,2004 1355,2006 1400,2008 1446,2009"/>
                <TextEquiv>
                    <Unicode>uf Burdorff kommen, dise ihre gesillen,</Unicode>
                </TextEquiv>
            </TextLine>
            <TextLine id="r2l22" custom="readingOrder {index:21;} person {offset:15; length:7;}">
                <Coords points="542,2039 780,2085 865,2053 1043,2065 1185,2120 1229,2093 1330,2128 1378,2091 1470,2101 1473,2042 1387,2051 1322,2004 1275,2044 1228,2012 1135,2038 1049,1997 990,2024 689,1973 544,2006"/>
                <Baseline points="549,2033 594,2037 640,2040 686,2043 732,2048 777,2051 823,2054 869,2057 915,2060 960,2064 1006,2067 1052,2069 1098,2072 1143,2074 1189,2077 1235,2079 1281,2081 1326,2084 1372,2086 1418,2088 1464,2090"/>
                <TextEquiv>
                    <Unicode>aber habe ihre Collecs Jederwylen sonderbar</Unicode>
                </TextEquiv>
            </TextLine>
            <TextLine id="r2l23" custom="readingOrder {index:22;}">
                <Coords points="531,2170 643,2128 1245,2151 1341,2187 1461,2169 1463,2135 1398,2094 1331,2129 1188,2126 1138,2081 1041,2064 1006,2084 863,2054 806,2093 538,2034"/>
                <Baseline points="540,2114 585,2117 631,2121 677,2123 722,2126 768,2129 814,2131 859,2135 905,2137 951,2139 997,2142 1042,2145 1088,2147 1134,2150 1179,2151 1225,2153 1271,2154 1316,2156 1362,2157 1408,2159 1454,2160"/>
                <TextEquiv>
                    <Unicode>uffgenommen unnd seye underwegs effen</Unicode>
                </TextEquiv>
            </TextLine>
            <TextLine id="r2l24" custom="readingOrder {index:23;}">
                <Coords points="538,2206 612,2203 671,2251 742,2205 892,2252 1058,2220 1115,2250 1437,2239 1458,2183 1420,2162 1309,2198 1246,2153 1034,2173 982,2136 879,2187 641,2134 539,2176"/>
                <Baseline points="545,2193 590,2196 635,2197 680,2199 725,2201 771,2204 816,2207 861,2209 906,2212 951,2215 997,2217 1042,2220 1087,2223 1132,2225 1177,2227 1223,2228 1268,2230 1313,2231 1358,2231 1403,2232 1449,2231"/>
                <TextEquiv>
                    <Unicode>andt ihnen mehrtheils umb etwas mit der</Unicode>
                </TextEquiv>
            </TextLine>
            <TextLine id="r2l25" custom="readingOrder {index:24;}">
                <Coords points="532,2295 602,2272 645,2316 714,2278 845,2315 1193,2305 1244,2349 1372,2304 1485,2314 1488,2249 1328,2237 1157,2287 1035,2242 671,2252 616,2206 536,2204"/>
                <Baseline points="540,2267 589,2269 638,2271 688,2274 737,2277 787,2280 836,2283 885,2286 935,2289 984,2292 1034,2294 1083,2297 1133,2299 1182,2301 1231,2303 1281,2303 1330,2303 1380,2303 1429,2303 1479,2301"/>
                <TextEquiv>
                    <Unicode>steürforderung nachgangen. Zu zugkei</Unicode>
                </TextEquiv>
            </TextLine>
            <TextLine id="r2l26" custom="readingOrder {index:25;} place {offset:0; length:6;}">
                <Coords points="536,2348 923,2422 1074,2382 1487,2410 1491,2318 1387,2305 1326,2347 1286,2322 1188,2358 1039,2297 878,2344 734,2285 662,2323 539,2282"/>
                <Baseline points="543,2339 592,2343 641,2348 691,2352 740,2355 790,2360 839,2363 888,2366 938,2369 987,2372 1037,2375 1086,2376 1136,2379 1185,2381 1234,2381 1284,2382 1333,2382 1383,2382 1432,2381 1482,2381"/>
                <TextEquiv>
                    <Unicode>Lurere seyen sy all zyth in einem mithhauß</Unicode>
                </TextEquiv>
            </TextLine>
            <TextLine id="r2l27" custom="readingOrder {index:26;}">
                <Coords points="524,2464 588,2433 858,2448 883,2475 998,2458 1048,2508 1107,2466 1197,2492 1236,2462 1486,2466 1445,2406 1350,2425 1308,2386 1256,2431 1109,2383 1004,2431 662,2351 528,2383"/>
                <Baseline points="533,2415 580,2420 627,2426 674,2430 722,2434 769,2437 816,2442 864,2445 911,2448 958,2451 1006,2454 1053,2456 1100,2457 1147,2459 1195,2460 1242,2461 1289,2462 1337,2462 1384,2462 1431,2461 1479,2460"/>
                <TextEquiv>
                    <Unicode>gsin und habe dise wie sy von ihra vernemmen</Unicode>
                </TextEquiv>
            </TextLine>
            <TextLine id="r2l28" custom="readingOrder {index:27;}">
                <Coords points="538,2497 855,2515 905,2557 1375,2529 1460,2552 1463,2490 1421,2461 1338,2511 1149,2478 1048,2509 971,2461 878,2496 708,2440 654,2474 540,2457"/>
                <Baseline points="545,2493 590,2495 636,2498 681,2501 727,2504 772,2507 818,2510 863,2514 909,2517 954,2521 1000,2525 1045,2528 1091,2531 1136,2533 1182,2535 1227,2536 1273,2537 1318,2537 1364,2537 1409,2535 1455,2532"/>
                <TextEquiv>
                    <Unicode>mögen vill einmehrers alß ihr mann be</Unicode>
                </TextEquiv>
            </TextLine>
            <TextLine id="r2l29" custom="readingOrder {index:28;}">
                <Coords points="520,2583 549,2586 580,2574 587,2581 605,2579 609,2584 635,2578 656,2585 667,2578 676,2587 693,2589 697,2552 684,2551 640,2514 616,2522 602,2504 580,2513 562,2495 530,2498"/>
                <Baseline points="530,2562 556,2564 582,2567 608,2569 634,2572 660,2576 687,2579"/>
                <TextEquiv>
                    <Unicode>komme.</Unicode>
                </TextEquiv>
            </TextLine>
            <TextLine id="r2l30" custom="readingOrder {index:29;} place {offset:3; length:4;}">
                <Coords points="709,2576 777,2572 810,2605 1093,2610 1135,2652 1233,2608 1459,2622 1461,2562 1368,2568 1323,2539 1278,2560 1118,2545 1070,2578 890,2559 821,2518 759,2560 710,2545"/>
                <Baseline points="716,2586 752,2588 789,2589 826,2590 863,2592 900,2594 936,2595 973,2597 1010,2600 1047,2601 1084,2603 1120,2604 1157,2606 1194,2607 1231,2609 1268,2609 1304,2610 1341,2610 1378,2610 1415,2610 1452,2609"/>
                <TextEquiv>
                    <Unicode>Im Bern piett habe weder ihr</Unicode>
                </TextEquiv>
            </TextLine>
            <TextLine id="r2l31" custom="readingOrder {index:30;}">
                <Coords points="523,2651 661,2645 792,2706 870,2670 985,2672 1015,2706 1238,2686 1302,2726 1354,2690 1487,2704 1492,2629 1384,2656 1236,2607 1133,2652 1031,2599 628,2621 527,2578"/>
                <Baseline points="531,2630 578,2634 626,2640 673,2645 721,2650 768,2655 816,2660 863,2664 911,2669 958,2672 1006,2675 1054,2678 1101,2680 1149,2682 1196,2684 1244,2685 1291,2685 1339,2685 1386,2684 1434,2682 1482,2679"/>
                <TextEquiv>
                    <Unicode>Mann noch sy dise brieffen nit bruchen welen</Unicode>
                </TextEquiv>
            </TextLine>
            <TextLine id="r2l32" custom="readingOrder {index:31;}">
                <Coords points="525,2707 655,2757 710,2728 744,2763 817,2738 894,2779 986,2745 1060,2781 1177,2754 1450,2796 1432,2695 1357,2690 1304,2730 1235,2687 1137,2730 941,2716 868,2676 795,2706 717,2658 526,2686"/>
                <Baseline points="531,2703 576,2708 622,2713 668,2717 714,2721 759,2724 805,2729 851,2733 897,2735 942,2738 988,2742 1034,2744 1080,2747 1125,2748 1171,2751 1217,2751 1263,2753 1308,2753 1354,2754 1400,2754 1446,2753"/>
                <TextEquiv>
                    <Unicode>en Wylense ersorget iann möchte sy alß</Unicode>
                </TextEquiv>
            </TextLine>
            <TextLine id="r2l33" custom="readingOrder {index:32;}">
                <Coords points="517,2789 608,2819 726,2804 769,2848 820,2811 914,2844 961,2816 1131,2823 1243,2876 1289,2835 1337,2867 1466,2852 1468,2811 1317,2800 1259,2758 1188,2800 1043,2764 993,2787 953,2754 768,2774 715,2736 518,2757"/>
                <Baseline points="524,2778 570,2782 617,2787 664,2791 711,2795 758,2799 804,2801 851,2805 898,2808 945,2811 992,2814 1038,2816 1085,2819 1132,2821 1179,2822 1226,2825 1272,2826 1319,2828 1366,2829 1413,2831 1460,2832"/>
                <TextEquiv>
                    <Unicode>ein inländische wohl erkennen. ihre gespre</Unicode>
                </TextEquiv>
            </TextLine>
            <TextLine id="r2l34" custom="readingOrder {index:33;} place {offset:22; length:9;}">
                <Coords points="520,2860 719,2872 849,2941 948,2896 1448,2925 1451,2877 1344,2878 1290,2835 1244,2875 1047,2818 972,2870 873,2815 771,2849 666,2808 611,2846 524,2794"/>
                <Baseline points="527,2858 572,2861 618,2865 664,2868 710,2872 756,2877 801,2881 847,2884 893,2888 939,2891 985,2894 1030,2897 1076,2900 1122,2903 1168,2904 1214,2906 1259,2907 1305,2907 1351,2908 1397,2907 1443,2906"/>
                <TextEquiv>
                    <Unicode>len aber habe sich zu Burgdorff bim zur</Unicode>
                </TextEquiv>
            </TextLine>
            <TextLine id="r2l35" custom="readingOrder {index:34;}">
                <Coords points="515,2978 576,2939 662,2982 887,2964 1141,3012 1439,2987 1411,2925 1334,2954 1173,2913 1059,2948 931,2906 846,2942 725,2877 520,2895"/>
                <Baseline points="524,2936 569,2937 614,2941 660,2944 705,2948 751,2951 796,2955 842,2960 887,2963 933,2968 978,2972 1023,2975 1069,2978 1114,2981 1160,2984 1205,2985 1251,2985 1296,2986 1342,2985 1387,2984 1433,2982"/>
                <TextEquiv>
                    <Unicode>germeister anmelden wellen, welcher aber</Unicode>
                </TextEquiv>
            </TextLine>
            <TextLine id="r2l36" custom="readingOrder {index:35;}">
                <Coords points="518,3013 661,3032 705,3080 1073,3060 1120,3110 1237,3066 1445,3075 1450,2999 1137,3015 1075,2985 972,3019 845,2967 710,3006 575,2939 521,2975"/>
                <Baseline points="525,3005 570,3010 616,3015 662,3019 708,3023 753,3028 799,3033 845,3037 891,3041 936,3045 982,3048 1028,3051 1074,3055 1119,3058 1165,3059 1211,3060 1257,3062 1302,3062 1348,3062 1394,3062 1440,3060"/>
                <TextEquiv>
                    <Unicode>nit zuhauß gsin seye, also daß sy deß kür</Unicode>
                </TextEquiv>
            </TextLine>
            <TextLine id="r2l37" custom="readingOrder {index:36;}">
                <Coords points="512,3118 550,3103 658,3150 736,3112 789,3145 866,3123 915,3162 1104,3132 1230,3191 1291,3153 1443,3142 1446,3097 1270,3063 1121,3112 1041,3056 1001,3085 947,3059 815,3091 597,3019 516,3055"/>
                <Baseline points="521,3084 566,3089 612,3093 658,3097 704,3101 750,3105 795,3108 841,3113 887,3116 933,3120 979,3124 1024,3128 1070,3130 1116,3134 1162,3135 1208,3137 1253,3138 1299,3138 1345,3138 1391,3137 1437,3135"/>
                <TextEquiv>
                    <Unicode>gershas er wyen sy mit keiner offestation</Unicode>
                </TextEquiv>
            </TextLine>
            <TextLine id="r2l38" custom="readingOrder {index:37;} place {offset:4; length:4;}">
                <Coords points="503,3177 726,3185 812,3233 851,3207 1001,3218 1071,3262 1264,3217 1436,3250 1425,3162 1356,3196 1294,3158 1251,3191 1200,3166 1161,3188 1041,3130 940,3180 841,3125 798,3150 739,3119 688,3157 508,3097"/>
                <Baseline points="510,3167 556,3171 602,3174 648,3177 694,3181 740,3185 786,3189 832,3192 878,3195 924,3198 970,3201 1016,3204 1062,3207 1108,3209 1154,3212 1200,3214 1246,3216 1292,3218 1338,3219 1384,3219 1431,3221"/>
                <TextEquiv>
                    <Unicode>von Bern versechen mit läster handen ab</Unicode>
                </TextEquiv>
            </TextLine>
            <TextLine id="r2l39" custom="readingOrder {index:38;}">
                <Coords points="493,3284 527,3264 544,3265 579,3296 592,3293 610,3308 665,3263 681,3276 704,3277 708,3237 655,3233 619,3196 605,3200 598,3193 546,3221 532,3211 500,3217"/>
                <Baseline points="504,3245 531,3246 559,3248 587,3252 615,3255 643,3258 671,3261 699,3263"/>
                <TextEquiv>
                    <Unicode>gewisen.</Unicode>
                </TextEquiv>
            </TextLine>
            <TextLine id="r2l40" custom="readingOrder {index:39;}">
                <Coords points="864,3265 938,3299 1017,3279 1083,3310 1182,3287 1432,3321 1473,3300 1476,3244 1350,3273 1253,3223 1179,3262 1108,3241 1064,3260 1001,3217 965,3232 866,3211"/>
                <Baseline points="870,3275 899,3275 929,3275 959,3275 989,3276 1019,3278 1049,3281 1078,3282 1108,3284 1138,3286 1168,3289 1198,3291 1228,3292 1258,3294 1287,3295 1317,3296 1347,3296 1377,3296 1407,3296 1437,3294 1467,3291"/>
                <TextEquiv>
                    <Unicode>Daß auch noch andere mehr</Unicode>
                </TextEquiv>
            </TextLine>
            <TextLine id="r2l41" custom="readingOrder {index:40;}">
                <Coords points="473,3337 615,3377 737,3346 880,3397 940,3359 1236,3367 1365,3414 1420,3392 1425,3309 1225,3323 1180,3290 1081,3318 1012,3279 909,3307 749,3274 607,3309 477,3267"/>
                <Baseline points="480,3320 526,3324 573,3328 620,3332 667,3335 713,3339 760,3342 807,3345 854,3348 900,3351 947,3354 994,3356 1041,3359 1087,3361 1134,3362 1181,3365 1228,3366 1274,3368 1321,3369 1368,3371 1415,3372"/>
                <TextEquiv>
                    <Unicode>Derglschen brieffen habend unnd im andt h</Unicode>
                </TextEquiv>
            </TextLine>
            <TextLine id="r2l42" custom="readingOrder {index:41;}">
                <Coords points="1300,3446 1319,3454 1331,3446 1352,3449 1369,3441 1382,3449 1392,3450 1398,3443 1431,3449 1431,3392 1417,3394 1401,3410 1377,3408 1357,3413 1348,3409 1343,3413 1325,3401 1315,3410 1300,3406"/>
                <Baseline points="1307,3434 1336,3434 1366,3433 1395,3433 1425,3435"/>
                <TextEquiv>
                    <Unicode>rumb</Unicode>
                </TextEquiv>
            </TextLine>
            <TextEquiv>
                <Unicode>umb glychen vursach willen Ingezogen vnnd aber
mit underbahren steürbrieffer versehen
habind sy selbige vor ohngfero acht tagen zu sein
6
In der vog stat e einem verHanß Dersha
stuben so hrn oellen daselbst gehörig, das erste
mahl angetroffen unnd seye sy die Margreth
ampt ihrem mann damahlen schon by einer
weihen lang da gsin habe auch dise damen sel
biger zyth ein magdt by ihr ghan mit einem
grauwen rock, die sy mit etwas gelt in schwe
benlandt zu dreyen ihren kinden, so sy furgeben
noch da haben hinweggeschickt. daruff sy zu
ihnen auch gesagt  bette luß mit ihnen getrien,
and habe alsobald ihr losament by ihne sein
sternen genomen, da sy by 2 tagen verbliben
sich aber selbs gespyset, Hernach sey sy mit ihnen
vff Eug, von Eug nach Lurern vnnd Mun¬
ster, da ihra Margreth am letsteren orth
einkindt gestorben. Von dannen seyen sy
uf Burdorff kommen, dise ihre gesillen,
aber habe ihre Collecs Jederwylen sonderbar
uffgenommen unnd seye underwegs effen
andt ihnen mehrtheils umb etwas mit der
steürforderung nachgangen. Zu zugkei
Lurere seyen sy all zyth in einem mithhauß
gsin und habe dise wie sy von ihra vernemmen
mögen vill einmehrers alß ihr mann be
komme.
Im Bern piett habe weder ihr
Mann noch sy dise brieffen nit bruchen welen
en Wylense ersorget iann möchte sy alß
ein inländische wohl erkennen. ihre gespre
len aber habe sich zu Burgdorff bim zur
germeister anmelden wellen, welcher aber
nit zuhauß gsin seye, also daß sy deß kür
gershas er wyen sy mit keiner offestation
von Bern versechen mit läster handen ab
gewisen.
Daß auch noch andere mehr
Derglschen brieffen habend unnd im andt h
rumb</Unicode>
            </TextEquiv>
        </TextRegion>
        <TextRegion orientation="0.0" id="r3" custom="readingOrder {index:2;}">
            <Coords points="1842,428 1842,3503 2921,3503 2921,428"/>
            <TextLine id="r3l1" custom="readingOrder {index:0;}">
                <Coords points="2815,485 2844,484 2862,502 2871,502 2876,508 2894,510 2899,505 2912,505 2916,432 2902,430 2890,416 2882,421 2870,412 2850,419 2837,411 2818,414"/>
                <Baseline points="2823,464 2851,464 2879,466 2907,467"/>
                <TextEquiv>
                    <Unicode>37.</Unicode>
                </TextEquiv>
            </TextLine>
            <TextLine id="r3l2" custom="readingOrder {index:1;}">
                <Coords points="1883,654 2862,622 2861,578 2695,557 2649,520 2538,575 2453,530 2400,566 2160,516 2071,559 1881,565"/>
                <Baseline points="1889,633 1937,630 1985,629 2033,626 2082,624 2130,622 2178,621 2227,620 2275,618 2323,618 2372,617 2420,617 2468,615 2516,615 2565,615 2613,614 2661,613 2710,612 2758,611 2806,609 2855,608"/>
                <TextEquiv>
                    <Unicode>herumb zuchind, wüße sy gar nit zesagen</Unicode>
                </TextEquiv>
            </TextLine>
            <TextLine id="r3l3" custom="readingOrder {index:2;} person {offset:23; length:7;}">
                <Coords points="1895,719 2016,697 2094,732 2223,686 2372,718 2422,678 2638,677 2759,678 2810,726 2919,683 2919,651 2816,611 2734,651 2643,609 2521,658 2452,625 2414,656 2379,625 2337,655 2152,636 2104,671 1893,646"/>
                <Baseline points="1901,699 1951,696 2002,694 2052,692 2103,690 2153,688 2204,686 2254,686 2305,684 2355,683 2406,683 2457,681 2507,681 2558,681 2608,680 2659,680 2709,679 2760,678 2810,678 2861,677 2912,677"/>
                <TextEquiv>
                    <Unicode>vill meiiger daß diser Cunradt derglischen</Unicode>
                </TextEquiv>
            </TextLine>
            <TextLine id="r3l4" custom="readingOrder {index:3;}">
                <Coords points="1889,778 2158,812 2396,751 2487,783 2705,738 2784,788 2835,755 2889,770 2888,722 2812,724 2761,679 2632,727 2568,692 2465,722 2421,691 2370,724 2227,686 2098,734 2016,697 1888,730"/>
                <Baseline points="1895,770 1944,767 1993,765 2043,764 2092,762 2141,760 2191,758 2240,758 2289,756 2339,755 2388,753 2437,752 2487,751 2536,750 2585,749 2635,749 2684,749 2733,749 2783,749 2832,749 2882,750"/>
                <TextEquiv>
                    <Unicode>ehr gefergget habe. Wohl weße s sich zu</Unicode>
                </TextEquiv>
            </TextLine>
            <TextLine id="r3l5" custom="readingOrder {index:4;}">
                <Coords points="1891,860 2232,826 2293,857 2349,833 2416,877 2471,827 2565,824 2598,857 2784,814 2921,827 2920,782 2839,757 2773,788 2708,739 2622,801 2547,752 2486,787 2403,759 2159,811 1890,812"/>
                <Baseline points="1898,840 1948,837 1999,836 2050,834 2101,832 2152,831 2203,830 2253,828 2304,827 2355,827 2406,825 2457,825 2508,824 2559,823 2609,822 2660,821 2711,819 2762,818 2813,816 2864,815 2915,812"/>
                <TextEquiv>
                    <Unicode>ereneren, daß diser schryber zu ihrem mann</Unicode>
                </TextEquiv>
            </TextLine>
            <TextLine id="r3l6" custom="readingOrder {index:5;} place {offset:23; length:10;}">
                <Coords points="1886,951 2065,904 2596,930 2896,900 2914,848 2855,862 2784,816 2664,874 2565,825 2462,830 2414,877 2182,831 2086,875 1959,839 1884,865"/>
                <Baseline points="1892,912 1942,910 1993,908 2044,906 2095,905 2146,903 2197,903 2247,902 2298,902 2349,900 2400,900 2451,900 2502,899 2553,899 2603,897 2654,896 2705,894 2756,891 2807,888 2858,884 2909,879"/>
                <TextEquiv>
                    <Unicode>gesagt er werde ihn zu Sefflingen widerumb</Unicode>
                </TextEquiv>
            </TextLine>
            <TextLine id="r3l7" custom="readingOrder {index:6;}">
                <Coords points="1880,990 2146,986 2191,1018 2263,983 2787,965 2858,994 2910,982 2908,903 2644,946 2245,913 2133,957 2065,909 1879,960"/>
                <Baseline points="1886,981 1936,980 1987,980 2038,978 2089,978 2140,977 2191,977 2241,975 2292,975 2343,974 2394,972 2445,971 2496,971 2547,969 2597,968 2648,966 2699,965 2750,963 2801,962 2852,960 2903,959"/>
                <TextEquiv>
                    <Unicode>antreffen, er sölle ihm alß dan ein paar Tha-</Unicode>
                </TextEquiv>
            </TextLine>
            <TextLine id="r3l8" custom="readingOrder {index:7;}">
                <Coords points="1886,1067 2247,1083 2343,1059 2383,1084 2541,1052 2628,1089 2739,1047 2739,1021 2644,1027 2575,978 2464,978 2430,1011 2256,987 2205,1023 2114,987 2055,1023 1985,983 1884,993"/>
                <Baseline points="1892,1055 1934,1055 1976,1053 2018,1053 2060,1053 2102,1052 2144,1052 2186,1050 2228,1050 2270,1049 2312,1049 2354,1048 2396,1047 2438,1046 2480,1045 2522,1044 2564,1043 2606,1043 2648,1041 2690,1040 2732,1040"/>
                <TextEquiv>
                    <Unicode>ler von disem collect gelt zu bringen.</Unicode>
                </TextEquiv>
            </TextLine>
            <TextLine id="r3l9" custom="readingOrder {index:8;} person {offset:24; length:8;}">
                <Coords points="1855,1168 1936,1203 2114,1149 2430,1180 2527,1139 2602,1169 2695,1135 2902,1149 2900,1099 2772,1100 2712,1052 2623,1105 2411,1068 2282,1127 2190,1069 2066,1129 1945,1091 1854,1118"/>
                <Baseline points="1862,1164 1913,1163 1965,1160 2016,1158 2068,1156 2120,1154 2171,1152 2223,1151 2274,1149 2326,1148 2378,1146 2429,1144 2481,1142 2532,1140 2584,1139 2636,1137 2687,1136 2739,1134 2790,1131 2842,1130 2894,1127"/>
                <TextEquiv>
                    <Unicode>Alß nun obiger durch sy Margreth genamn</Unicode>
                </TextEquiv>
            </TextLine>
            <TextLine id="r3l10" custom="readingOrder {index:9;} person {offset:17; length:12;}">
                <Coords points="1883,1243 2007,1217 2091,1259 2151,1227 2361,1249 2598,1208 2731,1240 2830,1221 2828,1162 2780,1178 2696,1135 2604,1168 2497,1145 2443,1195 2286,1143 2216,1174 2173,1150 1997,1169 1940,1204 1881,1170"/>
                <Baseline points="1889,1227 1935,1226 1982,1226 2028,1224 2075,1224 2122,1223 2168,1223 2215,1222 2262,1221 2308,1220 2355,1220 2402,1218 2448,1217 2495,1215 2542,1214 2588,1212 2635,1209 2682,1207 2728,1205 2775,1201 2822,1197"/>
                <TextEquiv>
                    <Unicode>seter haußknecht Caspar Jordi und auch</Unicode>
                </TextEquiv>
            </TextLine>
            <TextLine id="r3l11" custom="readingOrder {index:10;}">
                <Coords points="1895,1311 1978,1350 2053,1305 2217,1296 2307,1344 2353,1301 2430,1299 2485,1339 2546,1286 2895,1300 2894,1234 2751,1220 2679,1259 2598,1208 2441,1275 2338,1230 2147,1230 2051,1278 1954,1234 1894,1251"/>
                <Baseline points="1901,1299 1950,1299 1999,1299 2049,1299 2098,1299 2147,1299 2197,1299 2246,1298 2295,1297 2345,1296 2394,1295 2443,1293 2493,1292 2542,1290 2591,1289 2641,1287 2690,1284 2739,1283 2789,1281 2838,1278 2888,1275"/>
                <TextEquiv>
                    <Unicode>Ubraham der küner, so da nach ihrem fürgeben</Unicode>
                </TextEquiv>
            </TextLine>
            <TextLine id="r3l12" custom="readingOrder {index:11;}">
                <Coords points="1880,1404 2246,1374 2302,1414 2382,1379 2441,1421 2533,1423 2610,1373 2702,1411 2850,1367 2848,1293 2790,1314 2748,1283 2652,1340 2572,1285 2486,1339 2389,1310 2268,1351 2148,1317 2096,1343 2025,1315 1986,1352 1933,1307 1879,1331"/>
                <Baseline points="1886,1376 1933,1376 1981,1374 2029,1374 2077,1374 2125,1374 2173,1374 2220,1374 2268,1374 2316,1374 2364,1373 2412,1373 2460,1373 2508,1371 2555,1370 2603,1368 2651,1366 2699,1364 2747,1362 2795,1358 2843,1355"/>
                <TextEquiv>
                    <Unicode>ihra die anleitung geben sich iistem schloß</Unicode>
                </TextEquiv>
            </TextLine>
            <TextLine id="r3l13" custom="readingOrder {index:12;}">
                <Coords points="1886,1473 2060,1497 2180,1455 2259,1498 2324,1444 2412,1477 2574,1441 2720,1464 2904,1435 2922,1402 2848,1373 2774,1408 2617,1388 2441,1420 2379,1380 2302,1416 2244,1374 1972,1431 1884,1408"/>
                <Baseline points="1892,1449 1943,1449 1994,1451 2045,1451 2096,1451 2147,1451 2198,1451 2250,1449 2301,1449 2352,1448 2403,1447 2454,1446 2505,1445 2556,1443 2608,1440 2659,1439 2710,1436 2761,1433 2812,1430 2863,1426 2915,1422"/>
                <TextEquiv>
                    <Unicode>gemachen unnd sich mit ihren den schneggen hinmn</Unicode>
                </TextEquiv>
            </TextLine>
            <TextLine id="r3l14" custom="readingOrder {index:13;} place {offset:16; length:9;}">
                <Coords points="1880,1534 2057,1524 2100,1554 2300,1518 2456,1554 2491,1522 2565,1558 2676,1517 2922,1530 2921,1484 2835,1433 2703,1481 2664,1445 2412,1477 2328,1444 2259,1498 2134,1453 2065,1497 1880,1498"/>
                <Baseline points="1886,1517 1937,1518 1988,1520 2040,1521 2091,1521 2143,1521 2194,1521 2246,1521 2297,1521 2349,1521 2400,1520 2451,1518 2503,1517 2554,1515 2606,1514 2657,1512 2709,1510 2760,1508 2812,1506 2863,1503 2915,1500"/>
                <TextEquiv>
                    <Unicode>der gemacht von Hurgdorff bescheiden worden.</Unicode>
                </TextEquiv>
            </TextLine>
            <TextLine id="r3l15" custom="readingOrder {index:14;} person {offset:7; length:5;} person {offset:44; length:4;}">
                <Coords points="1871,1612 2921,1595 2921,1542 2447,1571 2299,1518 2192,1572 2058,1524 1870,1526"/>
                <Baseline points="1877,1595 1928,1595 1980,1596 2032,1596 2084,1596 2136,1596 2188,1596 2240,1596 2292,1596 2344,1596 2396,1595 2447,1595 2499,1593 2551,1592 2603,1592 2655,1590 2707,1587 2759,1586 2811,1584 2863,1581 2915,1580"/>
                <TextEquiv>
                    <Unicode>Ist er Jorei den 8ten decembris erschinnen, abra</Unicode>
                </TextEquiv>
            </TextLine>
            <TextLine id="r3l16" custom="readingOrder {index:15;}">
                <Coords points="1870,1688 2097,1658 2374,1693 2581,1675 2625,1712 2922,1657 2921,1596 2883,1583 2791,1638 2631,1587 2554,1638 2360,1597 2268,1628 2090,1590 1976,1645 1870,1616"/>
                <Baseline points="1877,1665 1928,1665 1980,1665 2032,1665 2084,1665 2136,1665 2188,1667 2240,1667 2292,1667 2344,1667 2396,1668 2447,1668 2499,1668 2551,1667 2603,1667 2655,1665 2707,1664 2759,1662 2811,1659 2863,1657 2915,1653"/>
                <TextEquiv>
                    <Unicode>Ham aber der küner luth herren schuldth von Hüre</Unicode>
                </TextEquiv>
            </TextLine>
            <TextLine id="r3l17" custom="readingOrder {index:16;}">
                <Coords points="1874,1782 2032,1748 2142,1795 2209,1739 2393,1790 2518,1734 2589,1784 2661,1744 2853,1769 2928,1733 2928,1654 2833,1707 2728,1676 2681,1714 2551,1691 2510,1723 2098,1659 1873,1689"/>
                <Baseline points="1880,1743 1932,1743 1984,1742 2036,1742 2088,1741 2140,1740 2192,1740 2244,1740 2296,1740 2348,1740 2400,1742 2452,1742 2504,1742 2556,1740 2608,1740 2660,1740 2712,1740 2764,1739 2816,1738 2868,1736 2921,1734"/>
                <TextEquiv>
                    <Unicode>dorffs überschickter zugsame megen seiner lybe</Unicode>
                </TextEquiv>
            </TextLine>
            <TextLine id="r3l18" custom="readingOrder {index:17;}">
                <Coords points="1874,1820 1959,1872 2022,1825 2209,1845 2454,1814 2532,1865 2606,1834 2751,1880 2886,1861 2887,1755 2834,1785 2738,1746 2662,1791 2559,1766 2423,1804 2208,1739 2151,1793 1875,1787"/>
                <Baseline points="1881,1817 1933,1817 1986,1817 2038,1818 2091,1818 2143,1818 2196,1820 2249,1820 2301,1821 2354,1821 2406,1821 2459,1821 2511,1823 2564,1823 2617,1823 2669,1823 2722,1823 2774,1821 2827,1821 2880,1821"/>
                <TextEquiv>
                    <Unicode>indisposition ußbliben. ohngeacht aber sy</Unicode>
                </TextEquiv>
            </TextLine>
            <TextLine id="r3l19" custom="readingOrder {index:18;}">
                <Coords points="1850,1906 1992,1898 2058,1937 2286,1899 2447,1961 2694,1902 2908,1924 2909,1867 2659,1878 2604,1836 2413,1885 2267,1824 2179,1881 2034,1827 1960,1872 1850,1853"/>
                <Baseline points="1857,1890 1909,1893 1961,1895 2013,1897 2065,1899 2118,1901 2170,1902 2222,1904 2274,1905 2326,1905 2379,1907 2431,1907 2483,1907 2535,1908 2587,1908 2640,1908 2692,1907 2744,1907 2796,1907 2848,1907 2901,1905"/>
                <TextEquiv>
                    <Unicode>die anklegerm by iren fürgeben mit under</Unicode>
                </TextEquiv>
            </TextLine>
            <TextLine id="r3l20" custom="readingOrder {index:19;}">
                <Coords points="1871,1986 2127,2018 2180,1988 2225,2022 2442,2005 2490,2036 2576,1997 2847,1989 2848,1948 2695,1902 2626,1952 2554,1934 2455,1971 2233,1963 2155,1901 2088,1949 1933,1895 1872,1925"/>
                <Baseline points="1878,1970 1926,1973 1974,1975 2022,1977 2070,1979 2118,1982 2166,1983 2215,1985 2263,1986 2311,1988 2359,1988 2407,1989 2455,1989 2503,1989 2552,1989 2600,1988 2648,1988 2696,1986 2744,1985 2792,1983 2841,1980"/>
                <TextEquiv>
                    <Unicode>schidenlichen umbstanden verharret, hater</Unicode>
                </TextEquiv>
            </TextLine>
            <TextLine id="r3l21" custom="readingOrder {index:20;} person {offset:0; length:5;}">
                <Coords points="1862,2084 2187,2105 2245,2064 2323,2093 2614,2073 2694,2122 2779,2074 2902,2081 2902,2022 2801,1983 2736,2034 2547,2004 2465,2045 2301,2004 2113,2035 2015,1985 1863,1990"/>
                <Baseline points="1869,2055 1920,2058 1971,2061 2022,2064 2074,2066 2125,2069 2176,2070 2228,2071 2279,2072 2330,2073 2382,2073 2433,2073 2484,2073 2535,2073 2587,2072 2638,2072 2689,2072 2741,2070 2792,2070 2843,2069 2895,2069"/>
                <TextEquiv>
                    <Unicode>Jordi Über alleß zusprechen diser zulag keines</Unicode>
                </TextEquiv>
            </TextLine>
            <TextLine id="r3l22" custom="readingOrder {index:21;}">
                <Coords points="1865,2157 2227,2182 2279,2146 2381,2183 2489,2150 2833,2156 2833,2073 2761,2127 2614,2074 2383,2083 2312,2133 2104,2083 1934,2118 1866,2088"/>
                <Baseline points="1872,2138 1919,2139 1967,2142 2015,2142 2062,2145 2110,2146 2158,2147 2205,2148 2253,2150 2301,2150 2349,2151 2396,2151 2444,2151 2492,2151 2539,2151 2587,2151 2635,2150 2682,2148 2730,2147 2778,2145 2826,2142"/>
                <TextEquiv>
                    <Unicode>wegs wollen gestendig sein undt undmeint</Unicode>
                </TextEquiv>
            </TextLine>
            <TextLine id="r3l23" custom="readingOrder {index:22;}">
                <Coords points="1860,2227 1916,2261 1972,2221 2248,2264 2305,2232 2347,2265 2409,2230 2519,2268 2588,2233 2872,2241 2872,2182 2699,2188 2640,2150 2481,2211 2278,2146 2226,2182 1860,2182"/>
                <Baseline points="1866,2217 1918,2218 1971,2219 2023,2220 2076,2222 2128,2223 2181,2223 2234,2225 2286,2226 2339,2226 2391,2228 2444,2228 2496,2228 2549,2228 2602,2228 2654,2228 2707,2228 2759,2226 2812,2226 2865,2225"/>
                <TextEquiv>
                    <Unicode>daß einer so lychtfertigen taschen keines weyß</Unicode>
                </TextEquiv>
            </TextLine>
            <TextLine id="r3l24" custom="readingOrder {index:23;}">
                <Coords points="1868,2322 1962,2297 2057,2335 2212,2315 2291,2348 2335,2319 2603,2309 2719,2346 2824,2313 2824,2284 2745,2261 2656,2279 2580,2245 2367,2284 2308,2237 2256,2268 2218,2238 2020,2270 1966,2229 1869,2266"/>
                <Baseline points="1875,2289 1922,2292 1969,2295 2016,2298 2063,2300 2110,2301 2157,2303 2204,2304 2251,2304 2298,2306 2346,2306 2393,2306 2440,2306 2487,2307 2534,2307 2581,2307 2628,2307 2675,2306 2722,2306 2769,2307 2817,2307"/>
                <TextEquiv>
                    <Unicode>glauben zuzesetzen seye, alß die da manchen</Unicode>
                </TextEquiv>
            </TextLine>
            <TextLine id="r3l25" custom="readingOrder {index:24;}">
                <Coords points="1865,2379 2217,2387 2297,2421 2359,2388 2416,2418 2605,2386 2655,2429 2804,2426 2910,2416 2913,2321 2801,2350 2763,2314 2609,2363 2485,2317 2279,2357 2217,2324 1961,2330 1921,2296 1866,2324"/>
                <Baseline points="1872,2370 1923,2372 1975,2374 2026,2376 2078,2378 2130,2379 2181,2379 2233,2381 2284,2382 2336,2384 2388,2384 2439,2385 2491,2387 2542,2387 2594,2388 2646,2390 2697,2391 2749,2392 2800,2393 2852,2394 2904,2396"/>
                <TextEquiv>
                    <Unicode>bider mann wie wohler sich immer gehabten hette.</Unicode>
                </TextEquiv>
            </TextLine>
            <TextLine id="r3l26" custom="readingOrder {index:25;}">
                <Coords points="1857,2450 2069,2508 2164,2465 2367,2498 2428,2467 2805,2521 2858,2480 2924,2519 2907,2414 2679,2449 2617,2391 2552,2433 2454,2407 2338,2439 2269,2399 2193,2430 2095,2390 2052,2427 1936,2375 1859,2388"/>
                <Baseline points="1863,2439 1915,2444 1968,2447 2021,2450 2074,2454 2127,2456 2179,2458 2232,2460 2285,2462 2338,2463 2391,2465 2443,2466 2496,2468 2549,2469 2602,2470 2655,2472 2707,2472 2760,2474 2813,2477 2866,2478 2919,2480"/>
                <TextEquiv>
                    <Unicode>mit ihre (mo es je nach ihrem siin gahn solte</Unicode>
                </TextEquiv>
            </TextLine>
            <TextLine id="r3l27" custom="readingOrder {index:26;}">
                <Coords points="1852,2535 1924,2563 1955,2535 1995,2567 2044,2532 2107,2568 2205,2544 2290,2586 2354,2553 2547,2560 2550,2493 2504,2472 2425,2467 2307,2517 2227,2467 2069,2508 2025,2476 1909,2496 1856,2450"/>
                <Baseline points="1860,2519 1894,2520 1928,2523 1962,2525 1996,2526 2030,2528 2064,2531 2098,2532 2132,2534 2166,2535 2200,2537 2234,2538 2268,2540 2302,2540 2336,2543 2370,2543 2404,2544 2438,2544 2472,2546 2506,2546 2541,2546"/>
                <TextEquiv>
                    <Unicode>de groß unglück zechen könte.</Unicode>
                </TextEquiv>
            </TextLine>
            <TextLine id="r3l28" custom="readingOrder {index:27;}">
                <Coords points="1853,2619 2278,2665 2414,2639 2573,2679 2784,2644 2834,2680 2916,2648 2918,2598 2649,2566 2291,2587 2200,2543 2100,2577 1956,2536 1854,2576"/>
                <Baseline points="1860,2612 1912,2614 1964,2618 2017,2621 2069,2624 2122,2625 2174,2628 2227,2629 2279,2631 2332,2632 2384,2633 2436,2634 2489,2636 2541,2636 2594,2637 2646,2639 2699,2640 2751,2642 2804,2645 2856,2648 2909,2649"/>
                <TextEquiv>
                    <Unicode>uff dise verhorte jupificasion de� hauß knechts.</Unicode>
                </TextEquiv>
            </TextLine>
            <TextLine id="r3l29" custom="readingOrder {index:28;} person {offset:11; length:8;}">
                <Coords points="1859,2703 1965,2727 2094,2697 2156,2751 2247,2697 2304,2756 2342,2724 2411,2760 2450,2728 2573,2759 2649,2715 2812,2763 2922,2739 2924,2674 2811,2657 2660,2689 2428,2644 2356,2683 2309,2647 2193,2666 1862,2615"/>
                <Baseline points="1866,2685 1918,2687 1970,2688 2023,2690 2075,2691 2128,2694 2180,2695 2233,2697 2285,2700 2338,2702 2390,2703 2442,2705 2495,2707 2547,2709 2600,2711 2652,2712 2705,2714 2757,2715 2810,2717 2862,2718 2915,2720"/>
                <TextEquiv>
                    <Unicode>Ist sy die Margreth zuglych nach ferners befracht</Unicode>
                </TextEquiv>
            </TextLine>
            <TextLine id="r3l30" custom="readingOrder {index:29;} place {offset:32; length:5;}">
                <Coords points="1850,2766 2075,2762 2110,2801 2196,2772 2299,2826 2364,2782 2592,2821 2683,2799 2722,2834 2790,2803 2841,2843 2900,2822 2903,2775 2626,2724 2514,2772 2447,2732 2302,2755 2248,2698 2155,2751 2107,2704 1962,2728 1853,2702"/>
                <Baseline points="1857,2747 1908,2750 1960,2754 2012,2757 2064,2761 2116,2765 2168,2768 2220,2770 2272,2774 2324,2777 2376,2780 2427,2781 2479,2784 2531,2787 2583,2790 2635,2792 2687,2793 2739,2796 2791,2798 2843,2799 2895,2801"/>
                <TextEquiv>
                    <Unicode>worden, ob sy nit auch schon zu Hasel wegen gee</Unicode>
                </TextEquiv>
            </TextLine>
            <TextLine id="r3l31" custom="readingOrder {index:30;}">
                <Coords points="1852,2842 2503,2862 2541,2898 2588,2864 2642,2898 2746,2873 2911,2936 2916,2843 2747,2844 2687,2804 2540,2825 2362,2783 2298,2827 2141,2814 2075,2761 2021,2798 1855,2786"/>
                <Baseline points="1860,2817 1912,2822 1964,2825 2017,2829 2069,2833 2121,2837 2174,2840 2226,2843 2278,2846 2331,2849 2383,2852 2435,2855 2488,2858 2540,2861 2592,2864 2645,2866 2697,2868 2749,2871 2802,2873 2854,2876 2907,2877"/>
                <TextEquiv>
                    <Unicode>weßen begangnen enthat ihre straffempfanen.</Unicode>
                </TextEquiv>
            </TextLine>
            <TextLine id="r3l32" custom="readingOrder {index:31;}">
                <Coords points="1833,2911 1932,2896 2011,2945 2069,2910 2206,2922 2253,2960 2418,2920 2468,2961 2512,2937 2582,2972 2657,2942 2832,2970 2836,2903 2757,2885 2719,2915 2622,2884 2477,2911 2443,2877 2287,2855 2248,2883 2150,2840 2052,2837 2010,2873 1837,2845"/>
                <Baseline points="1842,2888 1891,2892 1940,2897 1989,2901 2038,2904 2088,2909 2137,2911 2186,2915 2235,2918 2284,2921 2334,2923 2383,2927 2432,2928 2481,2931 2530,2934 2580,2936 2629,2938 2678,2941 2727,2943 2776,2945 2826,2948"/>
                <TextEquiv>
                    <Unicode>darüber sy uffernstliches zusprechen endtlich</Unicode>
                </TextEquiv>
            </TextLine>
            <TextLine id="r3l33" custom="readingOrder {index:32;}">
                <Coords points="1859,2973 2208,2993 2252,3029 2477,3007 2574,3049 2743,3025 2771,3051 2840,3020 2844,2959 2574,2976 2425,2927 2204,2971 2108,2914 2045,2952 1934,2897 1862,2924"/>
                <Baseline points="1866,2964 1914,2968 1962,2972 2011,2976 2059,2979 2108,2983 2156,2985 2204,2989 2253,2992 2301,2996 2350,2998 2398,3000 2446,3003 2495,3006 2543,3008 2592,3011 2640,3012 2688,3015 2737,3017 2785,3020 2834,3021"/>
                <TextEquiv>
                    <Unicode>mit wemenden anger bekent, daß sy ja zu</Unicode>
                </TextEquiv>
            </TextLine>
            <TextLine id="r3l34" custom="readingOrder {index:33;} place {offset:0; length:5;}">
                <Coords points="1839,3068 2031,3054 2162,3115 2268,3072 2302,3109 2455,3084 2906,3114 2909,3061 2851,3014 2701,3060 2479,3010 2397,3055 1917,2969 1844,2994"/>
                <Baseline points="1848,3038 1900,3044 1953,3048 2005,3053 2058,3057 2111,3061 2163,3064 2216,3068 2268,3071 2321,3073 2374,3075 2426,3078 2479,3081 2531,3083 2584,3086 2637,3089 2689,3091 2742,3093 2794,3097 2847,3100 2900,3104"/>
                <TextEquiv>
                    <Unicode>Basel by einem geweßen Keller dem mezrer</Unicode>
                </TextEquiv>
            </TextLine>
            <TextLine id="r3l35" custom="readingOrder {index:34;} person {offset:36; length:7;}">
                <Coords points="1853,3130 2590,3171 2701,3218 2838,3193 2840,3096 2553,3134 2468,3094 2371,3134 2269,3073 2167,3120 2028,3054 1856,3060"/>
                <Baseline points="1860,3123 1908,3126 1957,3129 2005,3132 2054,3134 2103,3138 2151,3140 2200,3144 2248,3145 2297,3147 2346,3150 2394,3153 2443,3155 2491,3158 2540,3159 2589,3162 2637,3164 2686,3165 2734,3168 2783,3170 2832,3173"/>
                <TextEquiv>
                    <Unicode>gedienet, da ein alt mentsch namens Elßbeth</Unicode>
                </TextEquiv>
            </TextLine>
            <TextLine id="r3l36" custom="readingOrder {index:35;}">
                <Coords points="1853,3199 2034,3211 2111,3262 2158,3228 2244,3260 2371,3218 2591,3274 2643,3241 2913,3272 2917,3204 2876,3184 2691,3222 2454,3160 2275,3185 1856,3149"/>
                <Baseline points="1860,3192 1912,3197 1964,3201 2017,3206 2069,3210 2121,3214 2174,3217 2226,3221 2278,3224 2331,3227 2383,3230 2435,3233 2488,3236 2540,3239 2592,3241 2645,3245 2697,3246 2749,3249 2802,3252 2854,3256 2907,3258"/>
                <TextEquiv>
                    <Unicode>In der nachbarschafft gsin so villmahl an den son-</Unicode>
                </TextEquiv>
            </TextLine>
            <TextLine id="r3l37" custom="readingOrder {index:36;}">
                <Coords points="1853,3278 2014,3328 2193,3304 2245,3346 2286,3314 2326,3342 2530,3319 2585,3356 2630,3327 2859,3348 2861,3266 2784,3299 2714,3250 2631,3242 2577,3283 2377,3235 2289,3287 2167,3228 2112,3263 2080,3228 1953,3252 1858,3202"/>
                <Baseline points="1860,3269 1909,3273 1959,3278 2008,3283 2058,3286 2108,3290 2157,3294 2207,3298 2257,3302 2306,3305 2356,3308 2406,3312 2455,3314 2505,3317 2555,3319 2604,3322 2654,3324 2704,3327 2753,3329 2803,3332 2853,3333"/>
                <TextEquiv>
                    <Unicode>tagen zu ihr kommen andt sy sich eineß underredt</Unicode>
                </TextEquiv>
            </TextLine>
            <TextLine id="r3l38" custom="readingOrder {index:37;} place {offset:32; length:9;}">
                <Coords points="1850,3393 2067,3365 2230,3415 2318,3384 2399,3425 2460,3397 2764,3446 2905,3429 2909,3364 2631,3329 2588,3362 2527,3322 2464,3359 2310,3331 2263,3356 2121,3314 1997,3331 1857,3279"/>
                <Baseline points="1859,3345 1911,3350 1963,3354 2015,3357 2067,3361 2119,3366 2171,3369 2223,3373 2275,3376 2327,3380 2379,3383 2431,3387 2483,3389 2535,3392 2587,3395 2639,3398 2691,3401 2743,3404 2795,3407 2847,3408 2900,3411"/>
                <TextEquiv>
                    <Unicode>sich mit einanderen fürt nacher Straßburg ze machen</Unicode>
                </TextEquiv>
            </TextLine>
            <TextLine id="r3l39" custom="readingOrder {index:38;}">
                <Coords points="2675,3492 2775,3501 2790,3515 2819,3517 2835,3534 2882,3518 2885,3427 2874,3431 2859,3418 2807,3462 2786,3452 2765,3459 2742,3442 2709,3439 2677,3424"/>
                <Baseline points="2682,3482 2709,3480 2737,3480 2765,3480 2793,3482 2821,3485 2849,3485 2877,3485"/>
                <TextEquiv>
                    <Unicode>daruff</Unicode>
                </TextEquiv>
            </TextLine>
            <TextEquiv>
                <Unicode>37.
herumb zuchind, wüße sy gar nit zesagen
vill meiiger daß diser Cunradt derglischen
ehr gefergget habe. Wohl weße s sich zu
ereneren, daß diser schryber zu ihrem mann
gesagt er werde ihn zu Sefflingen widerumb
antreffen, er sölle ihm alß dan ein paar Tha-
ler von disem collect gelt zu bringen.
Alß nun obiger durch sy Margreth genamn
seter haußknecht Caspar Jordi und auch
Ubraham der küner, so da nach ihrem fürgeben
ihra die anleitung geben sich iistem schloß
gemachen unnd sich mit ihren den schneggen hinmn
der gemacht von Hurgdorff bescheiden worden.
Ist er Jorei den 8ten decembris erschinnen, abra
Ham aber der küner luth herren schuldth von Hüre
dorffs überschickter zugsame megen seiner lybe
indisposition ußbliben. ohngeacht aber sy
die anklegerm by iren fürgeben mit under
schidenlichen umbstanden verharret, hater
Jordi Über alleß zusprechen diser zulag keines
wegs wollen gestendig sein undt undmeint
daß einer so lychtfertigen taschen keines weyß
glauben zuzesetzen seye, alß die da manchen
bider mann wie wohler sich immer gehabten hette.
mit ihre (mo es je nach ihrem siin gahn solte
de groß unglück zechen könte.
uff dise verhorte jupificasion de� hauß knechts.
Ist sy die Margreth zuglych nach ferners befracht
worden, ob sy nit auch schon zu Hasel wegen gee
weßen begangnen enthat ihre straffempfanen.
darüber sy uffernstliches zusprechen endtlich
mit wemenden anger bekent, daß sy ja zu
Basel by einem geweßen Keller dem mezrer
gedienet, da ein alt mentsch namens Elßbeth
In der nachbarschafft gsin so villmahl an den son-
tagen zu ihr kommen andt sy sich eineß underredt
sich mit einanderen fürt nacher Straßburg ze machen
daruff</Unicode>
            </TextEquiv>
        </TextRegion>
    </Page>
</PcGts>
