3024 4032
224 448 286 542 12
500 527 1458 723 umb etwas trempiert haben sollen, alhar gewahen
506 619 1434 757 samlich zu bescheden undt nach allemeruß über
505 687 1419 835 dise sach ze befragen. Ist selbiges den 5 ten guni
485 745 1402 895 dazugsych ihr geen den bescheidt von solothurn
508 841 1434 973 empfangen durch wohlermelten s tammn
494 899 1431 1025 doren undt herren großmeibel Willadung an die
487 977 1426 1107 handt genommen, werden vndt zu erst der hyssen
502 1049 1441 1190 von Sedorff harüber verhört worden, welche
485 1133 1421 1273 dan anzeigt, daß diser stodagram heiller sampt
514 1195 1422 1346 seiner er vershunnen sambstag abendtsohn
502 1272 1432 1412 gfendt umb 4 uhren iu Stedorff im wirts
499 1353 1412 1477 hauß seinen begehrt ihmme ein geweße schafft
507 1436 1393 1557 fürgewisen undt gebetten, daß er solche zu
510 1512 1418 1631 beßerem bestandt uff pergament bringen
521 1588 1411 1728 wolle, sittemahlen er willens seye selbige er
518 1663 1450 1782 nem seiner fraumen nechsten vermandten nichte
518 1736 1427 1858 thun ze verschicken vndt da gebührender maßen
512 1814 1390 1953 underschryben undt ver ze laßen. Da
508 1890 1381 2018 hernach der vernamsete Hagelstein alhier
526 1969 1426 2090 auch befragt, worumb er sich underfangen
519 2051 1430 2156 de einte diser atteitationen mit eines onde
517 2122 1424 2247 von namen ze underschryben, hat er sich ver
515 2189 1435 2305 antwortet, daß diser varter undt sein frauw
503 2268 1416 2411 ihne durch deß naglers frauw am statten
508 2354 1412 2481 allwo sy sich zugezogen, abholen laßen, welche
491 2428 1375 2547 Ihm dan alsobald eine diser ottestasione
518 2501 1403 2636 mit eines anderen schwybers vor Chur namen
517 2571 1421 2696 z underschryben angemëhtet, welches er zethun
517 2650 1368 2769 sich nit geweigenet wegen er der statt Chur
504 2731 1425 2875 sigel (so ihme sonst gar wohl belent seyn, das
517 2814 1389 2930 gan gesechen undt darneben ihmme dise lüth
507 2881 1412 3016 fürgeben, sy habind sich vor ihrer abreiß von
514 2958 1360 3080 thur mit dem schwyber so die atterstationen
502 3040 1392 3178 geschriben dergstalten mit frembdem wyn
513 3101 1387 3261 ezachet, daß alß er disen brieff übergeben
490 3188 1419 3336 weder das emnt noch andere, der noch manglenden
492 3255 1124 3395 underschrifft nit mahr genomen.
1258 3341 1376 3445 Alß
2775 363 2855 451 63.
1792 498 2835 684 Alß nun dise beide ihr fürgeben anzognem
1819 569 2841 731 noctor unb seiner trauwen undermendte
1811 657 2874 794 erhalten und sy deßen keines mags ab sein
1806 714 2849 884 können. Ist auch deß schrybers von Sols
1820 790 2820 958 thurn überschickter bricht abgelesen worden.
1802 866 2805 1029 Daruß sich heiten erschineen, daß diser
1806 951 2829 1091 mann sich selbs daselbst für den offtanto-
1810 1005 2774 1167 gern i Hantman klant usspëndten
1820 1092 2781 1255 sein s aber for die pantin sein elewyb
1827 1168 2856 1337 gestellt unnd zuhanden deß Berndicb Jesos
1827 1265 2864 1408 von Hiel alß von dem er nach seinem fürgen
1820 1324 2799 1491 bei seines podagrans sehr mahl seye querent
1815 1425 2805 1546 worten) gedeute attestation verferggen
2319 1487 2853 1617 disers veribten e
1832 1523 1986 1613 asen
1819 1586 2793 1717 trugs haben sy auch gestehen müßen,
1821 1646 2870 1795 jedoch sich endtschuldigen wollen, daß sy von
1839 1731 2877 1872 gedachten j Plantens bruder, so damahls
1840 1809 2863 1963 sich zu Solothurn befurden undt sehr woll
1822 1909 2865 2048 gewüßt, daß dise wob an seinem bruder
1807 1988 2833 2121 geschechen) darzu seye instigiert worden,
1829 2076 2809 2215 wie er dan darumb auch sein ptttschafft
1807 2147 2882 2284 daruff getruckt. Hetten aber beidersith
1820 2238 2803 2382 Myhl umb disen ihren geschoßnen fähler
1828 2312 2791 2445 demütigist umb verzycen undt daß
1821 2396 2869 2540 sy nit nach ihrem wohl vordienen abgestrafft,
1829 2481 2846 2621 sonder ihme jnso alß einen 80 jährigen
1828 2559 2835 2714 übelm�gender mann ihra der ers aber alß
1844 2650 2884 2775 einem schmangeren wyb durch dero ange
1838 2716 2847 2864 wohnten barehenikeit mochte vershort.
1838 2815 2863 2962 werden, In bedencken, daß diser it kon
1813 2899 2867 3052 ihre der se alß dem schweferen gescherr angehe
1840 2986 2880 3127 ben worden undt sy keines wegder vermeint
1817 3055 2515 3210 daß es so übel gefahlt seye.
1772 3181 2845 3347 Woryber Mall erkent, daß siy beidersyths
1843 3275 2869 3392 mit dem kledt von statt sindt landt verwisen.
1841 3337 2831 3499 werden söllind. So den 6ten aprilis 1676.
1844 3400 2256 3512 erstettet worden.
