3024 4032
135 332 234 441 166.
386 506 1385 789 daß sy sich by diser letsten leiß vonherbi
430 599 1357 830 Ins kiraachthall begeben, dazu nacht
432 673 1385 900 gsin seye eln gbandeist by dhae zet
456 748 1306 934 runfft sich für ein pfarrers frauw
442 820 1366 1020 ben auch darneben gesagt, das by sich ha
448 886 1387 1127 bende meitli seye ihr kind, deßel sty
431 971 700 1089 bekandt.
408 1031 1397 1273 Zu klm habe y die beiher unnd aie
453 1140 1383 1309 sionen bekomen, selbige aber nit lenger
441 1214 1402 1406 gebaucht, alß das meitli by ihnen zu die
437 1293 1378 1466 welches uff das lengst wy 9 wuchen sein
439 1387 627 1490 motzen
426 1427 1400 1611 Dem meitli habe sy zwar vergottenet
449 1524 1413 1675 von disen sndlen zesagen, aber dochtem
455 1606 1414 1765 wegs getreüwt, daß sy ihm den hlßet
455 1692 1402 1814 tragen welhe, wann es solches offenbare
447 1756 1409 1898 sonder einfaltig gesagt sy welle schon alles
449 1837 1385 1986 eeosprechen man es nath thüge, es solle
453 1920 956 2019 ei maul halten.
427 1992 1406 2129 charn mann habe sy schon über die 6. jahr
440 2080 1411 2220 unnd habe sy zuvor zu Franckfert by ihre
439 2147 934 2272 schwester gedienet.
262 2306 1395 2457 Al� nun das meitli Über dise gegant,
436 2396 1420 2526 wortung undt halbe bekandtnuß nochnah
448 2471 1416 2594 befragt worden, waher es wüße deß die
435 2540 1404 2668 sein m und fr hievor mehr mit dergychen
445 2621 1401 2748 b�cheren umbgangen hat es gesagt, daß
445 2688 1398 2817 es solches von ihra der frauwen selbsten
443 2765 1422 2879 habe, daß sy namlich solches by 6 jahren da
442 2829 1414 2945 her gebrucht unnd under anderem gesagt
438 2902 1416 3037 daß es im meeltsch land alß dahin sy di
443 2980 1414 3105 mahlen widerumb zegehen gesunnt ge.
430 3049 1391 3183 gar wohl ußgebe. Denne hab es an
444 3121 1435 3256 underschidenlichen orthen gehört, daß pfarrer
442 3203 1441 3340 by denen sy sich angemeldet ihra vorgehalten
469 3277 1441 3406 seye schon mehr da gewesen, welches sy aber
424 3349 1425 3477 jederwulen vest verlaugnet. So habe auch
444 3417 1431 3554 sein meister gesagt er finde, daß sy mehr gelt
1303 3459 1475 3610 gewinnt
2611 378 2709 510 167.
1662 500 2716 739 gewmnnd Man ein Jedes ein sonderbaren
1687 649 1994 776 sich mm
1655 644 2740 844 Das aber diser sein meister oder so nach prrm
1698 723 2703 875 urgeben Nuremberger pflaster, savonne
1695 802 2709 963 I belsm oder auders derglyhen mahlen
1700 863 2722 1010 kommnd unnd sich darmit erhalten habind
1690 933 2735 1091 das seye gar nit wurde sonst es das meitli
1690 1002 2710 1136 In mährenden 3 monaten, daß es by ihnen
1686 1086 2657 1225 den diensten wohl etwas derglychen von
1684 1150 2715 1300 ihnen verspure und der mr nit so offtge
1716 1219 2735 1378 agst habend, er wüße kein handtwegck noch
1701 1330 2229 1444 knnß nit zegebruchen.
1712 1385 2733 1565 uff disen empfangenen bericht ist der man
1723 1474 2745 1612 selbs vorgestelt worden, welcher aber alto,
1718 1537 2737 1682 bald ein große hartnestigkeit erzeigt unnd
1713 1607 2754 1748 anders nit bekennen wollen, alß daß er von
1719 1698 2740 1861 ohngferd 6 oder 7 jahren dise sein fraehinra
1725 1774 2677 1910 tet, da er sonst von angsperg seye unnd
1722 1847 2737 1993 Dißmahlen friegsdienst sucher wellen und
1728 1922 2694 2082 deßen aber sich mit pflaßer, savonnetis
1739 2004 2689 2148 und balsamm maches erhalten. Seye von
1730 2084 2735 2218 Vberß nacher So Gallen mit einem ge¬
1719 2153 2680 2307 wnsen schriber komme unnd habe sein fr
1711 2239 2766 2372 damahls zu elm gelaßen, aber zu St gallen
1738 2324 2254 2438 widerumb betretten.
1662 2477 2773 2629 Den 6ten julii 1677 sind obige  persohnen
1741 2567 2769 2708 nach ihr gel befelch uff eintrüsches durch
1741 2637 2775 2772 dero diener großmeibel undt gristschey,
1752 2718 2793 2836 ber in gegenwart d Sebastian von dieß
1753 2791 2769 2928 bachs herren umbgeldtner schmaltz, herrn hiero,
1747 2873 2740 2997 meins huser herren boßpfeniiger steiger
1750 2946 2759 3074 unnd anderen meiner herren der burneren mehr
1731 3015 2758 3153 Imsterki thurn examiniert unnd zuerst
1740 3092 2757 3201 die frauw by betreüwung der marter Wed
1773 3152 2763 3295 gestelt worden, welche dan über die ihra
1765 3239 2754 3371 vorgehaltene fragen mit volgendem be¬
1775 3319 2172 3448 scheid begegert.
2507 3371 2716 3494 daß
