3024 4032
194 306 301 386 32.
466 411 1161 594 Anni Buman.
465 539 1494 793 Hat einzeit lang by sr Rudohfft Zellemberg
495 639 1510 828 dem kanffhauß verwäser für köchi gedienet
490 696 1462 911 und da underschidenliche sachere alß etlich pfligh
490 772 1488 969 Ell Lynwath Wyß bleickten faderiroths tuch für
490 864 1476 1029 ein par Josen, so er herren bellemberg u der schüzen
487 903 1453 1073 mattt gewunnen) entwendet, darumb sy auch
498 965 1493 1147 ernsthafft durch mieghen Großweibel Willading
490 1061 1489 1218 examiniert worden, aber deßen keines wegsrbe
491 1116 1495 1282 kant sein wollen, sonder mit greüwlichen schwigen
477 1196 1468 1357 bezüget, daß ihra harmn gryb unrecht gescheche und
487 1273 1481 1424 auch selbsten die urthel gefellet, wo sy solches gethn
490 1333 1492 1482 hette, sy billich anders nit alß das schallenweret
482 1412 1487 1561 verdienet, biß endtlichen die trucken, dargesy
468 1486 1494 1632 gedüte gstolne sachen ingepacket, herfür gebracht
477 1554 1470 1715 und sy dardurch überzinet worden. Also
439 1647 1473 1771 daß mahl uff Mohlermn err großweibelshare
491 1717 1465 1838 ber gethane relation ihro Sumanni Meger
468 1783 1463 1916 ihrer hartnächigkeit eben die straff anzethun
488 1852 1444 1992 befuhlen, die sy selbs hievor erwellet. Daß
494 1936 1459 2051 sy namlich biß ufffernere gend solle in das
473 2014 1351 2146 Schallenwerck ingescheidet werden.
470 2095 1454 2201 welches auch exequiert im december 1675.
583 2678 1449 2838 Johanner Frem undt Margreth
622 2782 1064 2890 Christen Ehelüth.
1176 2793 1434 2896 und Ann
627 2848 1259 2995 Maria Hiltispergerin.
422 2995 1405 3169 ach dem dise drey persohnen, sy de mit
448 3111 1450 3232 faltschen schynen alß arme vertribne im
448 3179 1429 3302 Lundeserumb gezogen i durch hr schuldts
444 3260 1461 3383 von Burgdorff alher verschickt worden, den
421 3338 1477 3473 5ten februarii 1676 von mhrren hoßpferniger
1234 3427 1446 3510 Stürler
2870 320 2954 396 33.
1876 420 2936 640 Sturler hr alt Schuldtheiß Wagner unndt
1866 533 2902 725 hrr großweibel villadung in der oberen ge
1885 600 2908 773 fangenschafft alhier ganz ernsthafft, disers be¬
1878 672 2963 830 trugshalb examiniert habend selbige folgende
1873 782 2463 914 bekandtnuß von sich geben.
1860 851 2941 995 Eostlich hat Margreth Christen zo sonst nach in
1886 931 2910 1053 halt Ihrer attestasiones Sophia Juliana Non
1877 996 2962 1164 nahdt genant, uff underschidenliche an sy getrüekn,
1879 1073 2948 1240 te fragen volgenden bescheidt geben, daß sy nan
1880 1130 2900 1308 lich nechst alhier by der papyr Mühli gebürtig,
1873 1223 2968 1371 vnnd vorgebner maßen grad die Jänige per¬
1886 1307 2893 1459 sohn seye welche vor ohngerdt 7 jahren zu
1848 1380 2937 1513 Bürgdorff iin schlo� by obvermelitem herre
1869 1458 2915 1592 Schultheiß wagner gedienet unnd da verm
1869 1532 2917 1684 telst eines schlußels, so sy die nacht vor ihrem
1885 1619 2911 1745 abscheidt der tochter estemvort genommen
1873 1699 2967 1793 by 55 ß wyngelt entwendet, darumb dan
1864 1776 2900 1907 ihra nachgesetzt undt sy gefencklich ingezogen
1879 1854 2892 1991 auch gedetes gelt an ungebührenden orthen
1876 1920 2932 2060 by ihra verborgen gefunden worden, habe
1871 2008 2879 2147 daslist u� der gefangenschafft ober der
1870 2094 2916 2221 schidmand durchschlaffen unnd in die kas
1867 2164 2883 2311 pameren stygen, hernach aber in großen
1870 2255 2927 2377 Saal daselbst komen konnen, allwo sy in e
1874 2329 2918 2463 martung der nacht uff ein bett gelegen unnd
1876 2378 2937 2539 etlich stund darnach vom Caspar dem huß
1855 2445 2940 2633 knecht unnd abrasam dem Küner (wyler ihn
1867 2526 2916 2689 rock umb etwas uber das beth hinnnder ge
1852 2606 2958 2770 hanget gefunden worden, uff melcher beiden
1876 2685 2909 2833 knechten anwysung sy sich in der nacht mit
1857 2750 2971 2916 ußgezognen schunen undt ohne kappen mit ihnen
1853 2850 2893 2965 den knechten so den schneggen hurab vor ihr
1855 2918 2905 3059 dannen gangen umn schloßhinnß gemacht
1869 2974 2903 3145 und sich noch selbige nacht da es doch am tag
1871 3050 2955 3219 zuvor ein gar stgeng wetter gsin nach solothurn
1869 3111 2952 3303 begeben, von dannen nach Leittburg, hernach soff
1836 3194 2967 3373 Kasel mülhusenundt endtlichen nach Zolmer
1873 3268 2953 3436 allwo sy by einem gewüßen Heinrich Srem-
1874 3340 2962 3513 ach fast 2 jahr dienet, da sy auch ihr jetzigen
2765 3471 2958 3580 Eheman
