3024 4032
105 485 211 587 130
420 637 1348 818 Namens Ulli Joff Boß, der ihra die
439 743 1340 886 ehe versprochen unnd auch nach lute
465 816 1377 968 vorgricht Marnals sy zu ehelichen undt
469 897 1374 1056 kirchen zesachren gelobt, fleichlichen ve
459 965 775 1096 trapt haben
436 1122 1364 1268 Estlich jahr nach disem alß vor ohne
459 1200 1396 1340 12. jahren habe sy sich mit einem theime
459 1269 1386 1385 namens Peter kragenbuel von Signamwe
468 1359 1374 1478 vergeßen unnd auch schon damahls dan
483 1426 1369 1537 rumb abgebüeßt, sbwohlen sy doch von
468 1495 1362 1641 disem kragenbuel nit schwanger
478 1576 687 1672 worden.
487 1692 1340 1844 vor ohngferd 9 jahren seye sy mit
447 1796 1342 1899 einem anderen Theman Namens
486 1874 1356 1990 Hanß Glauser kon geeiligen in
487 1942 1376 2058 fahler kommen von deme sy auch damach
481 2006 1374 2104 en einkind bekommen, welches uff seine
478 2083 1367 2211 glausers ipitigation unnd ihr der
503 2164 1394 2283 Tiruenfurgeben hin Wylen er glau¬
493 2231 1391 2342 ser das kind gar nit für sein erkennen
493 2302 1368 2443 wellen unnd ihre jederwylen mächtig
492 2385 1371 2506 getreüwt) in Lauperswyll für obigen
465 2462 1230 2588 kosten kindt getaufft worden.
491 2569 1385 2711 Wydt disem habe sy sich (obwohlen sy unt
472 2665 1329 2773 der glauser in mahrender diser sys
504 2723 1377 2844 ianderen gar wenig gesechen vnnd
497 2794 1365 2903 auch gat kein andere manspersohn
492 2871 1412 2988 mit ihra nichts ze schaffen gehabt) wider
488 2947 1388 3077 vff ein frusches von ihme dem glan¬
499 3030 1396 3144 ser schwengeren laßen könne auch
477 3096 1330 3227 das kindt deßen sy jetz genasen
494 3186 1310 3315 keinem anderen alß thonne
479 3257 650 3373 geben
1181 3296 1343 3403 Aber
2632 385 2713 473 11
1707 519 2710 730 Uber obiges welches leidermur zu vill
1722 644 2671 831 sye, wüße sy Cristina Midmer gar
1720 698 2696 865 nit wyters vebekennen bette derhel
1709 777 2683 931 ben gott uund ein gnädige oberkeit
1707 847 2712 1019 demütigist umb verzychung unnd sims
1730 951 2255 1096 im gnadige urthel.
1686 1229 2658 1396 Den 8. ten februarii 1677 hat obige
1725 1318 2630 1465 Christina Bnromer über den von
1741 1400 2670 1549 Myhl begehrten bericht (ob sy namlich
1746 1459 2703 1614 obigen Ulli ho�, da er sich hinweg ge
1749 1543 2702 1680 macht, verruffen laßen oder sonst
1769 1619 2703 1762 lihere ptttschafft vernommen, abe daß
1766 1690 2754 1830 selbiger gestorben) sich volgender gestalte
1755 1757 2751 1916 der heren gro�meibel undt grüheschryber
1759 1858 2027 1988 erlütheret.
1752 1926 2750 2092 daß er soß bald nach dem syvor chor
1756 2028 2718 2167 gricht zusummen gesprochen worden, sy
1768 2104 2748 2229 getroßet habe, sy solle nur Marten biß
1773 2184 2724 2315 sy ihres kindts gegesen, welle er sy
1768 2262 2718 2389 alsdan kirchenführen, habe ihre auch
1787 2326 2758 2434 daruff hin albereit ein bett geben undt
1792 2404 2763 2539 sy Im mohn gelaßen er wolle Inzwischen
1792 2481 2724 2622 sein zyth auch ußmachen, seye aber das
1799 2560 2703 2696 enberhin hinweg gangen, unnd habe sy
1786 2638 2729 2770 niemahlen kein sicheren bericht ver
1800 2708 2754 2840 neinen komen, wo er hinkommen undt
1787 2788 2739 2913 ob er noch in läben oder nit hette
1803 2863 2625 2998 auch deßwegen wohl von ihmme
1811 2941 2748 3077 scheiden lasten, Ja wan mun solches in
1798 3021 2559 3154 ihrem vermogen gsin wege
2640 3018 2724 3127 Bo
1800 3083 2790 3231 wüße sy noch uff dise stund kein eigent,
1799 3177 2694 3309 lichen bericht, wo er sich uffhahte vnnd
1807 3253 2487 3386 ob er gestorben sey oder nit.
2614 3339 2771 3429 Den
