3024 4032
216 333 258 415 6
532 455 1442 710 s hiemit sampt ihr tochter undt dene
528 549 1441 783 uberzognen kindtskinden inemer gaosen
531 625 1437 845 telte, sndt das noch da die nacht zuhallen
529 718 1445 915 wollen abgewisen, seye sy zoring mit v
523 775 1446 988 sultig worden möchte also wohl et mad der
513 860 1455 1061 glichen geredt haben, Daß es namlich kein se
525 938 1446 1106 ere man ihn schon das hauß verbrune.
482 1012 1431 1178 doch wüße sy sich nit eigentlich zeerinnere
497 1088 1450 1267 Wie die wort im zorn seyen geredt worden.
482 1166 1441 1339 von dannen seye sy selbigen abandts zu deß
492 1260 1452 1423 Ringgerspachers hauß auch noch in anzogen
499 1331 1446 1481 Niderbleicken kommen, da man sy abermahlen
502 1419 1447 1561 nit annemmen wollen undt habe diser uff
492 1473 1449 1627 ihres erklagen, daß obiger melcker sy mit vo
514 1575 1451 1692 anhognem bescheidt abgefergget, ihre selbs te
506 1632 1446 1772 gumpfs darin geben mndt gesagt Melcker mae
524 1714 1145 1839 es nit allen uff die weib
1257 1743 1452 1844 von Ksem
509 1785 1441 1954 sye sy in ein hauß gangen ufftem kirchge
512 1889 1429 2010 nane, da ein stuben kollen flachs gsënsen
509 1952 1437 2088 umit dieselben büth auch zur tsred y san des
509 2025 1439 2182 i kem platzu nit habind. Also daß sy mit d
518 2098 1439 2254 ivenbedultigen worten ußprachen. Eisig
493 2169 1458 2339 wohl verbarmen, daß der flachs nochter the
499 2256 1408 2401 ze tröffnen, alß die armen erfpornen kind
509 2336 1410 2485 zuerwermen, es were nit schad man schon
509 2431 1408 2569 ptlach verbrunne undt das hauß darzu
498 2501 1422 2644 Ob sy aber ingewendter maßen mit eß
509 2563 1431 2704 enstten worten auch im stall zu oberbleien
499 2643 1444 2797 ein geredt habe melcker stye ein kegerechter
497 2723 1417 2872 man man solte ihm das hauß anstechen
466 2776 1442 2958 Das könne sy gar nit sagen, dan sy nomsore
499 2860 1420 3040 solcher gtalten übernommen gsen seye, daß
485 2930 1437 3095 sy sich nit müße ze erinneren wie sy die wort
476 3010 1354 3162 gesetzt. Was dan betreffe die noch
480 3089 1416 3264 schandtlichere mort so ihre tochter solle geredt
476 3162 1380 3320 haben, darvon wüße sy gar nichts undt werde.
482 3224 957 3382 ihren harre übersehe.
1237 3329 1367 3434 alß
2705 458 2791 555 77.
1784 565 2794 692 Alß u dise der muter gethane bekandtnuß
1789 647 2788 779 die tochter auch sonderbar über obige anklage,
1801 717 2765 834 mnnemlich aber über obanlogne imprecationen
1809 775 2757 915 behrenst worden. Hat sy auch kekent dase
1808 846 2759 956 in nüt undt neben ihrer meter alsolten
1801 901 2789 1011 b�ttel herumb gesogen undt war mit schmertz
1791 971 2797 1110 hafft undt betrubtem hertzen habe ihre unra-
1801 1045 2793 1173 zogee undt halb erfrogne kindt müßen sehen.
1797 1103 2715 1256 ohne nachtherberg sein, doch seye sy keines
1807 1192 2796 1321 weys zu so undultige wort vsprochen, daß
1799 1276 2814 1387 etwas derglychen enheils ihrem nebend mentschen
1802 1345 2451 1485 uff den alß gewünscht haben.
1766 1484 2803 1629 Nach dem diser beiden tn bapersohnen gethan
1802 1569 2722 1695 er mogicht den nechst daruff volgenden
1804 1638 2778 1764 6. junii mgs vargetragen worden haken
1804 1714 2808 1833 selbige erkent deß wegen gra�er armut
1804 1783 2733 1897 muter undt tochter mit einer guten remon
1789 1856 2774 1984 strantz so herren Gro�weibel ihnen geben werde.
1799 1926 2703 2051 widerumb söllind ledig gelaßen werden
1894 2678 2408 2847 Hanß Stemer.
1733 2829 2806 2982 Diser h steiner von Wyler vogthen landtshit
1799 2937 2800 3050 so alhier ein zythlang alß ein widerteuffer In
1796 3014 2783 3127 der gefangenschafft vffbehalten vndt auch von
1783 3082 2800 3202 den h. geistlichen zu underschidenlichen mahlen
1793 3140 2780 3278 besucht worden, aber doch von seinem irthumb
1805 3220 2812 3350 eines megs abzeführen gsin. Ist wegen seiner
2620 3293 2821 3433 halsstar
