3024 4032
95 409 207 491 156.
376 562 1330 769 ze geben, welches er aber nit gehalten.
407 706 1355 930 Peter kiener vom Haßli den Hienbacg
422 812 1336 976 so damahls noch ledig, sy aber vroheretet
421 889 1338 1050 gewesen, habe auch nachts vor ihrem ei
420 958 1360 1142 gnen Hanß mit ihra gemeinschafft gehalt,
406 1070 1362 1268 So habe sy sich nochwyters alß syschontge
418 1199 1314 1326 zuratet gewesen im Hubberg ampt
443 1263 1382 1401 Trachselwald mit eines bauren sohn seine
434 1341 1358 1470 tauff nam Hanß nachts vorem hauß
436 1407 1358 1539 usten vergeßen, der habe ihra auch etwas
442 1492 1139 1623 versprochen, aber nichts geben.
386 1616 1370 1777 Diß seyen nun alle die persohnen, so synit
452 1722 1336 1850 getem gewüßen müle anzegeben, mit
449 1788 1333 1926 ihra unzunst getriben ze haben, da dar
445 1867 1375 1988 darneben auch mag seye, daß keint weder
455 1940 1345 2075 mehr alß sinest ihren genoß worden,
452 2004 1381 2137 uend sy von keinem kein lohn nit empfen
459 2091 1354 2218 gen alß von obigem schetz undt dan
471 2157 1344 2293 vom Vogeli der ihra ein thaler geben,
460 2233 1380 2367 etliche der ubrigen habind ihren ie sche
461 2317 1353 2444 gemeldt, wohl etwas versprochen aber
466 2397 1379 2511 wenig gehalten, sonderlich aber habe der
457 2471 1346 2599 schryber Meyer, der sy der erst gefelt,
461 2549 1371 2677 unnd disem ihrem ungluck ein anfang
467 2624 1383 2757 gemacht, sy mit einer ohrfyren belohnet,
467 2701 1383 2821 Wyler sy sich in seinen willen so bald nit
476 2778 1395 2897 ergeben wollen und darüberhin geschramn
481 2852 1353 2978 wen habe. Alle obige fähler seinem dra
476 2912 1374 3040 von Hertzen und bette derhalben gott und
470 2991 1366 3115 ein gnädige oberkeit demütigist umb
474 3074 1406 3192 verzychung, sonderlich aber daß man ihren
461 3146 1396 3289 Diß orths kein marter mehr anthun weren.
480 3231 1401 3359 wiler sy ihr hertz gantz gerumbt unnd auch
444 3301 1387 3434 ihres wüßens durch dise ihre bekandtnuß
1262 3395 1423 3482 keinem
2591 365 2719 471 157.
1689 504 2711 717 keinem mentschen nit unracht gethan habe.
1697 613 2649 804 an begangnen diebställen wüße sy auch
1703 663 2678 861 gar nüt myters ze bekennen alß mas sie
1711 735 2656 931 von hievor zu Trachselwald bekendt.
1709 819 2693 1003 by wellicher verkiht sy auch stuff zohar
1714 897 2736 1033 ren welle biß iutoot den sy erkenne gar
1710 990 2307 1138 wohl verschuldet zehaben.
1672 1229 2663 1404 Den 23. aprilis 1677 ist dise Anna
1726 1311 2694 1457 schärer wegen ihren echtfaltigen ver
1728 1385 2737 1537 brechens zum schwert veruntheilet worden.
1721 1468 2702 1609 doch von Mahe den räthen erkendt, daß
1744 1538 2721 1705 selbige zu Brachselwald solle hingerichtet
1734 1625 2661 1777 werden alß hinder wellichem ampt sy
1739 1720 2677 1847 die meisten fahler begangen. Denne
1722 1778 2742 1928 daß der angeber herren regont, wylensy die
1740 1868 2748 2001 drnen nit eigentlich sagen konnen deß
1750 1936 2708 2099 ers seye, sonder daß einer nachts by ihra
1748 2020 2683 2165 gewesen, der da sich also genamset, sich
1735 2101 2776 2260 Diser anklag durch den eidt nurgieren solle.
1718 2208 2723 2331 Die übrigen 2 aber alß Vammel Meyer
1758 2283 2798 2427 undt Abrahamb Meßli denen dise turner
1749 2373 2764 2490 die sach undermund erhalten sich anerpotten.
1761 2462 2781 2561 und auch murcklich solches gegen dem damahls
1765 2521 2763 2662 sich gestelten henson gethan) sollend ihre
1765 2606 2756 2741 enschuld (wofehr sy die tirnen noch not
1757 2687 2773 2828 der hinrichtung uff ihrer anklag verhar
1777 2757 2787 2898 ren undt solches dem herren lvogt anzeigen
1784 2841 2721 2980 Wurde) nach gewohnter form an tag
1786 2942 1976 3058 geben
