3024 4032
128 383 204 492 70
404 483 1364 740 der statt gewesen, aber doch sich by den
453 571 1381 801 oberkeit keines meyd gngemeldet, sinde
440 645 1370 867 und by etlichen neidat persohnen diegen
443 723 881 836 mein gesteürt.
400 799 1393 1023 Die andere geselschafft so hier by Ihnen ge
453 867 1273 1042 sen habe sich nach weere gemacht
431 940 1387 1139 zu St. Dallen habe sy sonst nimandt e
436 1020 1361 1186 troffen der sich derglichen büchlenen be-
434 1088 1372 1276 helffen obwollen ihre dienstmagt solche
445 1169 921 1278 fürgehen dörffen.
419 1235 1372 1398 Die f raths hrr kilchbergeren habe ihre
455 1322 1370 1489 neben den ermler die sy dem meitli ge
449 1379 1161 1515 schenckt noch thaler geben.
428 1452 1390 1610 in kasel habe die statt duraten ode
461 1539 1380 1662 Thaler geben und die pfarrer 20 ß d
469 1613 1380 1741 univerciset auch etwas wenig. habe sich
460 1687 1406 1822 aber nit lenger al� ein tag dort ufgeheen
436 1756 1374 1894 sey überall nit mehr den 3 mahl lier
455 1845 1393 1971 gewesen, alß das erste mahl da s in des
467 1908 1380 2001 Weltsch land gangen unnd von dannen
463 1985 1404 2090 wider zureck kommen, denne by der jetzigen
465 2061 617 2167 Reiß
635 2154 1399 2287 dach diser frauwen verantwor,
557 2224 1394 2352 Iun ist auch anglichem orth vorgen
551 2307 1384 2395 stelt worden ihr eman Weelcher by
520 2368 1325 2483 betreüwung der marter bekeit,
448 2455 1400 2609 Daß Hanß Jörg Küffer uß Wirtzbur
454 2547 1403 2661 In franckenland gebertig, die einten
454 2628 1418 2755 attestationen geschriben habe, die anderen
455 2686 1398 2792 aber styind ihnen von obigem grantz er
452 2761 1417 2894 theillt worden, da er von jederen i thater
451 2832 1015 2956 habe bezahlen müßen
454 2903 1431 3035 Die sigel habind sy auch gehabt namlichem
461 2984 1414 3101 großes unnd ein kleins, welches sy aber
474 3059 1409 3179 imer stuben in prwat gewacht, daß er
476 3120 911 3226 nit sechen können.
455 3200 1417 3310 So habe er auch von dem in den büchlenen
448 3268 1416 3385 zu verlybten gelt wenig bekommen, wilen.
451 3332 1417 3443 Der beste theill darvon nur erdichtet, wre
481 3402 1435 3518 Ich solches erschynen wurde, wan man nach
466 3480 829 3583 fragen wolte.
1267 3474 1440 3575 Man
2611 339 2709 444 171.
1617 429 2711 680 Wan schon sein er sich mehrenzage gtter
1655 517 2665 730 tionen bedienet, unnd darmit gepattlet
1649 616 2663 793 habe er sich doch deßen nichts angenommen.
1628 670 2682 882 Was er hievor In der gefangenschafft ge¬
1676 727 2682 915 redt, daß er namlich die Jatligen Lüt¬
1677 794 2679 988 Walhiea Im seiner geselschafft gewesen
1663 879 2718 1079 schon zu St tallen angetreffen habe, Wer¬
1689 940 2737 1129 er sich doch solches nie erfinden, sonder seyen
1687 1051 2662 1198 yerst zu sasel zusamen komen mn
1687 1078 2717 1245 habe er damahls solches aß großer angst¬
1674 1213 1864 1329 geredt.
1692 1213 2733 1385 so erkenne er sich auch das einte büchli mit
1676 1291 2706 1456 den ptschafften erkaufft zehaben werde
1704 1365 2747 1544 sich aber nit erfinden, daß er sich deßen bediert
1624 1460 2695 1619 Der eltesten attestation habe er sich etlich
1704 1536 2746 1683 mahl in den capetziner klösteren vorklm
1706 1629 2461 1735 biß nach St Gablen beholffen
1683 1677 2745 1842 dra mite gespansy mit ihmme aller kommen
1699 1779 2740 1906 und auch ein schryber gewesen habe kein at,
1707 1853 2717 1972 testation nit gehabt, wonder sich ist seinem
1726 1926 2236 2042 egeengelt ernehrt.
1708 1986 2682 2132 vyters gestehe er daß er sich der elteren
1720 2067 2750 2187 attestation noch von  gallen biß nach ka
1738 2131 2747 2259 el auch de etlichen flesteren bedient, habe sich
1734 2206 2735 2326 aber by keinem ptarrer nit angemeldet
1726 2271 2779 2372 und auch nit gehast, daß er weder reformiert
1737 2342 2763 2470 nach Cathalisch sye, wyll man ihne keintweder
1737 2413 1947 2527 gefragt.
1729 2445 2766 2595 das gelt so er habe das hab sein so bekommen.
1716 2532 2745 2674 Müße auch bekennen sievor die ummar-
1750 2617 2747 2745 heit fürgeben tehaben, In dem er gesagt
1744 2693 2760 2819 daß er nach fürsach gewesen balsum ze tron
1770 2769 2033 2871 kauffen
1708 2826 2778 2944 Denne bekenn er daß die kleinere attesta
1765 2904 2715 3023 tion von dem geschriben worden so mit
1757 2968 2782 3074 ihmme alher ins wndkommen, obige zwegsellen
1772 3037 2763 3162 aber habind sy besigtet. Sein fr habe sich zu
1763 3108 2781 3222 zythen diser meieren attestation bedient
1772 3177 2287 3287 meyen ihren finden.
1760 3242 2737 3362 Obige 2 gsellen, so dise unnd andere ihre
1775 3314 2797 3430 attestationen besiglet, handlind darmit und
1784 3391 2787 3499 seyen gwohnlich zu Sefflingen bim Schwarz
2637 3449 2796 3546 adler
