3024 4032
526 477 1509 683 knab auch getragt worden ober die mute
578 572 1490 732 könne hat er unerschrocken gesagt, daß er
573 649 1495 806 zwar ihren namen nit weße aber dos
569 716 1501 849 sy gar mohl kenne unnd seye sy sicherlich die
568 785 1484 942 Janion dieer by gedentem zuhr neben ihrer
580 848 1508 1009 tochter sitzend gesehen. Welches ungegen
561 925 1500 1076 dese meterfestigklich verlaugnet undt zu
577 990 1492 1124 grundt ingewendt, daß doch zu selbiger u
551 1065 1488 1204 Da diser diebstahl geschechen die kersen nit zusig
563 1137 1483 1270 gsin seyen. Hanßsi aber in seinem für
552 1212 1496 1348 geben verhagret und gesagt, daß er sich müß
578 1276 1492 1431 te vr Gott undt der meldt schamen, solches ie
560 1358 1099 1449 reden manes nit were.
1236 1402 1476 1503 Gycher ge
569 1429 1434 1551 stalten undt noch mit mehrerem geschrey
551 1506 1477 1628 hat auch solches die tochter, da sy ihmme und
565 1583 1437 1689 lngen gestalt worden verlaugnet mit
557 1649 1470 1774 nochmahligem anerpieten, daß sy ihr für
554 1708 1465 1843 geben undt verdacht an der marter erhalten
548 1786 1443 1927 welle. Worüber er Hanßli ohngeacht sy
549 1854 1444 1980 sich sy resolviert erzeigt by seinen korigen
536 1925 1476 2055 umbständen und worten enerschroffen v
533 1997 1451 2129 bliben, undt hernach auch alß er noch de
545 2077 1457 2213 partisulan Über di� sein fürgeben ernst,
536 2144 1439 2282 lich befragt worden, anzeigt, daß die sach
526 2226 1442 2345 gar nit anderst bewandt undt wolter
527 2298 1438 2440 sich mohl buter sich so gröblich gegen disen
527 2362 1412 2492 lüthen ze versendigen alß von denen er
516 2456 1452 2562 bezugen müße, daß sy ihm niemahl kein
515 2504 1442 2652 üt aber vill mehr guts gethan ha
523 2578 643 2656 ledt
513 2644 1404 2794 obsehlen nem mhrn examinator gegen
506 2708 1433 2874 gedachten partheyen allen münlichten flyßen
511 2800 1406 2910 gewendt, von ihnen ze erfahren, welche under
480 2846 1399 2995 ihnen gedächte Eisten alto versehet habe oder
497 2928 1436 3070 am meisten wußenschafft darvon frage.
474 2986 1366 3149 Ja auch beidersyths deß megen in streckei
491 3058 1389 3184 thurn geführt undt die emnt unde andere
482 3137 1393 3272 darinder gesetzt worden, alß wolta mans
470 3208 1334 3351 würcklich uffzeichen laßen. Ist doch sy die
1204 3311 1438 3422 Kuertzenen
2808 377 2893 466 45
1855 477 2822 651 knentzenen. Nue nit minder auch ihr
1874 566 2867 706 gegenpart die spillmannn und ihr tochter
1868 642 2858 779 uff ihnem fürgeben gestenctlich mahlaret
1873 729 2771 885 also daß inso bewandter sach mat
1882 784 2832 938 nnmahl die kügnzenen wylen sey bekant
1892 889 2868 1029 ein m�ßen ein theill disers diebstreißaelts
1878 944 2813 1089 empfangen ze haben) zu Mohlernenter
1892 1016 2879 1146 traff In das schallenwerckzefokend
1867 1099 2874 1219 die anderen aber in erwagtung mehreren
1880 1186 2893 1309 berichts ledig gelaßen. Actum 29. febr
1889 1276 2025 1392 16
1946 2067 2530 2240 Cristen Goßet.
1846 2356 2805 2480 ach dem diser durch lren vogt von
1829 2422 2872 2577 frauwenbrunnen alhar verschickte Christen
1834 2522 2861 2661 goßet von Wyßenburg Castlahney win
1845 2589 2783 2717 mit den 4ten martii 1676 durch mh
1848 2677 2858 2793 exammatoren cillier undt herren gr��wein
1840 2753 2848 2878 bel Willading, wegen seines zu Gheltoffen
1827 2827 2848 2971 jungst begangenen diebstalls undt sonst sydt
1835 2904 2871 3045 villen jahren daher geführten liederlichen lab,
1829 2982 2874 3122 wesens ganz ernsthafft befragt worden. Hat
1831 3053 2856 3204 selbiger gestehen müßen, daß er geklagter
1851 3139 2835 3281 maßen den 16. febr jungst nachts umb
1844 3204 2807 3332 0 uhren neben einem anderen, namens
1819 3284 2819 3416 Steffahn zur flich an der lenck istem oberen
2626 3406 2835 3519 Abenthal
