3024 4032
217 297 344 387 40
517 427 1501 689 der in der pfaltz gewohnt unndt zu großen
526 514 1498 744 zimmeren amptman auch umbetwas gstin
542 589 1496 822 sert gewesen. Habe geheißen (wie sy zu erst
536 674 1503 884 fürgeben, michelsendtlichen aber nach villen
532 738 1501 943 beseinen selbigen Peter Aethoni Schmehen
524 827 1503 1020 genamset seye vor etlich jahren gestorben unnd
518 908 1483 1108 habe 3 uind hinderlaßen so jat zu tuttigen
526 990 1500 1188 ben schwartzen adterseyen, habe noch einbr
506 1084 1486 1258 oder den sy by erster examination gesagt in
503 1150 1478 1327 Brandenburgischen diensten conner sein jat
508 1235 1485 1382 aber fürgeben, daß er schon by 10 jahren under
497 1320 1505 1478 den lutgingeren. Dise ihre mit gefangen ma
506 1390 1494 1562 greth Ghristenn hab sy erst vor gegferd 1r tag
502 1474 1497 1627 das erste mahl zu Zürich gelehrt keinen nit
512 1556 1495 1709 deren sy auch biß nacher Hurgdorff kommen siye
460 1807 1469 1967 Alß nun obiger drey persohnen gethane
507 1898 1457 2042 bekandtnuß durch mhhr examinatoren.
503 1979 1461 2120 mahl vortragen worden, habend selbige
480 2058 1439 2190 Den 11. februarii 1670 erkent daß
508 2142 1455 2261 vesamentlich mit dem eidt von statt und
509 2219 1464 2359 landt undt noch zu wohlverdienter straff
497 2293 1459 2441 mit rüthen eßgeschmeitzt werden sollind.
463 2375 1441 2523 Welliche Vrthel auch noch selbigen tags an
475 2456 1104 2583 ihnen erstattet worden.
2816 376 2889 476 41
1946 543 2502 724 Elßbeth Kuentzi
1800 785 2882 950 Nach dem dise schon vor ohngferdt 2 jahre
1817 868 2902 1013 doben zu Oberhooffen megen endtwendten
1838 949 2905 1106 Hilterfingischen Reißgelteren In verhafft ge¬
1847 1013 2865 1167 weßne, aber damahls ußgerißne Elßbeth
1830 1094 2905 1265 knentzi ein ledig mentsch sich vor etwas tagen
1836 1189 2881 1327 widerumb freywillig daselbst in die band
1848 1278 2898 1406 begeben vnnd nochmahlen vff Ihrer hievor wid
1833 1338 2904 1472 seckelmr Spillmans frauw unnd tochter geführter
1838 1410 2877 1550 klag verhaaret, alßo daß mahl uff disen empfang
1843 1491 2854 1620 genen bericht gut fenden sy die anklegerin sampt
1825 1562 2851 1688 den beiden verklagten alherführen unnd durch
1843 1630 2851 1770 mhren latsshen mannel alß veronderten h
1846 1715 2808 1820 raminatores wie zuglychen hot groß weibel
1840 1776 2889 1912 Willadung diser that dhalb gutt ernstlich ze
1846 1859 2835 1984 examinieren. Ist selbiges den 11. februarii
1842 1940 2866 2059 elauffenden jahrs an der handt genomen
1842 2008 2866 2134 woden unnd sy die Elßbeth Knentzi auch
1837 2090 2912 2211 sue erst gang allem fürgestelt worden. Mel
1848 2162 2867 2291 se abermahlen by ihrer vorigen bekandtnuß
1841 2223 2891 2377 bestigklich verbliben, daß sy namlich disers
1847 2307 2870 2428 diebstahls vorgewendter maßen zwar theill
1841 2386 2851 2510 hafft worden, aber dise einter undt tochter
1822 2460 2871 2609 damahlen vnuersechens daßy feuwe abholen
1840 2531 2871 2677 vollen by der fornierung gedeüter kisten sampt
1819 2609 2837 2732 ihren noch byhanden habenden inisrumentes
1822 2675 2854 2811 In bester nostur gefunden, welches sy die
1829 2753 2843 2890 anklegerm an der marter selbsten wo
1835 2835 2876 2972 von nachten erhalten wolte. Da nun sy
1808 2892 2827 3015 Spillmann die muter undt tocter ein
1823 2969 2880 3106 jedes ins besonder über dise so harte anklagen
1822 3038 2871 3192 ernstlich befragt worden, haben sy deßen
1819 3103 2873 3254 keines wegs gestendin sein wollen, sonder
1828 3186 2889 3313 alleß fühle taltsche undt erdichtete sachen zesein
1832 3248 2882 3396 bezuget sierzahlen feintweders under ihnen
1824 3310 2858 3453 sich selbigen tags zu hauß befenden. Mi
2749 3425 2831 3523 1
