3024 4032
97 503 234 608 100
463 588 1361 772 seiner seel verschonet werde. Ist dise e
453 699 1386 854 hortation undt alles zusprechen ohne frucht
455 774 1367 929 gewesen, also daß sy die ebrn nochmahlen
455 838 1354 998 mit dem 25. tb hernach aber zwen mahlen
457 914 1364 1067 mit dem 50 l stein soch vom boden uff
452 1003 1357 1141 gezogen und by jnd wederem mahl fast
459 1077 1394 1225 alle fürnembste fragen mit großem yffen
464 1166 1344 1299 an sy getruckt, endtlichen dan ihra gar
460 1247 1380 1392 Der 75 lb stein angehenskt worden und
472 1329 1359 1465 sy mit den armen in glyche postur gestelt
472 1416 1353 1530 alß solte sy selbigen würfflich auch in die
454 1496 1371 1625 höche lichen, welliches alleß ihre anteetig,
472 1562 1365 1693 keit keines megd brechen können, sonder
456 1644 1401 1783 hat in letst ußt großem erlittenen schmezen
481 1729 1356 1857 mehr einem verzwyffleten, als sonst be¬
477 1798 1296 1950 kehrten mentschen glychsachen welten.
435 1981 1368 2164 Nach deme nun dise sach nahl de 1tn aug
487 2094 1380 2220 166 fürbracht worden. habendt selbige
472 2167 1317 2302 erkent, daß dise tron zu Mohler
475 2229 1356 2366 dienter straff mit suthen uß geschmeite
474 2335 1338 2462 gezeichnet undt mit dem eidt von statt
484 2409 1255 2544 undt landt verwisen werden solle.
475 2496 1387 2627 welches an ihra noch selbigen wags erstattet
494 2570 726 2691 worden.
2614 355 2730 443 101
1812 542 2548 731 Jacob Brodelfischer.
1633 713 2636 937 Diser gast, so da seines fürgebens Jacob
1713 827 2660 1013 Grodelfser von Franckfort, hat sich hin
1724 895 2700 1056 nndt wider in die heüser begeben undt das
1725 968 2666 1139 allmusen geforderet underem forwand
1727 1062 2761 1220 daß er ein vertribner ungarischer Edelman
1738 1122 2764 1295 seye, da sich aber hernach uß gewüßen hinder
1728 1211 2725 1378 ihmme gefundenen schrifften erschinnen, daß
1738 1294 2706 1440 er ein schandtlicher betriegen so vor weing
1728 1366 2678 1529 zuth von seiner Religion abgefallen. Ist
1741 1459 2759 1612 vff geschechene reladion, von Mosl Erkent
1741 1542 2734 1671 worden, daß er wegen söllichen schandtlichen
1753 1612 2766 1758 betrugs mit rüthen ußgeschmeitzt gezeichnet
1757 1700 2771 1828 undt von statt undt landt verwisen werden.
1996 1770 2773 1914 So an ihmme den 9ten aug erstat,
1747 1801 1858 1905 sölle.
1751 1877 2235 1971 tet worden  1676
1889 2711 2506 2888 Christen Schmidt.
1731 2887 2764 3068 Nach demme diser Christge scheidt von Rüg
1778 3015 2789 3129 gesperg, so shon vor ohngfard aderthalbem Jasre
1777 3086 2811 3213 von diebstählen wegen ins shallenwegek kommen.
1768 3165 2815 3293 und nun abermahlen von zweyen gestohlnen
1484 3202 2809 3365 In die gefangenloßen wegen von Huchsi alhar gefuhrt, alleo
1573 3293 1833 3366 hafft von dan
1509 3304 2809 3428 in aber alsoba er durch mhr zugseire geat ludung stür
1506 3375 2743 3507 zug magter ler und herren großmeibel Millaing seiner
