<?xml version="1.0" encoding="UTF-8" standalone="yes"?>
<PcGts xmlns="http://schema.primaresearch.org/PAGE/gts/pagecontent/2013-07-15" xmlns:xsi="http://www.w3.org/2001/XMLSchema-instance" xsi:schemaLocation="http://schema.primaresearch.org/PAGE/gts/pagecontent/2013-07-15 http://schema.primaresearch.org/PAGE/gts/pagecontent/2013-07-15/pagecontent.xsd">
    <Metadata>
        <Creator>prov=University of Rostock/Institute of Mathematics/CITlab|PLANET AI GmbH/Gundram Leifert/gundram.leifert@planet-ai.de:name=German_Kurrent_XVI-XVIII_M1(htr_id=19584)::::v=2.6.7
prov=University of Rostock/Institute of Mathematics/CITlab|PLANET AI GmbH/Tobias Gruening/tobias.gruening@planet-ai.de:name=de.uros.citlab.module.baseline2polygon.B2PSeamMultiOriented:v=2.6.7
prov=University of Rostock/Institute of Mathematics/CITlab|PLANET AI GmbH/Tobias Gruening/tobias.gruening@planet-ai.de:name=/net_tf/LA73_249_0mod360.pb:de.uros.citlab.segmentation.CITlab_LA_ML:v=2.6.7
Transkribus</Creator>
        <Created>2021-03-11T12:12:37.344+01:00</Created>
        <LastChange>2022-09-12T14:56:47.132+02:00</LastChange>
        <TranskribusMetadata docId="1334838" pageId="52361573" pageNr="24" tsid="114643357" status="IN_PROGRESS" userId="9570" imgUrl="https://files.transkribus.eu/Get?id=LXZPZENLKHOHENIAGMHNENRJ&amp;fileType=view" xmlUrl="https://files.transkribus.eu/Get?id=WIANTRZIQVJSCARLBWJNYQCJ" imageId="19032405"/>
    </Metadata>
    <Page imageFilename="B_IX_483_Seite_024.jpg" imageWidth="3024" imageHeight="4032">
        <ReadingOrder>
            <OrderedGroup id="ro_1687513689552" caption="Regions reading order">
                <RegionRefIndexed index="0" regionRef="r1"/>
                <RegionRefIndexed index="1" regionRef="r2"/>
                <RegionRefIndexed index="2" regionRef="r3"/>
            </OrderedGroup>
        </ReadingOrder>
        <TextRegion orientation="0.0" id="r1" custom="readingOrder {index:0;}">
            <Coords points="348,893 348,1049 513,1049 513,893"/>
            <TextLine id="r1l1" custom="readingOrder {index:0;}">
                <Coords points="341,1015 398,1026 412,1021 434,1043 472,1030 496,1048 521,1049 519,911 496,914 455,948 426,936 372,949 339,940"/>
                <Baseline points="348,999 375,996 403,995 430,993 458,993 485,995 513,996"/>
                <TextEquiv>
                    <Unicode>4 Jungste</Unicode>
                </TextEquiv>
            </TextLine>
            <TextEquiv>
                <Unicode>4 Jungste</Unicode>
            </TextEquiv>
        </TextRegion>
        <TextRegion orientation="0.0" id="r2" custom="readingOrder {index:1;}">
            <Coords points="485,582 485,3507 1494,3507 1494,582"/>
            <TextLine id="r2l1" custom="readingOrder {index:0;}">
                <Coords points="548,653 599,614 646,661 746,621 862,667 923,632 1015,658 1154,638 1494,697 1497,642 1419,597 1338,587 1274,624 1154,555 1062,598 850,540 793,569 720,534 554,562"/>
                <Baseline points="558,611 604,612 651,614 697,616 744,618 790,620 837,621 883,623 930,624 976,626 1023,628 1069,631 1116,633 1162,638 1209,642 1255,646 1302,651 1348,658 1395,666 1441,674 1488,683"/>
                <TextEquiv>
                    <Unicode>sy solches alleß hernach der klegerin selbsten</Unicode>
                </TextEquiv>
            </TextLine>
            <TextLine id="r2l2" custom="readingOrder {index:1;}">
                <Coords points="541,685 653,679 717,713 919,689 1033,736 1100,706 1186,744 1236,716 1393,724 1500,763 1504,705 1429,703 1392,661 1316,692 1276,656 1099,638 1033,667 953,633 840,669 646,661 601,617 544,645"/>
                <Baseline points="549,669 596,674 643,677 690,680 738,682 785,684 832,686 879,688 927,690 974,692 1021,694 1068,696 1116,699 1163,702 1210,706 1257,711 1305,717 1352,723 1399,730 1446,739 1494,750"/>
                <TextEquiv>
                    <Unicode>under angen erhalten, sy aber die anklegerin</Unicode>
                </TextEquiv>
            </TextLine>
            <TextLine id="r2l3" custom="readingOrder {index:2;}">
                <Coords points="537,760 790,751 829,786 962,754 1001,791 1088,763 1138,811 1218,771 1470,820 1474,759 1385,722 1337,754 1291,723 1033,737 920,690 541,701"/>
                <Baseline points="546,734 591,738 637,741 683,744 729,746 775,747 821,749 867,752 913,753 959,755 1005,758 1050,759 1096,762 1142,765 1188,768 1234,774 1280,778 1326,783 1372,790 1418,798 1464,807"/>
                <TextEquiv>
                    <Unicode>doch keines weyd von ihrem fürgeben abstehen</Unicode>
                </TextEquiv>
            </TextLine>
            <TextLine id="r2l4" custom="readingOrder {index:3;}">
                <Coords points="533,813 732,814 780,847 823,820 883,856 947,819 1006,860 1047,826 1166,859 1269,839 1387,896 1457,886 1461,833 1218,771 1138,811 1090,764 1011,790 969,758 878,765 840,792 805,763 720,791 658,751 592,779 536,760"/>
                <Baseline points="540,800 585,804 631,806 676,809 722,811 768,813 813,815 859,818 904,819 950,821 996,824 1041,825 1087,828 1132,831 1178,834 1224,838 1269,843 1315,849 1360,853 1406,860 1452,867"/>
                <TextEquiv>
                    <Unicode>wollen. also daß in so bewandter sach mhen</Unicode>
                </TextEquiv>
            </TextLine>
            <TextLine id="r2l5" custom="readingOrder {index:4;}">
                <Coords points="557,881 861,884 934,935 1018,940 1066,899 1253,899 1464,947 1466,900 1269,840 1150,869 1047,825 1003,861 952,820 885,856 766,831 558,853"/>
                <Baseline points="564,866 608,870 653,873 698,876 742,879 787,880 832,882 876,884 921,887 966,888 1011,890 1055,891 1100,893 1145,896 1189,899 1234,902 1279,906 1323,910 1368,916 1413,921 1458,929"/>
                <TextEquiv>
                    <Unicode>xaminator das beste sein erachtet etliche per-</Unicode>
                </TextEquiv>
            </TextLine>
            <TextLine id="r2l6" custom="readingOrder {index:5;}">
                <Coords points="561,961 852,952 1059,1014 1242,977 1294,1016 1389,995 1434,1036 1481,1023 1485,942 1392,948 1348,912 1252,898 1166,941 1101,905 997,939 854,883 657,915 566,879"/>
                <Baseline points="570,932 615,935 660,939 705,942 751,944 796,947 841,948 887,951 932,952 977,954 1023,956 1068,958 1113,960 1158,963 1204,966 1249,969 1294,972 1340,977 1385,982 1430,986 1476,992"/>
                <TextEquiv>
                    <Unicode>sohnen noch ze vernemmen die sich verlüthen laßen</Unicode>
                </TextEquiv>
            </TextLine>
            <TextLine id="r2l7" custom="readingOrder {index:6;} person {offset:10; length:9;} person {offset:32; length:4;}">
                <Coords points="536,1014 601,1003 703,1042 992,1030 1061,1065 1448,1045 1449,1017 1312,1024 1233,985 936,1005 847,953 538,971"/>
                <Baseline points="543,1001 587,1005 632,1008 677,1011 722,1015 767,1017 812,1020 856,1022 901,1023 946,1025 991,1026 1036,1028 1081,1029 1126,1031 1170,1032 1215,1034 1260,1037 1305,1039 1350,1042 1395,1046 1440,1049"/>
                <TextEquiv>
                    <Unicode>daß diser spilmanns tochter nam Anni</Unicode>
                </TextEquiv>
            </TextLine>
            <TextLine id="r2l8" custom="readingOrder {index:7;}">
                <Coords points="533,1132 674,1104 706,1127 758,1088 856,1149 1076,1098 1134,1143 1188,1116 1255,1146 1297,1114 1487,1152 1501,1074 1428,1043 1331,1087 1275,1039 1155,1070 986,1029 855,1057 804,1016 684,1043 539,1013"/>
                <Baseline points="543,1071 590,1076 637,1080 685,1083 732,1086 780,1088 827,1090 874,1092 922,1093 969,1094 1017,1095 1064,1097 1111,1098 1159,1101 1206,1103 1254,1106 1301,1109 1348,1112 1396,1117 1443,1124 1491,1130"/>
                <TextEquiv>
                    <Unicode>fnst zuselbiger zyth da das gelt hinwegn kommen.</Unicode>
                </TextEquiv>
            </TextLine>
            <TextLine id="r2l9" custom="readingOrder {index:8;}">
                <Coords points="551,1152 653,1177 857,1162 912,1205 963,1164 1046,1164 1435,1212 1448,1142 1138,1151 1075,1097 865,1143 796,1096 744,1133 670,1106 636,1134 552,1123"/>
                <Baseline points="558,1149 602,1152 646,1153 690,1155 734,1157 778,1158 822,1159 866,1160 910,1161 954,1162 998,1163 1042,1164 1086,1166 1130,1167 1174,1170 1218,1172 1262,1175 1306,1178 1350,1182 1394,1185 1439,1191"/>
                <TextEquiv>
                    <Unicode>ein gewü�e lochsagen von einem küffer</Unicode>
                </TextEquiv>
            </TextLine>
            <TextLine id="r2l10" custom="readingOrder {index:9;}">
                <Coords points="541,1228 930,1228 1103,1286 1202,1246 1315,1289 1359,1263 1423,1279 1453,1231 1307,1181 1263,1204 1199,1178 1126,1218 1043,1165 959,1165 913,1205 795,1160 654,1176 620,1148 544,1174"/>
                <Baseline points="549,1215 593,1218 638,1220 683,1221 728,1224 773,1226 817,1227 862,1229 907,1230 952,1233 997,1234 1041,1237 1086,1239 1131,1241 1176,1242 1221,1245 1265,1248 1310,1250 1355,1253 1400,1256 1445,1260"/>
                <TextEquiv>
                    <Unicode>entlehet unnd der muter zugebracht selbige</Unicode>
                </TextEquiv>
            </TextLine>
            <TextLine id="r2l11" custom="readingOrder {index:10;}">
                <Coords points="542,1308 704,1291 989,1338 1205,1313 1469,1355 1473,1277 1325,1297 1138,1259 1078,1285 1030,1244 832,1232 701,1236 642,1277 544,1258"/>
                <Baseline points="549,1284 594,1287 640,1290 686,1292 731,1294 777,1296 823,1298 868,1299 914,1301 960,1302 1006,1304 1051,1307 1097,1308 1143,1310 1188,1312 1234,1314 1280,1317 1325,1321 1371,1324 1417,1328 1463,1332"/>
                <TextEquiv>
                    <Unicode>auch eintag behalten habe. Wie dan diß sich</Unicode>
                </TextEquiv>
            </TextLine>
            <TextLine id="r2l12" custom="readingOrder {index:11;}">
                <Coords points="538,1380 612,1414 746,1370 960,1405 1297,1386 1432,1426 1464,1424 1467,1355 1171,1312 1089,1358 1054,1323 1021,1351 931,1307 786,1325 704,1292 540,1320"/>
                <Baseline points="546,1358 591,1360 637,1362 682,1365 728,1367 774,1368 819,1369 865,1371 910,1372 956,1373 1002,1374 1047,1376 1093,1377 1138,1379 1184,1380 1230,1382 1275,1385 1321,1387 1366,1389 1412,1392 1458,1397"/>
                <TextEquiv>
                    <Unicode>alß befunden unnd zn dem lidt zo vogt von</Unicode>
                </TextEquiv>
            </TextLine>
            <TextLine id="r2l13" custom="readingOrder {index:12;} place {offset:0; length:11;}">
                <Coords points="532,1452 676,1445 736,1479 761,1457 797,1490 842,1455 1268,1453 1325,1506 1383,1470 1444,1480 1446,1423 1377,1400 1261,1439 1167,1382 1035,1413 774,1371 685,1416 533,1412"/>
                <Baseline points="540,1434 584,1437 629,1439 674,1442 719,1443 764,1445 809,1446 853,1447 898,1449 943,1449 988,1451 1033,1451 1078,1452 1123,1454 1167,1455 1212,1455 1257,1457 1302,1458 1347,1459 1392,1461 1437,1463"/>
                <TextEquiv>
                    <Unicode>oberdooffen zugeschriben worden, daß er</Unicode>
                </TextEquiv>
            </TextLine>
            <TextLine id="r2l14" custom="readingOrder {index:13;} person {offset:22; length:12;}">
                <Coords points="536,1521 576,1546 645,1509 767,1544 869,1519 898,1548 931,1520 1072,1561 1244,1527 1284,1568 1326,1542 1410,1583 1465,1557 1467,1502 1420,1470 1340,1511 1272,1464 1094,1482 1041,1455 866,1507 676,1446 537,1485"/>
                <Baseline points="543,1505 588,1508 634,1511 680,1514 726,1515 771,1517 817,1518 863,1520 909,1520 954,1521 1000,1522 1046,1523 1092,1524 1137,1526 1183,1527 1229,1528 1275,1530 1320,1532 1366,1535 1412,1539 1458,1544"/>
                <TextEquiv>
                    <Unicode>alsobald disen enffer Ulrich Krebs samptgen</Unicode>
                </TextEquiv>
            </TextLine>
            <TextLine id="r2l15" custom="readingOrder {index:14;}">
                <Coords points="527,1586 784,1615 1035,1596 1126,1645 1209,1600 1364,1627 1447,1605 1366,1548 1287,1572 1244,1527 1104,1574 931,1519 899,1548 727,1519 677,1543 645,1510 576,1546 528,1525"/>
                <Baseline points="534,1581 579,1583 624,1585 669,1586 715,1587 760,1589 805,1589 851,1590 896,1590 941,1592 987,1592 1032,1593 1077,1593 1122,1595 1168,1596 1213,1596 1258,1599 1304,1601 1349,1602 1394,1604 1440,1607"/>
                <TextEquiv>
                    <Unicode>denter loch saagen unnd versehrter kisen</Unicode>
                </TextEquiv>
            </TextLine>
            <TextLine id="r2l16" custom="readingOrder {index:15;}">
                <Coords points="544,1673 694,1666 735,1703 843,1668 973,1703 1180,1670 1501,1699 1502,1636 1406,1651 1330,1607 1179,1646 1032,1601 903,1630 706,1596 613,1641 546,1599"/>
                <Baseline points="552,1656 599,1659 646,1661 693,1662 740,1663 787,1664 834,1664 881,1664 928,1664 975,1664 1023,1664 1070,1664 1117,1665 1164,1665 1211,1667 1258,1668 1305,1670 1352,1673 1399,1678 1446,1682 1494,1688"/>
                <TextEquiv>
                    <Unicode>Wie zuglych deß küffers franne selbstens wy</Unicode>
                </TextEquiv>
            </TextLine>
            <TextLine id="r2l17" custom="readingOrder {index:16;}">
                <Coords points="533,1746 680,1783 745,1745 899,1764 1006,1738 1094,1791 1216,1741 1449,1767 1460,1700 1274,1682 1167,1718 1098,1678 988,1717 915,1668 798,1669 739,1705 693,1666 662,1694 534,1674"/>
                <Baseline points="540,1730 585,1733 631,1734 676,1736 722,1737 768,1737 813,1739 859,1739 904,1739 950,1739 996,1739 1041,1739 1087,1739 1132,1739 1178,1740 1224,1742 1269,1742 1315,1744 1360,1746 1406,1749 1452,1752"/>
                <TextEquiv>
                    <Unicode>len selbige hievor in gewüßer mit der spilen</Unicode>
                </TextEquiv>
            </TextLine>
            <TextLine id="r2l18" custom="readingOrder {index:17;}">
                <Coords points="527,1813 828,1813 894,1857 942,1814 1411,1817 1482,1845 1482,1778 1405,1788 1374,1755 1198,1778 1163,1751 1094,1790 1005,1738 891,1784 824,1740 684,1786 528,1761"/>
                <Baseline points="534,1794 581,1799 628,1802 675,1805 722,1808 769,1809 816,1811 863,1812 910,1812 957,1814 1005,1814 1052,1814 1099,1814 1146,1814 1193,1814 1240,1815 1287,1815 1334,1817 1381,1818 1428,1819 1476,1821"/>
                <TextEquiv>
                    <Unicode>mann tochter gehabten oifficultet diser toch</Unicode>
                </TextEquiv>
            </TextLine>
            <TextLine id="r2l19" custom="readingOrder {index:18;}">
                <Coords points="527,1911 615,1877 828,1887 903,1927 1027,1891 1480,1907 1480,1862 1319,1846 1285,1811 1096,1820 1050,1855 943,1813 897,1857 757,1811 693,1863 528,1815"/>
                <Baseline points="534,1872 583,1874 632,1877 682,1878 731,1880 781,1881 830,1883 879,1883 929,1883 978,1884 1028,1884 1077,1884 1127,1884 1176,1885 1225,1886 1275,1886 1324,1886 1374,1887 1423,1887 1473,1889"/>
                <TextEquiv>
                    <Unicode>sagen halb etliche stich wört undt treüwungen</Unicode>
                </TextEquiv>
            </TextLine>
            <TextLine id="r2l20" custom="readingOrder {index:19;}">
                <Coords points="539,1989 618,2000 737,1957 787,2000 896,1953 1051,1957 1110,2001 1161,1961 1477,1969 1476,1906 1396,1940 1333,1891 1268,1922 1221,1892 928,1938 829,1887 743,1916 699,1886 664,1915 610,1881 540,1894"/>
                <Baseline points="546,1947 592,1950 638,1952 684,1954 730,1955 777,1956 823,1958 869,1958 915,1959 961,1959 1008,1959 1054,1960 1100,1961 1146,1961 1192,1961 1239,1961 1285,1961 1331,1961 1377,1962 1423,1962 1470,1964"/>
                <TextEquiv>
                    <Unicode>lauffen laßen, alher verschicken solle. Alß</Unicode>
                </TextEquiv>
            </TextLine>
            <TextLine id="r2l21" custom="readingOrder {index:20;}">
                <Coords points="527,2030 592,2057 642,2020 688,2059 793,2030 872,2073 909,2039 988,2062 1204,2031 1371,2073 1449,2041 1450,1991 1155,1968 1097,2000 1051,1956 851,2007 770,2011 702,1966 641,1997 528,1988"/>
                <Baseline points="534,2018 579,2019 624,2021 670,2022 715,2024 761,2024 806,2025 851,2027 897,2027 942,2028 988,2030 1033,2030 1078,2031 1124,2031 1169,2031 1215,2033 1260,2033 1305,2033 1351,2033 1396,2033 1442,2031"/>
                <TextEquiv>
                    <Unicode>nun disem auch statt gethan unnd gedachter</Unicode>
                </TextEquiv>
            </TextLine>
            <TextLine id="r2l22" custom="readingOrder {index:21;} person {offset:0; length:6;}">
                <Coords points="518,2104 672,2119 708,2088 842,2148 1011,2099 1101,2152 1148,2114 1470,2101 1470,2064 1422,2044 1371,2073 1324,2049 1030,2085 873,2075 789,2030 686,2070 654,2038 518,2033"/>
                <Baseline points="524,2096 573,2097 622,2097 672,2099 721,2099 771,2100 820,2100 869,2102 919,2102 968,2103 1018,2103 1067,2103 1117,2103 1166,2103 1215,2103 1265,2102 1314,2101 1364,2099 1413,2098 1463,2096"/>
                <TextEquiv>
                    <Unicode>küffer sonderlich aber eein frauw un anlaßn</Unicode>
                </TextEquiv>
            </TextLine>
            <TextLine id="r2l23" custom="readingOrder {index:22;}">
                <Coords points="1390,2134 1410,2132 1416,2138 1424,2137 1436,2150 1449,2146 1454,2151 1465,2142 1473,2143 1476,2108 1468,2108 1456,2116 1445,2103 1442,2105 1435,2098 1429,2101 1414,2100 1404,2108 1393,2107"/>
                <Baseline points="1398,2132 1432,2135 1467,2138"/>
                <TextEquiv>
                    <Unicode>scbe</Unicode>
                </TextEquiv>
            </TextLine>
            <TextLine id="r2l24" custom="readingOrder {index:23;}">
                <Coords points="520,2184 744,2226 804,2176 956,2177 1066,2219 1126,2173 1182,2210 1290,2177 1417,2211 1473,2191 1473,2143 1301,2114 1073,2161 949,2119 845,2151 800,2118 719,2151 646,2106 520,2126"/>
                <Baseline points="527,2174 576,2174 625,2174 675,2174 724,2174 774,2175 823,2175 872,2175 922,2175 971,2175 1021,2177 1070,2177 1120,2177 1169,2177 1218,2177 1268,2175 1317,2175 1367,2175 1416,2174 1466,2174"/>
                <TextEquiv>
                    <Unicode>diser ußgoßnen morten gestriges tags ernst</Unicode>
                </TextEquiv>
            </TextLine>
            <TextLine id="r2l25" custom="readingOrder {index:24;}">
                <Coords points="521,2260 578,2286 620,2255 951,2255 1035,2308 1127,2256 1184,2287 1216,2257 1451,2251 1451,2211 1310,2184 1260,2222 1199,2202 1128,2236 983,2224 923,2186 823,2182 722,2235 618,2180 521,2192"/>
                <Baseline points="528,2253 573,2253 619,2252 665,2252 711,2252 757,2252 803,2252 848,2252 894,2252 940,2253 986,2253 1032,2253 1078,2253 1124,2253 1169,2253 1215,2252 1261,2250 1307,2250 1353,2248 1399,2246 1445,2244"/>
                <TextEquiv>
                    <Unicode>lich vermahnt worden an tag ze geben mas</Unicode>
                </TextEquiv>
            </TextLine>
            <TextLine id="r2l26" custom="readingOrder {index:25;}">
                <Coords points="518,2356 755,2329 801,2369 976,2333 1104,2365 1189,2328 1470,2331 1469,2253 1323,2300 1126,2256 1034,2309 989,2269 870,2258 797,2278 748,2250 603,2299 517,2264"/>
                <Baseline points="524,2330 573,2330 622,2330 672,2330 721,2330 771,2330 820,2330 869,2330 919,2330 968,2330 1018,2328 1067,2328 1117,2327 1166,2327 1215,2325 1265,2324 1314,2322 1364,2321 1413,2319 1463,2318"/>
                <TextEquiv>
                    <Unicode>ihnen beider syths diser that halben mochte in</Unicode>
                </TextEquiv>
            </TextLine>
            <TextLine id="r2l27" custom="readingOrder {index:26;}">
                <Coords points="511,2417 656,2416 711,2448 871,2407 920,2438 947,2410 1122,2400 1428,2418 1427,2360 1381,2371 1325,2327 1275,2374 977,2333 810,2371 721,2340 671,2368 628,2338 511,2354"/>
                <Baseline points="518,2402 563,2402 608,2403 653,2403 698,2403 743,2403 788,2405 834,2405 879,2405 924,2405 969,2403 1014,2403 1059,2403 1104,2402 1150,2402 1195,2400 1240,2399 1285,2397 1330,2396 1375,2394 1421,2393"/>
                <TextEquiv>
                    <Unicode>wüßen sein, damit weder der eint noch</Unicode>
                </TextEquiv>
            </TextLine>
            <TextLine id="r2l28" custom="readingOrder {index:27;}">
                <Coords points="523,2533 598,2483 847,2507 928,2483 975,2516 1056,2478 1208,2521 1291,2480 1440,2496 1440,2418 1384,2403 1252,2453 1195,2402 1077,2454 950,2461 767,2424 715,2464 580,2410 522,2429"/>
                <Baseline points="530,2475 575,2477 620,2478 665,2479 710,2480 755,2480 800,2480 846,2480 891,2480 936,2478 981,2478 1026,2477 1071,2477 1116,2477 1162,2475 1207,2475 1252,2474 1297,2474 1342,2474 1387,2472 1433,2472"/>
                <TextEquiv>
                    <Unicode>anderen der gefangnen partheyen diß</Unicode>
                </TextEquiv>
            </TextLine>
            <TextLine id="r2l29" custom="readingOrder {index:28;}">
                <Coords points="515,2588 661,2561 777,2612 941,2559 1090,2608 1202,2556 1321,2553 1370,2588 1431,2551 1430,2497 1309,2528 1263,2501 967,2516 891,2479 848,2507 603,2482 514,2513"/>
                <Baseline points="521,2552 566,2553 611,2555 656,2556 701,2556 746,2558 791,2558 837,2558 882,2558 927,2558 972,2558 1017,2556 1062,2556 1107,2555 1153,2555 1198,2553 1243,2552 1288,2550 1333,2549 1378,2546 1424,2544"/>
                <TextEquiv>
                    <Unicode>fahls überscheche, haben sy doch durch einiches</Unicode>
                </TextEquiv>
            </TextLine>
            <TextLine id="r2l30" custom="readingOrder {index:29;}">
                <Coords points="514,2675 1132,2630 1280,2680 1470,2633 1469,2549 1321,2603 1171,2562 1070,2613 961,2572 778,2612 679,2568 513,2587"/>
                <Baseline points="521,2633 568,2634 615,2636 662,2636 709,2637 756,2637 803,2637 850,2637 897,2637 944,2636 992,2636 1039,2634 1086,2633 1133,2630 1180,2629 1227,2627 1274,2624 1321,2623 1368,2620 1415,2618 1463,2615"/>
                <TextEquiv>
                    <Unicode>zusprechen zu mehrerer erlütherung alß</Unicode>
                </TextEquiv>
            </TextLine>
            <TextLine id="r2l31" custom="readingOrder {index:30;}">
                <Coords points="500,2731 613,2778 866,2764 930,2720 995,2760 1055,2715 1434,2708 1451,2660 1393,2638 1279,2678 1127,2630 1068,2679 1022,2655 964,2693 765,2640 683,2646 626,2696 498,2671"/>
                <Baseline points="506,2720 555,2718 604,2717 654,2717 703,2715 753,2715 802,2714 851,2714 901,2713 950,2712 1000,2712 1049,2711 1099,2709 1148,2708 1197,2705 1247,2703 1296,2700 1346,2696 1395,2693 1445,2688"/>
                <TextEquiv>
                    <Unicode>daß dise lochsgagen schon etlich wechenvor</Unicode>
                </TextEquiv>
            </TextLine>
            <TextLine id="r2l32" custom="readingOrder {index:31;}">
                <Coords points="497,2815 678,2788 721,2825 904,2786 999,2831 1039,2793 1149,2792 1220,2832 1298,2778 1479,2776 1478,2725 1378,2695 1243,2734 1157,2707 995,2760 946,2723 888,2771 495,2744"/>
                <Baseline points="503,2795 551,2793 599,2792 648,2792 696,2790 745,2790 793,2790 842,2790 890,2790 939,2789 987,2789 1035,2789 1084,2787 1132,2786 1181,2784 1229,2782 1278,2778 1326,2775 1375,2771 1423,2766 1472,2760"/>
                <TextEquiv>
                    <Unicode>Dem eersperten diebstahl entlehnt undt noch</Unicode>
                </TextEquiv>
            </TextLine>
            <TextLine id="r2l33" custom="readingOrder {index:32;}">
                <Coords points="515,2920 728,2869 1016,2898 1041,2873 1413,2853 1411,2773 1366,2804 1307,2779 1236,2831 1147,2791 1051,2794 1008,2838 935,2791 904,2817 751,2790 673,2845 558,2792 512,2808"/>
                <Baseline points="521,2868 565,2870 609,2870 653,2870 698,2870 742,2871 786,2871 830,2871 875,2871 919,2870 963,2870 1007,2868 1052,2868 1096,2866 1140,2864 1184,2862 1229,2858 1273,2856 1317,2851 1361,2847 1406,2841"/>
                <TextEquiv>
                    <Unicode>selbigen stags rentuientrestipuiert, nit</Unicode>
                </TextEquiv>
            </TextLine>
            <TextLine id="r2l34" custom="readingOrder {index:33;}">
                <Coords points="512,2968 613,2946 754,2999 832,2948 1446,2942 1460,2887 1296,2859 1250,2897 1198,2861 1090,2917 976,2877 786,2872 715,2918 511,2922"/>
                <Baseline points="518,2949 564,2949 611,2948 658,2947 705,2946 752,2946 798,2945 845,2945 892,2945 939,2944 986,2943 1032,2942 1079,2942 1126,2939 1173,2937 1220,2936 1266,2933 1313,2930 1360,2926 1407,2922 1454,2916"/>
                <TextEquiv>
                    <Unicode>konnen gebracht werden, sonderlich aber</Unicode>
                </TextEquiv>
            </TextLine>
            <TextLine id="r2l35" custom="readingOrder {index:34;}">
                <Coords points="488,3053 528,3034 606,3083 722,3083 798,3029 847,3070 901,3022 1029,3069 1099,3021 1296,3009 1348,3052 1401,3023 1400,2966 1287,2930 1207,2992 980,2941 909,2989 832,2948 753,3000 619,2948 486,2968"/>
                <Baseline points="494,3029 539,3029 584,3027 629,3027 674,3027 719,3027 764,3026 809,3026 854,3026 899,3024 944,3023 989,3023 1034,3021 1079,3020 1124,3017 1169,3016 1214,3014 1259,3011 1304,3009 1349,3005 1394,3002"/>
                <TextEquiv>
                    <Unicode>hat sy die er sestencklich verennnet, obe</Unicode>
                </TextEquiv>
            </TextLine>
            <TextLine id="r2l36" custom="readingOrder {index:35;} person {offset:15; length:10;}">
                <Coords points="498,3132 603,3114 678,3163 853,3123 952,3156 1100,3088 1177,3133 1454,3092 1450,3010 1367,3052 1275,3011 1078,3071 997,3073 902,3022 847,3069 798,3032 730,3085 627,3095 495,3052"/>
                <Baseline points="504,3116 551,3114 598,3111 645,3110 692,3109 739,3108 786,3107 833,3105 880,3104 927,3103 975,3101 1022,3100 1069,3098 1116,3096 1163,3093 1210,3091 1257,3089 1304,3085 1351,3081 1398,3076 1446,3072"/>
                <TextEquiv>
                    <Unicode>wort gegen der spillmanin tochter geredt</Unicode>
                </TextEquiv>
            </TextLine>
            <TextLine id="r2l37" custom="readingOrder {index:36;}">
                <Coords points="509,3224 535,3205 547,3211 565,3198 596,3205 604,3197 613,3202 654,3196 670,3206 688,3204 687,3162 668,3157 636,3126 603,3114 590,3125 566,3127 540,3151 506,3142"/>
                <Baseline points="515,3194 542,3192 570,3191 597,3191 625,3191 652,3189 680,3188"/>
                <TextEquiv>
                    <Unicode>zehaben.</Unicode>
                </TextEquiv>
            </TextLine>
            <TextLine id="r2l38" custom="readingOrder {index:37;}">
                <Coords points="484,3351 561,3303 757,3316 810,3279 1007,3312 1141,3271 1308,3286 1417,3250 1415,3203 1318,3220 1254,3176 1204,3230 1144,3229 907,3170 795,3224 605,3233 554,3203 478,3238"/>
                <Baseline points="488,3297 534,3296 580,3294 626,3291 672,3290 718,3288 764,3287 810,3284 856,3282 902,3281 949,3278 995,3275 1041,3273 1087,3270 1133,3268 1179,3264 1225,3261 1271,3257 1317,3252 1363,3248 1410,3243"/>
                <TextEquiv>
                    <Unicode>Ober welliche so dubiose sach noch verners</Unicode>
                </TextEquiv>
            </TextLine>
            <TextLine id="r2l39" custom="readingOrder {index:38;}">
                <Coords points="486,3374 715,3356 803,3386 981,3351 1023,3379 1227,3340 1272,3375 1319,3333 1459,3329 1457,3281 1199,3266 1035,3316 953,3285 885,3316 815,3280 670,3339 484,3351"/>
                <Baseline points="492,3369 542,3367 592,3365 643,3362 693,3360 744,3358 794,3356 845,3354 895,3352 946,3349 996,3347 1047,3344 1097,3341 1148,3339 1198,3335 1249,3330 1299,3327 1350,3322 1400,3316 1451,3311"/>
                <TextEquiv>
                    <Unicode>vernomen worden, der ist oberk befelch durch</Unicode>
                </TextEquiv>
            </TextLine>
            <TextLine id="r2l40" custom="readingOrder {index:39;} place {offset:11; length:10;}">
                <Coords points="482,3502 728,3443 863,3484 1061,3441 1120,3461 1183,3418 1293,3442 1418,3404 1414,3327 1053,3392 980,3352 955,3377 851,3360 782,3404 714,3356 631,3396 584,3368 476,3385"/>
                <Baseline points="485,3441 531,3441 577,3440 623,3440 670,3438 716,3437 762,3436 808,3434 855,3432 901,3429 947,3428 993,3425 1040,3422 1086,3419 1132,3417 1178,3413 1225,3410 1271,3406 1317,3402 1363,3399 1410,3395"/>
                <TextEquiv>
                    <Unicode>vrvogt von Oberhoffen alhar verschickte</Unicode>
                </TextEquiv>
            </TextLine>
            <TextLine id="r2l41" custom="readingOrder {index:40;}">
                <Coords points="1332,3522 1348,3521 1367,3504 1379,3505 1386,3499 1404,3508 1441,3500 1451,3484 1459,3481 1442,3408 1417,3427 1363,3400 1358,3409 1348,3408 1332,3431 1312,3438"/>
                <Baseline points="1331,3491 1360,3478 1389,3471 1418,3467 1448,3461"/>
                <TextEquiv>
                    <Unicode>Hanß</Unicode>
                </TextEquiv>
            </TextLine>
            <TextEquiv>
                <Unicode>sy solches alleß hernach der klegerin selbsten
under angen erhalten, sy aber die anklegerin
doch keines weyd von ihrem fürgeben abstehen
wollen. also daß in so bewandter sach mhen
xaminator das beste sein erachtet etliche per-
sohnen noch ze vernemmen die sich verlüthen laßen
daß diser spilmanns tochter nam Anni
fnst zuselbiger zyth da das gelt hinwegn kommen.
ein gewü�e lochsagen von einem küffer
entlehet unnd der muter zugebracht selbige
auch eintag behalten habe. Wie dan diß sich
alß befunden unnd zn dem lidt zo vogt von
oberdooffen zugeschriben worden, daß er
alsobald disen enffer Ulrich Krebs samptgen
denter loch saagen unnd versehrter kisen
Wie zuglych deß küffers franne selbstens wy
len selbige hievor in gewüßer mit der spilen
mann tochter gehabten oifficultet diser toch
sagen halb etliche stich wört undt treüwungen
lauffen laßen, alher verschicken solle. Alß
nun disem auch statt gethan unnd gedachter
küffer sonderlich aber eein frauw un anlaßn
scbe
diser ußgoßnen morten gestriges tags ernst
lich vermahnt worden an tag ze geben mas
ihnen beider syths diser that halben mochte in
wüßen sein, damit weder der eint noch
anderen der gefangnen partheyen diß
fahls überscheche, haben sy doch durch einiches
zusprechen zu mehrerer erlütherung alß
daß dise lochsgagen schon etlich wechenvor
Dem eersperten diebstahl entlehnt undt noch
selbigen stags rentuientrestipuiert, nit
konnen gebracht werden, sonderlich aber
hat sy die er sestencklich verennnet, obe
wort gegen der spillmanin tochter geredt
zehaben.
Ober welliche so dubiose sach noch verners
vernomen worden, der ist oberk befelch durch
vrvogt von Oberhoffen alhar verschickte
Hanß</Unicode>
            </TextEquiv>
        </TextRegion>
        <TextRegion orientation="0.0" id="r3" custom="readingOrder {index:2;}">
            <Coords points="1817,419 1817,3545 2934,3545 2934,419"/>
            <TextLine id="r3l1" custom="readingOrder {index:0;}">
                <Coords points="2815,489 2841,486 2856,477 2879,492 2891,492 2898,483 2908,484 2904,421 2894,422 2889,418 2884,421 2869,412 2859,424 2838,419 2823,437 2810,440"/>
                <Baseline points="2820,462 2846,460 2873,457 2900,455"/>
                <TextEquiv>
                    <Unicode>43.</Unicode>
                </TextEquiv>
            </TextLine>
            <TextLine id="r3l2" custom="readingOrder {index:1;} person {offset:0; length:11;} place {offset:16; length:12;}">
                <Coords points="1876,706 1929,671 2000,699 2143,655 2492,685 2621,634 2905,638 2911,572 2828,550 2619,586 2562,543 2498,568 2278,540 1870,590"/>
                <Baseline points="1881,669 1932,666 1983,663 2034,660 2086,657 2137,654 2188,651 2240,648 2291,645 2342,642 2394,639 2445,637 2496,634 2547,632 2599,629 2650,626 2701,624 2753,621 2804,620 2855,618 2907,617"/>
                <TextEquiv>
                    <Unicode>Hanß Hinder vor Hilzerfingen alß mel</Unicode>
                </TextEquiv>
            </TextLine>
            <TextLine id="r3l3" custom="readingOrder {index:2;}">
                <Coords points="1899,774 2033,728 2118,748 2549,699 2612,737 2664,699 2821,694 2819,656 2743,621 2487,685 2278,655 2210,692 2145,655 2041,697 1895,692"/>
                <Baseline points="1904,735 1949,733 1994,731 2040,728 2085,725 2131,723 2176,720 2222,719 2267,716 2313,713 2358,711 2403,710 2449,707 2494,705 2540,703 2585,699 2631,697 2676,695 2722,692 2767,690 2813,687"/>
                <TextEquiv>
                    <Unicode>hra von disen entwendten reißgelteren</Unicode>
                </TextEquiv>
            </TextLine>
            <TextLine id="r3l4" custom="readingOrder {index:3;}">
                <Coords points="1882,817 2850,758 2846,691 2814,690 2632,752 2412,710 2375,741 2336,711 2263,740 2215,717 2157,759 2049,729 1880,773"/>
                <Baseline points="1889,806 1936,802 1984,799 2032,797 2079,794 2127,792 2175,790 2222,788 2270,786 2318,785 2366,782 2413,780 2461,778 2509,776 2556,774 2604,771 2652,768 2699,764 2747,761 2795,758 2843,752"/>
                <TextEquiv>
                    <Unicode>noch anderen bericht geben konne. Vnndt</Unicode>
                </TextEquiv>
            </TextLine>
            <TextLine id="r3l5" custom="readingOrder {index:4;}">
                <Coords points="1869,916 1969,873 2066,930 2184,866 2289,864 2359,903 2499,857 2570,889 2725,856 2708,764 2656,816 2444,786 2336,827 2256,831 2214,795 2133,826 2079,803 1864,823"/>
                <Baseline points="1874,885 1916,882 1958,880 2000,876 2042,873 2084,870 2126,867 2169,865 2211,863 2253,861 2295,859 2337,856 2379,855 2421,852 2464,851 2506,849 2548,848 2590,846 2632,845 2674,843 2717,842"/>
                <TextEquiv>
                    <Unicode>hat selbiger den 28. diß anzeigt</Unicode>
                </TextEquiv>
            </TextLine>
            <TextLine id="r3l6" custom="readingOrder {index:5;}">
                <Coords points="1810,1004 1940,1003 2020,960 2332,988 2465,936 2685,955 2815,930 2812,874 2713,854 2646,911 2405,878 2320,917 2183,868 2076,934 1960,899 1914,939 1807,946"/>
                <Baseline points="1817,986 1866,979 1916,973 1965,966 2015,963 2064,959 2114,956 2163,953 2213,951 2262,949 2312,947 2361,945 2411,944 2460,942 2510,941 2559,939 2609,936 2658,935 2708,932 2757,929 2807,924"/>
                <TextEquiv>
                    <Unicode>Daß er voretwas mehr alß einem jahr</Unicode>
                </TextEquiv>
            </TextLine>
            <TextLine id="r3l7" custom="readingOrder {index:6;}">
                <Coords points="1868,1058 2149,1025 2236,1070 2294,1021 2615,1009 2686,1051 2887,1001 2885,967 2752,924 2703,965 2554,941 2332,997 2250,966 1865,1005"/>
                <Baseline points="1874,1043 1924,1038 1974,1034 2024,1031 2075,1028 2125,1023 2175,1020 2225,1017 2276,1015 2326,1013 2376,1010 2426,1008 2477,1007 2527,1004 2577,1004 2627,1002 2678,1000 2728,999 2778,998 2828,998 2879,996"/>
                <TextEquiv>
                    <Unicode>Da er gangen melcher arns räben ze schiiden</Unicode>
                </TextEquiv>
            </TextLine>
            <TextLine id="r3l8" custom="readingOrder {index:7;}">
                <Coords points="1886,1125 2875,1084 2882,1011 2686,1050 2616,1010 2366,1066 2277,1038 2198,1072 1983,1030 1885,1091"/>
                <Baseline points="1892,1109 1941,1106 1990,1103 2039,1100 2089,1098 2138,1094 2187,1092 2236,1090 2286,1088 2335,1086 2384,1084 2433,1083 2483,1081 2532,1079 2581,1077 2630,1076 2680,1074 2729,1071 2778,1070 2827,1068 2877,1067"/>
                <TextEquiv>
                    <Unicode>und underwegs an einem orth im abeit</Unicode>
                </TextEquiv>
            </TextLine>
            <TextLine id="r3l9" custom="readingOrder {index:8;}">
                <Coords points="1883,1211 2379,1167 2532,1205 2622,1158 2908,1151 2906,1105 2799,1071 2696,1128 2610,1079 2540,1121 2498,1083 2392,1111 2299,1087 2241,1134 2052,1100 1881,1156"/>
                <Baseline points="1889,1181 1939,1178 1990,1176 2040,1175 2091,1172 2141,1171 2192,1169 2242,1167 2293,1166 2343,1164 2394,1163 2445,1161 2495,1160 2546,1158 2596,1155 2647,1154 2697,1152 2748,1150 2798,1148 2849,1146 2900,1143"/>
                <TextEquiv>
                    <Unicode>genant uff ein kirßbaum gestigen kirsen</Unicode>
                </TextEquiv>
            </TextLine>
            <TextLine id="r3l10" custom="readingOrder {index:9;}">
                <Coords points="1882,1283 2022,1245 2087,1283 2166,1241 2355,1240 2409,1271 2532,1237 2875,1241 2872,1159 2748,1203 2675,1181 2499,1213 2385,1182 2200,1211 2147,1183 1881,1213"/>
                <Baseline points="1889,1251 1937,1250 1986,1247 2035,1245 2084,1244 2133,1242 2182,1242 2231,1241 2280,1239 2329,1238 2378,1236 2426,1236 2475,1235 2524,1233 2573,1232 2622,1230 2671,1229 2720,1227 2769,1226 2818,1224 2867,1221"/>
                <TextEquiv>
                    <Unicode>Zeeßen habe er ein kleinen steinwurff</Unicode>
                </TextEquiv>
            </TextLine>
            <TextLine id="r3l11" custom="readingOrder {index:10;}">
                <Coords points="1879,1338 2227,1309 2420,1363 2497,1360 2580,1300 2655,1342 2890,1305 2889,1266 2754,1240 2563,1277 2490,1247 2413,1281 2353,1241 2202,1270 2168,1245 2087,1282 2022,1245 1878,1290"/>
                <Baseline points="1886,1325 1935,1323 1985,1322 2035,1320 2085,1319 2135,1317 2184,1315 2234,1314 2284,1313 2334,1311 2384,1310 2433,1308 2483,1307 2533,1307 2583,1305 2633,1304 2682,1304 2732,1302 2782,1302 2832,1301 2882,1301"/>
                <TextEquiv>
                    <Unicode>Weyt vor disem baum gesechen, daß dise ge-</Unicode>
                </TextEquiv>
            </TextLine>
            <TextLine id="r3l12" custom="readingOrder {index:11;} person {offset:7; length:16;}">
                <Coords points="1883,1424 2021,1404 2102,1437 2289,1392 2386,1443 2545,1393 2599,1436 2703,1382 2832,1434 2910,1387 2909,1312 2841,1339 2783,1306 2733,1355 2578,1299 2481,1364 2225,1310 2034,1371 1881,1335"/>
                <Baseline points="1889,1397 1939,1397 1990,1395 2041,1395 2091,1394 2142,1394 2193,1392 2243,1391 2294,1389 2345,1389 2396,1388 2446,1386 2497,1385 2548,1384 2598,1383 2649,1382 2700,1380 2750,1380 2801,1379 2852,1379 2903,1379"/>
                <TextEquiv>
                    <Unicode>fangnr Elßbeth Knentzen sampt ihr muter seye</Unicode>
                </TextEquiv>
            </TextLine>
            <TextLine id="r3l13" custom="readingOrder {index:12;}">
                <Coords points="1874,1508 2072,1474 2217,1518 2276,1475 2389,1509 2432,1473 2601,1457 2679,1494 2893,1470 2892,1431 2674,1390 2604,1439 2551,1398 2480,1446 2436,1408 2379,1447 2253,1408 2041,1451 1951,1402 1872,1440"/>
                <Baseline points="1880,1479 1930,1478 1980,1476 2030,1475 2081,1473 2131,1472 2181,1470 2231,1469 2282,1467 2332,1466 2382,1464 2432,1463 2483,1463 2533,1461 2583,1461 2633,1460 2684,1460 2734,1458 2784,1458 2834,1458 2885,1458"/>
                <TextEquiv>
                    <Unicode>hinder einem zuhr geseßen unnd ihmme den</Unicode>
                </TextEquiv>
            </TextLine>
            <TextLine id="r3l14" custom="readingOrder {index:13;}">
                <Coords points="1885,1564 2048,1556 2088,1587 2139,1546 2359,1571 2515,1543 2560,1579 2611,1540 2856,1555 2855,1475 2709,1513 2602,1458 2399,1519 2292,1476 2209,1524 2094,1476 1989,1521 1885,1515"/>
                <Baseline points="1892,1548 1939,1548 1987,1550 2035,1550 2083,1550 2131,1549 2179,1548 2226,1547 2274,1547 2322,1545 2370,1544 2418,1542 2466,1541 2514,1539 2561,1538 2609,1538 2657,1538 2705,1536 2753,1536 2801,1537 2849,1538"/>
                <TextEquiv>
                    <Unicode>guggen kehrt undt habe die tochter ein wyß</Unicode>
                </TextEquiv>
            </TextLine>
            <TextLine id="r3l15" custom="readingOrder {index:14;}">
                <Coords points="1879,1641 2396,1620 2509,1654 2610,1618 2815,1645 2919,1627 2918,1541 2717,1540 2594,1596 2431,1548 2378,1585 2329,1546 2245,1579 2140,1546 2081,1600 1945,1556 1878,1585"/>
                <Baseline points="1886,1625 1937,1625 1988,1626 2039,1625 2091,1625 2142,1625 2193,1623 2245,1623 2296,1622 2347,1621 2399,1620 2450,1619 2501,1617 2552,1617 2604,1616 2655,1614 2706,1614 2758,1613 2809,1613 2860,1613 2912,1613"/>
                <TextEquiv>
                    <Unicode>lädernen seckel mit rothen schiüren undt zotten</Unicode>
                </TextEquiv>
            </TextLine>
            <TextLine id="r3l16" custom="readingOrder {index:15;}">
                <Coords points="1881,1722 1995,1697 2122,1752 2241,1702 2325,1737 2392,1701 2620,1692 2765,1730 2839,1695 2906,1714 2905,1628 1880,1657"/>
                <Baseline points="1887,1695 1937,1697 1988,1699 2038,1700 2089,1701 2139,1701 2190,1703 2240,1701 2291,1701 2341,1701 2392,1700 2443,1700 2493,1698 2544,1698 2594,1697 2645,1697 2695,1695 2746,1695 2796,1695 2847,1695 2898,1695"/>
                <TextEquiv>
                    <Unicode>under absich ghan unndt das gelt ie ihr scheuben,</Unicode>
                </TextEquiv>
            </TextLine>
            <TextLine id="r3l17" custom="readingOrder {index:16;}">
                <Coords points="1895,1805 1976,1772 2104,1832 2271,1787 2473,1827 2519,1784 2770,1798 2854,1768 2854,1698 2719,1746 2620,1691 2578,1722 2393,1706 2334,1737 2217,1713 2089,1760 2031,1707 1896,1730"/>
                <Baseline points="1902,1773 1949,1773 1996,1775 2043,1775 2091,1776 2138,1778 2185,1778 2232,1779 2280,1779 2327,1781 2374,1781 2421,1781 2469,1781 2516,1781 2563,1781 2610,1781 2658,1779 2705,1779 2752,1778 2799,1776 2847,1775"/>
                <TextEquiv>
                    <Unicode>gelährt, auch selbiges beidersyths betrachtet</Unicode>
                </TextEquiv>
            </TextLine>
            <TextLine id="r3l18" custom="readingOrder {index:17;}">
                <Coords points="1881,1860 2023,1851 2084,1891 2160,1853 2365,1859 2436,1907 2527,1862 2600,1902 2683,1854 2863,1897 2917,1865 2917,1795 2693,1783 2583,1831 2520,1784 2474,1828 2189,1797 2152,1832 2017,1776 1881,1797"/>
                <Baseline points="1887,1847 1938,1847 1989,1848 2040,1850 2091,1850 2142,1851 2193,1851 2245,1853 2296,1853 2347,1854 2398,1854 2449,1854 2500,1854 2551,1854 2603,1854 2654,1854 2705,1854 2756,1853 2807,1853 2858,1851 2910,1850"/>
                <TextEquiv>
                    <Unicode>undt seye seines erachtens fast ein hut voll grose</Unicode>
                </TextEquiv>
            </TextLine>
            <TextLine id="r3l19" custom="readingOrder {index:18;}">
                <Coords points="1886,1940 2431,1931 2485,1970 2544,1931 2662,1929 2733,1982 2877,1922 2827,1866 2775,1897 2687,1854 2606,1907 2437,1909 2329,1862 2172,1855 2116,1902 2023,1851 1887,1862"/>
                <Baseline points="1893,1923 1941,1925 1990,1925 2039,1926 2088,1926 2137,1926 2186,1928 2234,1928 2283,1928 2332,1928 2381,1928 2430,1928 2479,1928 2528,1928 2576,1928 2625,1928 2674,1928 2723,1928 2772,1928 2821,1929 2870,1929"/>
                <TextEquiv>
                    <Unicode>undt kleine stuck aller durch ein ander gsin</Unicode>
                </TextEquiv>
            </TextLine>
            <TextLine id="r3l20" custom="readingOrder {index:19;}">
                <Coords points="1885,2016 2091,2058 2498,1994 2548,2032 2871,2010 2871,1961 2806,1947 2733,1982 2639,1936 2544,1931 2493,1970 2448,1939 2398,1973 2266,1928 1885,1956"/>
                <Baseline points="1892,2001 1940,2003 1989,2004 2037,2006 2086,2006 2135,2007 2183,2008 2232,2009 2280,2009 2329,2009 2378,2009 2426,2009 2475,2009 2523,2007 2572,2007 2621,2007 2669,2007 2718,2007 2766,2006 2815,2006 2864,2006"/>
                <TextEquiv>
                    <Unicode>welches eo sehr möhl von der loche deß baumb</Unicode>
                </TextEquiv>
            </TextLine>
            <TextLine id="r3l21" custom="readingOrder {index:20;}">
                <Coords points="1907,2127 2012,2091 2084,2132 2261,2084 2378,2132 2598,2129 2703,2088 2893,2105 2894,2051 2654,2062 2621,2034 2476,2067 2298,2016 2079,2058 1908,2025"/>
                <Baseline points="1914,2081 1962,2081 2011,2081 2059,2081 2108,2081 2157,2081 2205,2082 2254,2082 2302,2082 2351,2084 2400,2084 2448,2084 2497,2085 2545,2085 2594,2085 2643,2085 2691,2085 2740,2085 2788,2084 2837,2084 2886,2082"/>
                <TextEquiv>
                    <Unicode>iihm mögen, da doch sy bewenseths seinen gan</Unicode>
                </TextEquiv>
            </TextLine>
            <TextLine id="r3l22" custom="readingOrder {index:21;}">
                <Coords points="1877,2164 1994,2192 2071,2162 2211,2209 2289,2161 2582,2200 2702,2163 2785,2204 2850,2180 2851,2099 2702,2087 2617,2144 2322,2125 2279,2086 2153,2133 2010,2092 1958,2134 1878,2125"/>
                <Baseline points="1884,2154 1934,2156 1984,2157 2035,2157 2085,2158 2136,2159 2186,2159 2237,2159 2287,2159 2338,2160 2388,2160 2439,2160 2489,2160 2540,2160 2590,2162 2641,2162 2691,2163 2742,2163 2792,2165 2843,2166"/>
                <TextEquiv>
                    <Unicode>nit seyen gewahr worden, unnd habind sy sich</Unicode>
                </TextEquiv>
            </TextLine>
            <TextLine id="r3l23" custom="readingOrder {index:22;}">
                <Coords points="1876,2251 1961,2193 2197,2247 2350,2233 2390,2267 2608,2233 2841,2274 2827,2172 2782,2206 2698,2163 2513,2210 2437,2167 2335,2204 2291,2161 2211,2209 2074,2163 1877,2165"/>
                <Baseline points="1883,2226 1930,2226 1978,2226 2025,2228 2073,2228 2121,2228 2168,2229 2216,2229 2263,2230 2311,2231 2359,2231 2406,2232 2454,2232 2501,2234 2549,2234 2597,2234 2644,2235 2692,2235 2739,2235 2787,2237 2835,2237"/>
                <TextEquiv>
                    <Unicode>sich still gehalten wylen das orth mo sy</Unicode>
                </TextEquiv>
            </TextLine>
            <TextLine id="r3l24" custom="readingOrder {index:23;}">
                <Coords points="1882,2311 2522,2306 2668,2317 2727,2363 2782,2313 2860,2321 2860,2280 2706,2282 2631,2234 2499,2239 2455,2278 2350,2233 2231,2272 2106,2229 1883,2269"/>
                <Baseline points="1890,2292 1938,2295 1986,2297 2034,2298 2082,2300 2130,2301 2178,2303 2227,2303 2275,2304 2323,2304 2371,2306 2419,2306 2467,2306 2515,2306 2564,2307 2612,2307 2660,2307 2708,2307 2756,2307 2804,2306 2853,2306"/>
                <TextEquiv>
                    <Unicode>geseßen hatt am holtz wegn unndt nurei</Unicode>
                </TextEquiv>
            </TextLine>
            <TextLine id="r3l25" custom="readingOrder {index:24;}">
                <Coords points="1877,2384 2018,2408 2112,2380 2170,2418 2215,2380 2255,2416 2340,2382 2383,2411 2619,2379 2918,2401 2928,2330 2806,2310 2722,2362 2622,2314 2568,2346 2520,2306 2352,2342 2065,2298 1878,2322"/>
                <Baseline points="1884,2364 1935,2367 1987,2369 2039,2370 2091,2372 2142,2373 2194,2373 2246,2375 2298,2376 2349,2376 2401,2378 2453,2378 2505,2379 2556,2381 2608,2381 2660,2382 2712,2384 2763,2385 2815,2387 2867,2388 2919,2390"/>
                <TextEquiv>
                    <Unicode>keine hole zwischen gedütegen wer undt dem</Unicode>
                </TextEquiv>
            </TextLine>
            <TextLine id="r3l26" custom="readingOrder {index:25;}">
                <Coords points="1888,2477 1997,2493 2145,2444 2317,2503 2442,2452 2621,2460 2686,2509 2749,2460 2869,2475 2839,2399 2748,2431 2675,2378 2555,2428 2507,2384 2459,2427 2354,2382 2281,2420 2212,2384 2134,2427 2067,2380 1991,2422 1950,2381 1890,2390"/>
                <Baseline points="1896,2438 1944,2440 1992,2442 2040,2442 2089,2444 2137,2445 2185,2445 2234,2447 2282,2447 2330,2448 2379,2448 2427,2450 2475,2450 2523,2451 2572,2451 2620,2452 2668,2453 2717,2454 2765,2456 2813,2456 2862,2457"/>
                <TextEquiv>
                    <Unicode>zuhe seye. Alß er sich nun umb etwas da</Unicode>
                </TextEquiv>
            </TextLine>
            <TextLine id="r3l27" custom="readingOrder {index:26;}">
                <Coords points="1877,2536 2000,2516 2081,2564 2210,2526 2617,2531 2862,2587 2864,2471 2837,2461 2683,2512 2568,2459 2433,2500 2187,2488 2077,2444 1992,2494 1878,2486"/>
                <Baseline points="1884,2513 1932,2514 1981,2514 2029,2516 2078,2516 2127,2517 2175,2517 2224,2519 2272,2520 2321,2520 2370,2522 2418,2523 2467,2524 2515,2525 2564,2526 2613,2528 2661,2528 2710,2529 2758,2531 2807,2531 2856,2532"/>
                <TextEquiv>
                    <Unicode>gesumbt seye er widerumb hinnder gestigen</Unicode>
                </TextEquiv>
            </TextLine>
            <TextLine id="r3l28" custom="readingOrder {index:27;}">
                <Coords points="1888,2594 2096,2622 2169,2592 2231,2641 2334,2596 2437,2639 2533,2606 2901,2630 2922,2551 2808,2536 2735,2582 2618,2586 2528,2537 2393,2575 2287,2570 2234,2528 2140,2564 2032,2522 1890,2529"/>
                <Baseline points="1895,2586 1945,2586 1996,2588 2047,2589 2098,2589 2149,2591 2200,2592 2250,2594 2301,2595 2352,2597 2403,2598 2454,2600 2505,2601 2556,2604 2606,2606 2657,2607 2708,2609 2759,2611 2810,2612 2861,2615 2912,2616"/>
                <TextEquiv>
                    <Unicode>undt sein straß gangen, habe auch niemandt</Unicode>
                </TextEquiv>
            </TextLine>
            <TextLine id="r3l29" custom="readingOrder {index:28;}">
                <Coords points="1891,2678 2221,2696 2266,2670 2319,2718 2391,2677 2487,2724 2544,2688 2928,2706 2913,2639 2733,2609 2592,2651 2505,2614 2430,2644 2335,2596 2217,2644 1992,2584 1893,2631"/>
                <Baseline points="1899,2657 1950,2660 2001,2662 2052,2664 2103,2667 2154,2669 2205,2670 2257,2672 2308,2673 2359,2676 2410,2677 2461,2678 2512,2681 2563,2682 2615,2684 2666,2685 2717,2688 2768,2691 2819,2693 2870,2696 2922,2699"/>
                <TextEquiv>
                    <Unicode>nichts darvon gesagt alß seines brudrers myb</Unicode>
                </TextEquiv>
            </TextLine>
            <TextLine id="r3l30" custom="readingOrder {index:29;}">
                <Coords points="1868,2738 2928,2789 2931,2727 2743,2743 2642,2695 2316,2721 2267,2669 1870,2693"/>
                <Baseline points="1875,2729 1927,2730 1979,2731 2032,2733 2084,2735 2136,2738 2189,2739 2241,2741 2293,2742 2346,2745 2398,2747 2450,2749 2503,2751 2555,2753 2607,2756 2660,2758 2712,2760 2764,2762 2817,2764 2869,2766 2922,2768"/>
                <TextEquiv>
                    <Unicode>da er heimbkommen. Denne 2 oder 3 tag dar</Unicode>
                </TextEquiv>
            </TextLine>
            <TextLine id="r3l31" custom="readingOrder {index:30;}">
                <Coords points="1894,2828 2367,2813 2442,2871 2521,2827 2895,2843 2896,2815 2769,2762 2650,2798 2606,2756 2479,2751 2365,2800 2290,2792 2245,2746 2153,2786 2055,2735 1896,2774"/>
                <Baseline points="1902,2799 1951,2802 2000,2805 2050,2807 2099,2810 2148,2812 2198,2814 2247,2815 2296,2816 2346,2818 2395,2819 2444,2820 2494,2822 2543,2823 2592,2825 2642,2827 2691,2829 2740,2831 2790,2834 2839,2836 2889,2840"/>
                <TextEquiv>
                    <Unicode>nach andres supp, da sy mit einanderen</Unicode>
                </TextEquiv>
            </TextLine>
            <TextLine id="r3l32" custom="readingOrder {index:31;}">
                <Coords points="1882,2905 2225,2890 2426,2935 2526,2897 2596,2940 2703,2901 2895,2934 2924,2878 2803,2828 2743,2871 2633,2833 2417,2875 2257,2811 2107,2859 1933,2826 1884,2851"/>
                <Baseline points="1890,2874 1941,2878 1992,2881 2043,2883 2095,2886 2146,2889 2197,2889 2249,2892 2300,2892 2351,2894 2403,2895 2454,2897 2505,2898 2556,2898 2608,2900 2659,2902 2710,2903 2762,2906 2813,2908 2864,2911 2916,2915"/>
                <TextEquiv>
                    <Unicode>an einem sontag in sein ruppenkeller</Unicode>
                </TextEquiv>
            </TextLine>
            <TextLine id="r3l33" custom="readingOrder {index:32;}">
                <Coords points="1876,2993 1916,3007 1993,2958 2205,3022 2308,2977 2421,3023 2467,2988 2593,2988 2670,3041 2765,2989 2876,3010 2903,2972 2701,2900 2597,2938 2521,2899 2260,2954 2166,2902 2003,2935 1949,2891 1879,2911"/>
                <Baseline points="1884,2957 1934,2958 1985,2961 2035,2963 2086,2965 2136,2967 2187,2969 2237,2970 2288,2972 2338,2973 2389,2976 2440,2977 2490,2979 2541,2981 2591,2982 2642,2984 2692,2986 2743,2988 2793,2990 2844,2992 2895,2994"/>
                <TextEquiv>
                    <Unicode>gsin. Darüber sy auch zum jr lvost gang</Unicode>
                </TextEquiv>
            </TextLine>
            <TextLine id="r3l34" custom="readingOrder {index:33;}">
                <Coords points="1867,3048 1915,3039 1956,3082 2040,3041 2212,3099 2317,3070 2473,3112 2638,3066 2781,3116 2831,3080 2928,3090 2931,3029 2760,2993 2673,3038 2490,2987 2347,3029 2011,2972 1959,3016 1869,2997"/>
                <Baseline points="1874,3030 1926,3033 1978,3036 2031,3039 2083,3041 2136,3044 2188,3045 2240,3047 2293,3050 2345,3051 2398,3053 2450,3055 2502,3057 2555,3059 2607,3062 2660,3065 2712,3068 2764,3071 2817,3073 2869,3077 2922,3083"/>
                <TextEquiv>
                    <Unicode>den solches durch seinen schryber verseichnen</Unicode>
                </TextEquiv>
            </TextLine>
            <TextLine id="r3l35" custom="readingOrder {index:34;}">
                <Coords points="1880,3157 1906,3152 1913,3160 1935,3159 1980,3129 2020,3120 2037,3125 2050,3115 2062,3116 2064,3100 2048,3104 2033,3095 2016,3098 1984,3058 1954,3082 1915,3037 1899,3050 1891,3049"/>
                <Baseline points="1893,3104 1920,3106 1947,3111 1974,3113 2001,3116 2028,3118 2055,3119"/>
                <TextEquiv>
                    <Unicode>lasen</Unicode>
                </TextEquiv>
            </TextLine>
            <TextLine id="r3l36" custom="readingOrder {index:35;}">
                <Coords points="1812,3211 2168,3209 2203,3245 2257,3210 2380,3268 2457,3221 2505,3266 2658,3228 2818,3289 2883,3245 2940,3270 2943,3210 2788,3140 2603,3201 2551,3162 2457,3180 2376,3118 2221,3171 2094,3130 1983,3176 1817,3123"/>
                <Baseline points="1821,3186 1876,3191 1932,3195 1987,3199 2043,3202 2099,3205 2154,3209 2210,3210 2266,3214 2321,3216 2377,3219 2433,3222 2488,3224 2544,3227 2600,3228 2655,3231 2711,3234 2767,3236 2822,3238 2878,3241 2934,3243"/>
                <TextEquiv>
                    <Unicode>Da nun abermahlen über disen empfangmen</Unicode>
                </TextEquiv>
            </TextLine>
            <TextLine id="r3l37" custom="readingOrder {index:36;}">
                <Coords points="1866,3276 2524,3291 2553,3324 2774,3298 2857,3356 2926,3347 2931,3241 2830,3292 2673,3229 2524,3273 2465,3234 2368,3264 2318,3218 2202,3246 2166,3208 1869,3202"/>
                <Baseline points="1874,3261 1926,3263 1978,3267 2031,3269 2083,3272 2135,3274 2188,3277 2240,3279 2292,3282 2345,3284 2397,3286 2449,3288 2502,3291 2554,3294 2606,3296 2659,3300 2711,3303 2763,3306 2816,3309 2868,3312 2921,3317"/>
                <TextEquiv>
                    <Unicode>bericht muter und tochter ein dedes mnerst</Unicode>
                </TextEquiv>
            </TextLine>
            <TextLine id="r3l38" custom="readingOrder {index:37;}">
                <Coords points="1871,3362 1948,3334 2068,3383 2139,3335 2283,3378 2519,3367 2580,3410 2685,3379 2910,3394 2911,3361 2774,3298 2705,3328 2643,3297 2578,3337 2520,3291 2440,3337 2387,3291 2283,3322 2205,3277 2146,3305 2046,3275 1998,3307 1951,3266 1876,3273"/>
                <Baseline points="1880,3336 1931,3338 1982,3338 2033,3341 2084,3342 2135,3343 2186,3345 2238,3348 2289,3351 2340,3353 2391,3356 2442,3359 2493,3362 2544,3365 2596,3368 2647,3371 2698,3374 2749,3377 2800,3380 2851,3383 2903,3386"/>
                <TextEquiv>
                    <Unicode>sonderbahr hernach aber mit confrontierun</Unicode>
                </TextEquiv>
            </TextLine>
            <TextLine id="r3l39" custom="readingOrder {index:38;}">
                <Coords points="1863,3429 2135,3429 2343,3484 2530,3447 2864,3461 2897,3456 2901,3379 2650,3414 2365,3360 2217,3389 2161,3347 2074,3389 2037,3358 1865,3374"/>
                <Baseline points="1871,3407 1922,3408 1973,3409 2024,3411 2075,3413 2126,3414 2177,3417 2228,3419 2279,3422 2330,3425 2381,3427 2432,3430 2483,3432 2534,3435 2585,3437 2636,3440 2687,3443 2738,3444 2789,3446 2840,3448 2891,3450"/>
                <TextEquiv>
                    <Unicode>disers knaben ernsthafft exrminiert der</Unicode>
                </TextEquiv>
            </TextLine>
            <TextLine id="r3l40" custom="readingOrder {index:39;}">
                <Coords points="2719,3546 2729,3545 2739,3555 2757,3555 2766,3547 2781,3554 2790,3546 2830,3548 2860,3534 2878,3536 2881,3475 2870,3475 2831,3497 2827,3492 2810,3493 2767,3459 2749,3467 2738,3460 2723,3463"/>
                <Baseline points="2727,3521 2755,3523 2784,3525 2813,3527 2842,3527 2871,3527"/>
                <TextEquiv>
                    <Unicode>knab</Unicode>
                </TextEquiv>
            </TextLine>
            <TextEquiv>
                <Unicode>43.
Hanß Hinder vor Hilzerfingen alß mel
hra von disen entwendten reißgelteren
noch anderen bericht geben konne. Vnndt
hat selbiger den 28. diß anzeigt
Daß er voretwas mehr alß einem jahr
Da er gangen melcher arns räben ze schiiden
und underwegs an einem orth im abeit
genant uff ein kirßbaum gestigen kirsen
Zeeßen habe er ein kleinen steinwurff
Weyt vor disem baum gesechen, daß dise ge-
fangnr Elßbeth Knentzen sampt ihr muter seye
hinder einem zuhr geseßen unnd ihmme den
guggen kehrt undt habe die tochter ein wyß
lädernen seckel mit rothen schiüren undt zotten
under absich ghan unndt das gelt ie ihr scheuben,
gelährt, auch selbiges beidersyths betrachtet
undt seye seines erachtens fast ein hut voll grose
undt kleine stuck aller durch ein ander gsin
welches eo sehr möhl von der loche deß baumb
iihm mögen, da doch sy bewenseths seinen gan
nit seyen gewahr worden, unnd habind sy sich
sich still gehalten wylen das orth mo sy
geseßen hatt am holtz wegn unndt nurei
keine hole zwischen gedütegen wer undt dem
zuhe seye. Alß er sich nun umb etwas da
gesumbt seye er widerumb hinnder gestigen
undt sein straß gangen, habe auch niemandt
nichts darvon gesagt alß seines brudrers myb
da er heimbkommen. Denne 2 oder 3 tag dar
nach andres supp, da sy mit einanderen
an einem sontag in sein ruppenkeller
gsin. Darüber sy auch zum jr lvost gang
den solches durch seinen schryber verseichnen
lasen
Da nun abermahlen über disen empfangmen
bericht muter und tochter ein dedes mnerst
sonderbahr hernach aber mit confrontierun
disers knaben ernsthafft exrminiert der
knab</Unicode>
            </TextEquiv>
        </TextRegion>
    </Page>
</PcGts>
