3024 4032
170 517 265 618 82
338 594 422 707 7.
339 1440 424 1524 9
362 1726 438 1819 10
367 1149 439 1249 8
485 545 1368 701 habe in dem sente Tompfli vffen
476 651 1373 779 hinderen berg nachts d Inspen genommen
476 713 1372 824 men die er auch verdrobt Io dem er die
479 785 1379 914 lyi uff den boden geschittlet undt das hein
479 853 1352 980 sampt den maxen nach hauß getragen.
481 918 1406 1042 undt selbiges mit sonder frauwen sel undt
458 986 1339 1121 Stiefffeigen, so ihre zu disem diebstahl
476 1058 1008 1197 angereitzet uffbrucht.
478 1162 1385 1295 Habe er auch ein kul gemölchen undt
497 1241 1359 1370 ein zuerer Martigs bacheli voll Milch
469 1310 863 1405 darvon bekomen.
485 1380 1348 1523 Wyters habe er Hanß Sali by einem
482 1473 1361 1578 maß ruben genomen, wie auch zu
497 1535 1346 1656 zythen by nacht etwan ein heit vollen
498 1620 1224 1732 obs ab den bonmen gewunnen.
459 1694 1367 1823 An ysenwerck habe er gar nichts ent-
494 1777 1384 1898 wendet alß dem schmidt in alt roßysen
500 1851 1396 1966 so er hernach (rev zu seinen schuen gebracht.
448 1943 1393 2057 dißsene nun alleß mas er seines mußens
495 2006 1350 2124 entwendt habe, darumb er gottendt
504 2077 1367 2201 iin gnädige oberkeit demütigist umb
489 2146 863 2255 verhichung betten.
2663 342 2758 451 83.
1742 424 2543 660 olangertu sertr.
1729 665 2776 886 lach demme dise tirnen wegen geführ,
1712 785 2705 952 ten ergenlichen labmasens zuegst in
1706 852 2790 1022 die chorgrichtliche gefangenschafft kommen und
1729 952 2724 1108 ein zyth lang da verbuiben, ernach aber
1730 989 2782 1193 wegen villen verdächtigen ehebruchen und
1711 1089 2767 1266 darby erzeigter großen hantnffligkeit in
1728 1172 2794 1340 die obere gefangenschafft geführt, auch da¬
1750 1245 2802 1386 selbst den 20. julii 1670 durch mhr santas
1733 1316 2797 1489 herren imtooff und herren groß Meibel Willa
1738 1405 2759 1551 ding In bisein herren alt schuldthrrn stattler
1721 1498 2795 1654 herrn vogt ernst ju Sebastian von Dießbach
1732 1583 2759 1742 herren seklelschayber Thorman undt anderen
1755 1655 2822 1818 meiner ir der burgenen mehr gantz ernsthafft
1746 1749 2815 1897 examiniert worden. hat sy uff underschiden
1755 1831 2796 1985 liche an sy getruckte fragen volgenden be-
1771 1942 2056 2052 heidt geben.
1755 1998 2792 2129 daß sy nunmehr ihres alters by 21 jahren.
1750 2101 2813 2226 undt sich bißher by ihren elteren alhier an
1732 2181 2759 2322 der spitahlgaßon uffgehalten, alled sy
1769 2252 2802 2393 sich mit läbtuchen und spitzli machen best,
2437 2352 2800 2465 Weße von
1771 2349 2436 2470 müglich durch gebracht habe.
1753 2415 2799 2560 keinem tühlen inzug nichts zesagen noch
1773 2511 2791 2635 von einichem mutwilligen labwesen so by
1753 2581 2769 2709 ihrem hauß umben seye verëbt worden
1761 2652 2810 2791 usert daß unlengst jenge undt fürnemmen
1770 2749 2800 2883 burß nachts by ihrem hauß angekloptet
1778 2824 2762 2955 undt einanderen vorem hauß getuinlet
1773 2911 2522 3028 Wer sy aber seyen wüße sy nit.
1771 2983 2820 3129 H aud jenner seye zwar einest by nacht
1781 3062 2831 3194 truucker mus zu ihr kommen undt ungeben
1796 3147 2732 3265 sich mit ihr umbgangen, habe aber nichts
1795 3205 2811 3354 mürcklichs volbracht Worumb sy zu erst
1803 3283 2653 3424 am ehorgricht die that selbsten bekent
2693 3311 2766 3431 bys
2707 3394 2797 3491 die
