3024 4032
339 665 483 746 den
593 484 1512 703 nachen thun welle er sy mohl gang beim
594 583 1511 790 trellen gweß den hren ud ihn beschi
506 656 1524 849 Daauff sy ihmme nach mas ervolgen lasen
571 726 1522 938 unnd habe auch der Maldamman seinen knacht
568 813 1508 990 odpr Bubli die erste mühli fahrt ze fehren selbe
560 874 1502 1054 befohlen, uß der mehli aber habind sy es under
574 959 1527 1131 uumb ins Waldamans hauß geführt, in de
577 1030 1503 1187 stuben da er Waldaman sein frauw undt
584 1103 1511 1279 ein überig haußgesind gsin seye, gestelt auch
571 1186 1518 1363 selbiges by nacht da bemelte haußgenoßen
561 1271 1135 1409 nochgespunnen abgehalt.
526 1392 1510 1550 Ober diß habend sy die troscher noch verners
547 1475 1522 1624 von disem heenden sein deß Maldamans fo
564 1560 1518 1704 an haber funff mas geben, darfür sy 2 lein
562 1629 1074 1767 ben brott empfangen.
547 1761 1466 1956 Peter deß Waldhmans bußmen, so hinden
564 1882 1506 2033 Im Stöefli mohnt undt syndre Troscher auch ges
559 1948 1437 2097 frage ob sy ihmme nit etwas gewacht umb
552 2029 1463 2181 endler geben könnund, habe auch acht man
540 2096 1457 2249 haber bekommen, dagfür sy writthalben mac
555 2189 1441 2335 eydlen unnd 18 batzen an gelt empfangen.
496 2329 1491 2493 Rieli von Himmegwaldt Christen stryts sehen
544 2440 1465 2574 mannd so harm der ergste anstiffter unduff
545 2497 1461 2624 Wüser nach keines wregs mit disen depovillus
521 2548 1458 2713 und gestahlnem gewachs zeersettigte gsin
538 2635 1471 2773 seye, habe empfangen 31 mas tyrn 1 mat
541 2706 1434 2857 arbs 2 mas garsten, etwas beßer alßo
546 2784 1449 2921 ein halb mas Roggen unnd 27 mas haber
511 2844 1430 2996 darfür er 12 bayen und seine gespanen
566 2931 1447 3057 chaler. Ins gemein aber darzu 10 leib
536 2994 1464 3133 troft bekommen. Diser habe auch über deß
530 3067 1452 3222 Waldamans erste uffwysung sy zum zwey
533 3143 1442 3298 ten mahl angemahet mesli zefahren und
513 3227 1444 3380 habe ihnen auch die ersten mühlifahrt gebachen.
1271 3344 1437 3452 Datfur
2859 403 2934 485 23
1845 546 2933 718 darfür sy ihmmen für holten salz unnd bacherlohn
1875 675 2903 768 12. Burdenen ftrauw geben, welches er doch
1892 722 2894 848 alleß mit geschetzt. Uber diß habe er ihne
1885 799 2880 920 auch einist angemuchtet die zeiti wüscheten
1890 877 2854 1016 ze geben, welches by nachem zwe met gsin.
1893 1002 2916 1157 hristen Hugi, so auch geholffen troschen undt
1885 1101 2919 1233 In deßen ghauß der nidermehreren zeeeden
1888 1170 2837 1312 gelegen habe ihnen den tröschegen, da sy sich
1888 1245 2925 1395 erklagt, daß sy mir ein woren weilenhan
1900 1321 2896 1466 and angeben, er könne ihnen wohl etwas
1894 1430 2926 1541 an mus geben wo er dargegen etwas gemacht
1879 1482 2853 1633 von ihnen bekommen, daruff sy ihme nder
1895 1539 2929 1694 zweyen mahlen 17 mas haber 9 mas korn
1894 1654 2883 1780 1. Mas garsten unnd ein mas arbs geben.
1876 1724 2913 1871 welches alleß ihmme gelifferet worden im
1894 1825 2884 1958 bysein aller troscheren ußgenommen Hanß
1884 1899 2920 2048 Gurtners unnd habe er anders nüt daruß
1892 2000 2890 2128 laßen gahn, alß für den haber 10 l für
2641 2077 2907 2175 kind arbs
1856 2077 2525 2198 das konn 15 l und 5 brott.
1876 2162 2934 2291 uand garsten das eus undt darzu zwolff
1885 2244 2922 2380 burdenen straum fovon zweyen Tenneten
1863 2333 1989 2427 gsin.
1862 2401 2918 2554 Melcker deß nechtgemelten Christen Henig
1872 2492 2919 2631 knecht so auch sampt seinem m geholffen
1877 2570 2923 2694 tröschen undt by h Jerennas Müller in mer
1880 2656 2938 2784 sagt seye, alß solte er by 65 garben vom Nider
1883 2727 2921 2854 muhleren geenden, Itum noch 78 hom ober
1876 2794 2929 2918 muhleren geenden entwendt haben, wylen er
1874 2872 2879 3014 darmit umbgangen und sy ab dem solder
1870 2959 2882 3113 geworffen, habe von den arbsen so dem
1871 3031 2888 3182 Stueli worden 3 bag bekommen undt von
1888 3114 2834 3249 obigen 5 mag korn, so bemelter Stucki
1877 3187 2947 3363 empfangen auch etwas wüßenschaffts ghan
1890 3268 2837 3411 sonst so vill ihme sigler in weßen von
1891 3352 2406 3486 keiner anderen sach nit.
2690 3428 2867 3522 der
