3024 4032
245 420 303 500 20
186 1228 513 1346 Den 23 et 27. decebris.
269 1305 379 1389 1675.
558 445 930 591 Ulli Bigler
569 545 920 697 Peter kuntz.
1077 646 1477 772 alß Troscher von
552 638 1065 802 Hanß undt tilli Pfister
1099 730 1535 862 oi, vnd ider Mahten
550 742 985 860 Bendicht Müller.
547 831 987 965 Hanß Gnoteer.
510 985 1505 1143 Nach demme obige wöscher, so husteremias mul
523 1086 1490 1221 ler an seinem empfangnen seheden zu Ober und
527 1150 1492 1276 Nidermuhleren ein namhaffts angemacht veren,
536 1219 1495 1346 ereüwet, darumb incarceriert und volgendts
506 1283 1477 1410 durch mhhn raths herren Bundeli und herren großwene
535 1355 1502 1467 bes Milladin disers diebstahls halber nach aller
534 1427 1502 1560 eonst befragt worden, habend selbige volgende sech
533 1495 680 1595 bekent.
491 1573 1464 1725 Erstlich hat Uelli Bigler von Osfermundigen der
532 1667 1469 1798 Da disers daebstahls die meiste wüßenschafft
533 1743 1484 1862 haben soll anzeigt, alß er vor etwas zisths neben
545 1812 1486 1942 einen gespanen, dem Rleschenmacher vnd Peter
521 1871 1508 2006 kuntz hrren Müllers hußean wie auch Pete Pfister
539 1940 1450 2072 so sich jetz fluchtig gemacht ain nidermuhleren
539 2017 1474 2148 zeenden getroschet, habe under anderen Hanß
517 2101 1490 2212 Pfister welcher ußem nüderlandt kommen gesaegt
521 2161 1457 2295 wylen sy so gar wenig z lohn habind köntend sy es
523 2238 1462 2360 wohl umb etwas mit dem gewachs erbeßenen.
487 2299 1475 2450 daruff einer under ihnen der fleschenmacher ges
516 2377 1439 2503 eant (so sonst ihnen von Hon Jepenias Müller
515 2436 1463 2585 zur uffsicht bestelt gsin) gesagt ich helffe etwan
503 2516 1452 2665 dem gegen, alß in deßen huß sy geßen und da
517 2590 1460 2723 mahls geeroschet, darvon geben, Dargegen aber
526 2662 1478 2791 Hu Mallers Haßman Nammens Peter kuntz sone
530 2740 1446 2882 der leng genant, gesagt es dörffte Ihnen vbel
518 2827 1491 2939 gahn wan man hernach druff kame. Darub
515 2871 1462 3032 er sigler undt seine übrige gesponen geant,
517 2943 1470 3101 wortet es werde ihnen eben nit ußkommen und
510 3008 1469 3184 Im übrigen sich mit ihnen gehalffen erggeychen
518 3085 1440 3243 nit anzegeben wie manse glnben sy getroschet.
504 3165 1485 3323 von welchem betteren doch Hanß Pfister der enste
510 3240 1444 3393 geredt) undt habind sy die troscher sich an disem
1305 3370 1472 3472 zeenden.
2865 420 2917 502 2
1876 528 2904 686 zeenden zu underschidenlichen mahlen ver-
1873 625 2865 748 griffen wieer hernach anzeigen wolle wan
1867 689 2881 795 der eint undtandere darvon bekommen habe.
1820 759 2881 897 Nach disem habind sy am obarmuhleren zenden
1879 817 2904 968 auch getroschet, da der Maldamman Striff zu
1875 910 2916 1031 zweyen underschidenlichen mahlen daher kommen
1873 965 2919 1103 mit ihnengesprachet undt beide mahl fast mit
1864 1043 2890 1176 glychen morken gefragt, ob es mohleßgebe.
1852 1112 2876 1243 daruff sy geantwortet es gebe Gott lob
1864 1204 2917 1322 wohl uß und werden wohl mögen gegen dem
1870 1270 2846 1400 hos bestahn. Darüber ferners gefragt
1866 1347 2907 1480 Was sy zu lohn habind habe einer gemeldet wee
1867 1429 2838 1538 ing genug ein cronen un wuchen da habe
1864 1492 2877 1631 Wald aman gesagt, ob sy nit smühli gebind
1846 1571 2895 1695 daruff einer geantwortet sy dörffind nit
1856 1649 2929 1738 Waldammn aber repliciert, desto narscher sind
1878 1716 2902 1837 ihr es weren nit bald vier die es nit theten
1863 1788 2908 1927 vnnd wann sy es einanderen könnind ver¬
1861 1881 2847 2001 schwegen wolle ers ihnen nit ußbringen.
1856 1945 2906 2080 dne orscoursen seyen vnder anderem In deß
1855 2045 2852 2170 Muldammans eigmemhauß, da die jeend
1865 2118 2918 2250 arbs alle, aber nur ein theill deß zeend haber
1859 2189 2484 2322 gelegen gehalten worden.
2627 2210 2921 2302 vff wellichen
1876 2258 2867 2387 sy ein mas arbs genommen undt dem Wald
1871 2347 2901 2483 aman solche für das eus verehret, so auch der
1862 2422 2902 2552 erste diebstahl gsin den sy an disem oberstuch,
1872 2504 2840 2632 weren zeeeden begangen unnderwaldt,
1862 2568 2576 2703 ammen derin trenpinet habe
2716 2597 2884 2724 Etmas
1876 2653 2906 2779 syths darnach habend sy auch darvon 6 mac
1859 2746 2916 2866 haber zu Mehli geben, darzu ihnen der Mald
1862 2810 2909 2937 aman 8 mäg von seinem eignen korn vor
1861 2887 2844 3037 gestreckt, für welliche acht mas korn sy
1855 2972 2864 3123 ihme Nun andere mas vom zeenden geben,
1832 3042 2897 3190 deßen er Waldamman nit zufeiden gsen unnd
1854 3115 2846 3264 ihnen in der hohen den sack zurück geschickt
1857 3200 2916 3334 fürgebend es seyen nur den mas gsin mit ver
1869 3269 2896 3401 erem betreüwen, wo sy nit mehr wollind
2701 3393 2886 3501 nachen
