3024 4032
114 405 212 513 96.
438 543 1410 748 abgenommen haben, wyllsy gar wohl dabei
924 681 958 715 11
445 635 1399 820 kandt und sy das cabkuchen machen von
438 721 1383 884 ihre gelehrnet habind, daauß sy sich het zum
454 790 941 921 tag thügen erhalten.
457 948 1385 1154 Vincentz lyß unß der schwarten ma
463 1065 1403 1219 dem sohngenant verantwortet sich über
455 1138 1406 1304 obigen von ihmme gefaßten argwohn volgen
465 1210 1409 1362 der gestalten. Daß er von ngendah
464 1315 1391 1435 enser mit deß Margreth Hentzelis bauder
446 1382 1402 1523 In sehr enger frundtschafft stande, darumb
464 1459 1372 1606 er da sehr offt zu ihm ins hauß gangen
473 1534 1395 1674 und auch zn zythen dem vatter endt sohn
467 1610 1394 1751 etwan ein trunck talt, müße auch beken,
466 1695 1405 1841 nem, da� seine elteren es nit gern geseten.
431 1791 1385 1923 daß er so vill dahin gangen habe sich aber
448 1866 1384 1996 disers gespans nit können müßig gehen,
479 1947 1408 2089 diß jetz, da� er verherathet undt etwas mehr
470 2033 1394 2165 zuhauß zu thun habe, wüße auch nit daß
468 2110 1406 2241 ihmme disers seines gespans schwester Inmahl
467 2191 1327 2328 etwas ungebührlichs angemustet habe.
434 2263 1408 2398 doch seye wahr, daß alß er einmahl nombrü
458 2356 1382 2489 die uß der stuben und von dannen die stage
467 2437 1366 2576 hieinder gngangn kommen, habe er gespeohten
455 2513 1376 2635 daß h. de lasastides trompeter wüschen
458 2563 1366 2734 tag und nacht by diser schwester ie
458 2650 1390 2791 vorderen hußgang gestanden undt seye er
454 2730 1391 2889 Der trompeterso bald er ihn erbliekt istei
455 2816 1415 2965 haußgang vor das hauß geichen, anders
451 2900 1389 3057 weße ernit, noch wie diß gsindli sich erhalte,
456 2972 1398 3133 Wylener sich niemahl so gar lang da gesembt,
404 3114 1395 3268 Der alte hentzi obiger tirnen vatter hat
462 3207 1416 3353 uff sonderschidenliche an ihne diß orths getrütn,
469 3294 1355 3411 erfragen volgenden bescheid geben. Daß
464 3354 1346 3488 zwar herren Bourgeois einest by 22 stunden by
1288 3454 1406 3541 Ihm
2675 337 2764 455 97.
1687 473 2709 708 Ihm im hauß sich uffgehalten habe aber
1743 555 2701 738 itwas an seinem schuzen matten gschoß,
1738 641 2738 824 gättigen müßen, wie dan andere Junge
1738 709 2763 893 hot mehr darumb zu ihm kommind, daß er
1730 785 2755 965 ihnen die vörthel, wie namlich mit den to-
1741 856 2745 1045 geen rohten ladstecken ino puluer vndt
1748 941 2781 1093 anderem hubtil umbzugehen, zeigen müßen
1751 1012 2773 1175 sein frauw betreffend die seye nun mehr
1753 1087 2712 1269 shon byfunff tagen von ihm undt seye
1760 1166 2790 1369 Wigen sy sich geforchtet vff Fryburn zugangen,
1750 1249 2745 1412 habe ihm auch gesagt, daß sy nit hier sein
1766 1345 2778 1493 welle, es dörffte ihra sonst wohl geben wie
1754 1428 2738 1578 den tochter. Daß sy ihmme selbs hievor
1773 1507 2786 1667 auch etwan entgeüw gewesen seine oder
1761 1579 2809 1706 der tochter das vermichtete kind habe geholffen
1777 1688 2759 1812 verderben, daghos habe er nie nichts an
1768 1757 2789 1896 ihren verspürt. Woll müße er von ihren
1793 1840 2755 1996 agen, daß man er etlich mahlen dise sein
1779 1925 2772 2076 tochter ihrer genheit halb züchtigen oder
1774 1997 2815 2149 reprehendieren wollen seyen s alß dan beide
1773 2090 2771 2233 zusamen gestanden vnnd Ihing bescheid geben
1790 2181 2817 2311 er solle seinen sachen abwarten. sonst seye
1802 2265 2775 2396 eines müßens allwil er anheimbsch gsin.
1786 2341 2729 2473 niemahl nichts ungebürlichs gegen seiner
2387 2421 2785 2536 Alß die lenge
1794 2421 2382 2545 tochter verubt worden.
1787 2507 2811 2637 Nagleren noch in der nachbarschafft gewohen
1806 2577 2819 2716 nrt seye sy offt uff dem abend in der tohter
1800 2659 2821 2779 komen vndt habe ihra gewuncken mit zugehon,
1790 2738 2806 2849 da sy dan hin undt wider in der stattereben
1802 2818 2798 2961 mit einanderen gestrichen, welches er doch
1808 2903 2786 3040 zum offteren mahl der tochter aber umb
1824 2966 2193 3093 sonst gewehret.
2293 2985 2832 3114 So seye er auch gestrigen
1830 3048 2825 3187 tags by seiner frauwen zme sonsen gewesen
1790 3127 2809 3259 die ihm gesagt, daß sy nit mehr welle hinaber
1805 3205 2830 3332 komen er sölle ihra mir ihre cäbluchen mödel
1810 3273 2818 3415 unnd andere sachen überschicken, sy welle schon
1833 3365 2645 3491 sehen wie sy sich furthin durchbringe
