3024 4032
88 469 172 580 146
419 593 1343 762 erwachsen gewesen, habe er sy wohl nit
422 678 1352 836 mehr beredenkonnen by ihm veligen erbe
434 754 1372 921 dem daß er mahl erachstet, daß ein sölle
437 823 1377 993 her byschlaff vill straff barer, alß mn
428 907 1370 1063 er sonst mit einer anderen gemeinen
432 987 1363 1152 corenhethun hette vnnd vnderander
437 1094 1350 1215 rem auch wenig darnach in einer
437 1155 1369 1332 predig von den ehebrecheren habegehart
440 1251 1361 1386 orden, daß selbige in ihren senden nit
446 1321 1364 1469 verharren, sonder sich beßeren undt bekehn,
443 1411 1346 1564 ren sollind. Welliches alleß die ursuch
449 1490 1344 1626 seye, daß er in disem grenwel gegen
437 1575 1363 1679 Diser seiner eltegen tochter nit myters
452 1654 1381 1795 fürgefahren, doch imn übrigen sich wider
456 1737 1366 1865 nit vill gebe�eret, sonder biß uff dise
479 1825 1393 1946 und im völliger in erkandtnuß gottes
455 1902 1360 2041 gelebt, also daß er neben etwas dish
455 1989 1360 2134 gebetts so es nunmehr gantz vergeßen,
474 2079 1375 2200 künerlich noch das heillige haser in
469 2150 1319 2286 er undtetwas wenig kom glauben
472 2233 1366 2377 bitten verschwygen, dan etwan wie
462 2320 1374 2451 andere spryden endt lesen könne, habe
470 2395 1349 2540 sein leben einfaltig mit floßen uff
457 2484 1328 2618 den maßeren zugebracht undt seye
470 2563 1400 2693 zwar wegen diser seiner großen enkönn,
468 2642 1391 2781 ernheit noch in seinen alten tagen vog
467 2723 1374 2852 habens gsin in die schulvegelen, welches
474 2808 1371 2944 aber biß uff dise stund hinderwegen
474 2889 660 2991 bliben
749 2895 1376 2991 daß nun auch wie Ihme
439 2958 1357 3086 get vorgehalten undt von diser seiner
467 3040 1377 3165 elteren tochter selbs bezuget werde, er
467 3122 1350 3254 noch eßent dem bett auß einest da er
462 3202 1383 3325 norem offen geseßen, das andere mahl
454 3270 1398 3411 dan daer sy uff ein trag gesetzt, dise sein
1227 3362 1386 3491 tochter
2582 409 2682 498 147
1700 527 2661 736 tochter, so damahls noch under jahren
1708 604 2608 812 gewesen am mit undt anderen oote
1707 678 2682 855 emploßt unnd seinen mith willen so
1724 762 2657 908 vill an ihmme gestanden, ze volbringen
1711 821 2700 1013 gesucht, deßen könne er wider nit ab-
1735 966 1839 1051 em.
1704 960 2734 1137 Welle darneben auch gutwillig bekennen
1715 1038 2735 1209 daß er mit seiner anderen nachelteren
1735 1114 2745 1285 tochter Nam Anni, so umb 4 jahr jun-
1724 1202 2664 1349 ger alstobiges ureni unnd sich hievor
1738 1268 2730 1416 Iß antrib eines an ihmme habenden wehs
1728 1340 2734 1492 ertrencken wellen dise schandt that ebwwe
1738 1430 2676 1581 maßen gesucht ze vritiben, daeo doch
1738 1505 2685 1662 abermahlen wegen ihr syths gethanen
1737 1592 2711 1748 opposision nichts effectuieren können.
1724 1679 2742 1813 doch habe er diß nur ein eintzig mahl an
1740 1745 2727 1894 ihra, da sy darzu erst noch acht jahr alt
1739 1823 2682 1967 gewesen unnocklich tentiert undt im
1749 1914 2700 2058 übrigen sich sonst mit ungebührlichem
1757 2012 2247 2140 betästen eerunge.
1772 2159 1818 2240 1
1780 2182 2762 2350 Über welliche sein nieli Morttzen bekenn
1764 2290 2690 2421 e schwere eißhandlungn und hochn
1775 2366 2762 2495 strafflicheergernnßen Mah schuldthe
1756 2440 2714 2568 r�th unnd burger zu desto mehrer aben
1764 2522 2763 2669 haltung derglychen abscheinuchen laßen
1776 2607 2751 2715 ren, vnnd menigklichem zu einem exem¬
1788 2684 2749 2832 sil bekendt uff ihren eidt zu recht er
1782 2765 2704 2901 kene mnndgesprochen. Daß nechst
1782 2832 2788 2980 empfehlung seiner stelen gott dem herr
1800 2925 2766 3058 ren er dem nachrichter übergeben der
1775 3000 2732 3140 ihne obendeß uffgewohnliche richtstatt
1796 3089 2791 3198 führer, daselbst ihmme das saupt abschlachen
1794 3153 2743 3267 undt also denselben nac loblicher statt
1774 3227 2795 3367 kern rechten mit dem schwart vom leben
1795 3306 2753 3443 zum todt Hinrichten sölle. Welliche erthel
1813 3382 2810 3519 sambstag den 17. martii 1677 an ihmme erstatte ward
