3024 4032
205 312 283 391 14
535 441 1519 695 bubenstuck vnnd diebstahl, darunder doch
514 552 1516 791 der groste, daß er ein ehrigen hauffen gestohen
508 618 1518 828 dasvon er 12 l unnd auch einem bangen en
513 718 1536 914 pfleg sach darvon er 15 lig bekommen. Ist ernit
536 791 1512 989 ach mit dem 20 lb stein uffgezogen worden.
511 887 1519 1051 daruff er versprochen, wo man ihne hinnnder
529 956 1537 1132 lße wolle er alleß bekennen, was er sein hab
514 1043 1525 1211 tag begangen, da dan abermahlen under etlich
520 1136 1535 1314 bekanten diebstäslen der namhaffteste sich s
530 1215 1516 1385 12. d angelt beloffen, so er einem schlaffenden
527 1299 1236 1465 bangen ußem sach genomen.
499 1390 1515 1580 überselliches hot voght von Laupen befahle.
518 1478 1515 1644 worden, wylen ihmme nur 20 lbb angeranckt,
499 1563 1508 1707 daß er noch mit dem 25 lb mmit 50 lb ge
512 1637 1514 1799 ferkt werde, dardurch dan auch underschden
525 1715 1487 1845 liche sachen von ihmme erpreßet worden, die
529 1814 1485 1930 eit aber hernach widerumb vernemet und
518 1886 1315 2027 noch hit zem tag vernemwo thet.
1387 1932 1489 2020 Alß
487 1968 1493 2133 daß er drey underschidenliche ehebruchbe
514 2080 1496 2207 gngen unnd auch die bezecalitet selbsten
531 2144 1477 2288 begangen, Item daß er etlichen lüthen
532 2240 1479 2381 sachen gestohlen habe, die da uff gethanes
527 2314 1492 2443 nachforscher sich nit gestahlen befenden. An
515 2397 1450 2527 dere aber mit allegley fingierten umb
532 2465 1481 2599 stenden deß ehebruchs andere der bestia
525 2547 1472 2692 litet angeklagt, die er hernach offentlich
515 2628 1500 2779 entschlagen und erkent, daß er ihnen groß
511 2717 1419 2869 unrecht gethan habe, wie eß hinvorts
502 2803 1424 2952 schryben sab 23 marbi ze sechen, über
505 2897 1467 3036 wellichen empfangnen bericht dem herren vogt
485 2957 1434 3101 Den 7. aprilia befohlen disen Meyer alß
503 3027 1479 3175 ein dosen buben alhar in das schallenwerck
499 3110 1420 3247 ze verschaffen, welches auch geschechen, hat
508 3185 1468 3329 aber luth eines sub 19 meyen deßwegen
494 3248 1484 3398 an hrrn vogt zu Laupen abgangner oberkeit
1343 3361 1478 3450 achen
2891 420 2953 489 15
1903 520 2873 682 tlichen schrybens sich durch vorgemendte
1905 625 2862 755 lehme seines lybs der banden ig undt
1914 697 2943 813 letten so ar an seinen füßen glan ledig machen
1910 761 2895 878 können, darumb alsobald eit nur an herren
1911 823 2937 954 vogst von Laupen sonder noch an jederschidenliche
1912 893 2952 1022 amptlüth geschriben worden uff disen bösen
2597 966 2925 1078 Luth schrybens
1906 973 2417 1088 beden achtung zegeben
1905 1040 2900 1170 sub 8 und 10. junii Ist er abermahlen, da
1909 1103 2937 1238 er noch denring amhalß ghan errappet geg
1917 1188 2922 1316 encklich ingesetzt undt inzwischen eines freschen
1899 1261 2917 1406 roß diebstahls verdächtig auch endtlich uff
1906 1336 2919 1480 ernstliches befragen deßen bekant worden.
1867 1418 2947 1551 Da dan er nochma aber diß bekent verklage.
1873 1497 2949 1633 worden, daß er sich zu Kalnach verlethen laßen
1888 1564 2946 1671 er melle sich zwar eßem landtmachen, ehe und
1900 1655 2940 1783 zuvor aber diß gescheche. werden etlich etwas
1899 1723 2899 1853 vrnemmen müßen, darumb etliche seinet,
1897 1811 2640 1940 halben in großen sorgen gestanden
1883 1892 2965 2002 wegen diß bekenten raß diebstahls ist er Meyer
1902 1976 2901 2090 alhier den 10. junii jungst mit ruthen ußgegen
1906 2031 2953 2161 schmeizt gezeichnet und mit dem eidt von stattt
1892 2109 2951 2235 und landt vorwisen darneben auch ihme zeme
1907 2174 2960 2290 siert worden, daß wo er widerumb im landt
1907 2246 2924 2345 solte betretten werden es ihmme in das läben
1906 2315 2940 2445 gehen sölle, darumb den amptlüthen befohrn,
1907 2381 2932 2519 en wordenfleißige achtung uff ihne zegen
1901 2452 2007 2527 ben.
2150 2465 2931 2575 Den 14. bemelten monats
1915 2524 2946 2656 ind mahl berichtet worden, daß man ihne
1910 2604 2954 2740 schon widerumb im landtgesethen undt habe
1906 2671 2933 2798 man ihmme nachilen wollen, wylen er aber
1909 2744 2843 2871 ehr scheelllauffen können seye er noch
1898 2815 2950 2965 entrunnen, doch solle er nach sydther empfaren
1895 2897 2911 3018 genem bericht nit von ihm selbs widerumb
1882 2956 2888 3086 Ins landtkommen, sonder wegen der u
1889 3038 2941 3181 solothure ingeführten neüwen battelordnung
1879 3107 2937 3256 durch die proffosen wider ingeführt worden.
1908 3189 2014 3266 sein.
1844 3233 2911 3395 Den 6ten decembris ist er luth j von tr
2757 3377 2900 3467 thenes
