3024 4032
319 1660 435 1769 ee sich
507 586 1529 780 oathen spitzli verkaufft sondt sih ehrgferdt ufen.
491 686 1487 821 Kkornmanckt alß ein frombdg befnden, den
502 743 1506 917 seckel sampt dem gelt hab sy vermeint ihra zuge
514 809 1466 961 hörig sein, wyll sy selbigen uffem boden igend
508 885 1509 1028 funden. Das gelt hab sy der jangen so mit ihra
491 948 1523 1100 Die statt Hinnsf gangen herauß geworffen, da
521 1008 1516 1156 mit sy bgott kauffen könne, seye auch nur by 3l
511 1074 1512 1216 gsin-Seye zwar von ihrem sennet ihren namen
521 1154 1496 1292 Wüße in aber nit, wylen sy ihra erst underzeegs
517 1224 1499 1343 zu Solothurn undt hernach alßer in der statt da
518 1293 1495 1438 man  In die gefangenschafft geführt begegnet.
490 1346 1511 1485 Die Spitzli habe sy verkaufft, wüße aber jegen
514 1435 1526 1569 blich wein, das erloßte gelt hab sy für ihre im
523 1511 1472 1642 denhaltung gebraucht, den man so ihra dise
514 1570 1478 1695 uffwysung soll geben haben kenne sy nit glaube
514 1648 1372 1776 auch nit, daß sy solches erfinden werde.
485 1756 1500 1920 Est aber Hanß Halter alß er befragt worden.
499 1866 1508 1959 don wannen erseye woher er kome, was handt
514 1934 1511 2047 wercks, wo er sein rantzen habe, wo er bißher
509 1992 1505 2115 gearbeitet oder sich sonst uffgehalten, worumb
517 2063 1491 2184 er sich alß ein andtwerets gsell nit alsobaldt
513 2129 1535 2252 by der meisterschafft angemeldet, Was er uffem
502 2206 1497 2329 kognmaget ze thun gehabt, wo er dise frauw
523 2266 1471 2388 gelehrt kennen, ob sy mit einanderen in die
516 2335 1460 2464 statthinei kommenetc. Hat dien bechedt
516 2406 1469 2550 geben, daß er ußtei Brißgonw undt ein
513 2478 1491 2618 schloser seye, auch in kasel einzeit gearbeitet
511 2540 1512 2691 hernach aber under hauptman Caspar von Syn
502 2628 1506 2787 felden ein tyth lang dienet, sein pasport habe
514 2701 1521 2849 ei swan nit by sich, seye zu Kolligen ubernacht
510 2786 1513 2946 gsin. Weße aber den namen deß bauren eit
507 2852 1507 3011 habe alhier arbeit sechen wollen undt sich m
504 2925 1533 3087 versechens uff dem Koremarck befunden, Daß
506 3015 1515 3139 er kein rantzen habe, seye an villenanderen veh
510 3073 1531 3222 dlichen handtwereks gsellen mehr ze sechen, obge
503 3144 1509 3306 frauw, dan habe er nihmahl kendt wüße auch
494 3212 1522 3391 nit, daß er mit ihro uffem platz einich mort
495 3307 1215 3474 vorgebner maßen geredt habe.
1313 3351 1488 3467 affge¬
1744 2760 1877 2855 4Hari
2029 507 2679 672 uffgenomner gericht.
1890 665 2937 809 Uber obige veranstwortung hat Niehauß stal
1900 748 2895 865 der der junge schutmüller, alß welcher der erst
1912 804 2940 932 sich disers diebstahls mahr genomen hernach kol
1896 884 2919 1014 genden bericht geben, Daß alß er sich wie
1899 934 2951 1066 zu anderen leiten uff den gemahnlichen kornmarck
1904 1013 2937 1130 begeben vndt allda uff gewüße luth gewartet,
1885 1078 2920 1222 habe er gehört, daß obiger Hanß Halter son ohne
1888 1163 2937 1293 gferdt ein halb dotsat schritt von ebigem bauwren
1888 1224 2938 1377 gestanden zu diser frembden frauwen gesagt, ob
1911 1317 2924 1440 y nit dort ein sack sache offenstahn, darüber es
1899 1371 2943 1518 ihn selbs wunder genommen, was diser für ein sack
1906 1460 2934 1594 verstande, Da habend sy sich beide iu dem bauren
1895 1529 2919 1662 genahnet undt seye er halter an sein sythen ge-
1924 1615 2951 1737 standen, daruff dise frauw In einem augenblick
1855 1678 2940 1807 den griff zwüschen in gethan und den seckel he-
1910 1750 2950 1872 hauß gezogen, auch sich hernach widerumb umb et
1899 1821 2916 1957 Was bysyths begeben undt hinkndt her gelurt.
1878 1894 2971 2024 Darwüschen aber der gast noch ein wyl bim Bauren
1917 1976 2968 2113 stehenbliben also daß er schutzmüller zu mehren
1909 2050 2957 2154 gem grundt sich zu disem armen bauren begeben
1903 2128 2930 2266 endt ihne gefragt, ob er sein gelt noch by sich habe
1898 2217 2961 2343 welches er aber alsobaldt verlohren ze haben geklagt
1893 2289 2942 2420 daruff sy disen gast und anstiffer gefaßet und
1906 2370 2955 2495 auch gestelt gethan, daß weibel Maser so sich iu
1906 2439 2898 2559 nechst befunden, die frauw inglych erwütschet.
1882 2513 2904 2648 Da habe sich diser gehell gantz redolviert erzeigt
1899 2594 2950 2723 undt gesagt man solle mohl sechen mas man mache
1895 2670 2917 2805 das geldt werde diser frauwen zugehören undt
1913 2743 2955 2869 nit dem bauren undt werden sy sich vergryffen
1888 2807 2928 2936 dan er sey ein ehrlicher kärlis seines handtwercks
1912 2889 2912 3032 ein schloßer, man solle ihmme die meister zunfft
1912 2955 2806 3074 seigen, damit er arbeit bekommen könne.
1901 3026 2948 3170 Wie si aber disers diebstahls gar sichegen hernhtgegen
1913 3103 2927 3224 habt undt er schützmüller den ganzen verlauff
1909 3182 2986 3322 der sach gesechen habend sy sich desto minder ab seinem
1915 3239 2938 3385 beschidt erschrecken mndt sy also beidersehl
1896 3333 2689 3454 In die gefangenschafft fehren laßen.
