<?xml version="1.0" encoding="UTF-8" standalone="yes"?>
<PcGts xmlns="http://schema.primaresearch.org/PAGE/gts/pagecontent/2013-07-15" xmlns:xsi="http://www.w3.org/2001/XMLSchema-instance" xsi:schemaLocation="http://schema.primaresearch.org/PAGE/gts/pagecontent/2013-07-15 http://schema.primaresearch.org/PAGE/gts/pagecontent/2013-07-15/pagecontent.xsd">
    <Metadata>
        <Creator>prov=University of Rostock/Institute of Mathematics/CITlab|PLANET AI GmbH/Gundram Leifert/gundram.leifert@planet-ai.de:name=German_Kurrent_XVI-XVIII_M1(htr_id=19584)::::v=2.6.7
prov=University of Rostock/Institute of Mathematics/CITlab|PLANET AI GmbH/Tobias Gruening/tobias.gruening@planet-ai.de:name=de.uros.citlab.module.baseline2polygon.B2PSeamMultiOriented:v=2.6.7
prov=University of Rostock/Institute of Mathematics/CITlab|PLANET AI GmbH/Tobias Gruening/tobias.gruening@planet-ai.de:name=/net_tf/LA73_249_0mod360.pb:de.uros.citlab.segmentation.CITlab_LA_ML:v=2.6.7
Transkribus</Creator>
        <Created>2021-03-11T12:12:38.734+01:00</Created>
        <LastChange>2022-09-12T14:58:45.816+02:00</LastChange>
        <TranskribusMetadata docId="1334838" pageId="52361952" pageNr="88" tsid="114643744" status="IN_PROGRESS" userId="9570" imgUrl="https://files.transkribus.eu/Get?id=NTJVZHLSUBXRFCATSAKZRADU&amp;fileType=view" xmlUrl="https://files.transkribus.eu/Get?id=SRQOQZLEGUCQXHZQIVAJEWMK" imageId="19032843"/>
    </Metadata>
    <Page imageFilename="B_IX_483_Seite_088.jpg" imageWidth="3024" imageHeight="4032">
        <ReadingOrder>
            <OrderedGroup id="ro_1687513691807" caption="Regions reading order">
                <RegionRefIndexed index="0" regionRef="r1"/>
                <RegionRefIndexed index="1" regionRef="r2"/>
                <RegionRefIndexed index="2" regionRef="r3"/>
            </OrderedGroup>
        </ReadingOrder>
        <TextRegion orientation="0.0" id="r1" custom="readingOrder {index:0;}">
            <Coords points="102,337 102,496 219,496 219,337"/>
            <TextLine id="r1l1" custom="readingOrder {index:0;}">
                <Coords points="94,445 118,441 133,455 157,456 165,465 225,456 230,406 209,405 200,394 169,406 147,386 127,401 99,396"/>
                <Baseline points="102,437 131,437 160,441 189,443 219,446"/>
                <TextEquiv>
                    <Unicode>168.</Unicode>
                </TextEquiv>
            </TextLine>
            <TextEquiv>
                <Unicode>168.</Unicode>
            </TextEquiv>
        </TextRegion>
        <TextRegion orientation="0.0" id="r2" custom="readingOrder {index:1;}">
            <Coords points="336,575 336,3553 1431,3553 1431,575"/>
            <TextLine id="r2l1" custom="readingOrder {index:0;}">
                <Coords points="353,619 462,604 491,641 557,611 642,669 736,626 906,671 1046,660 1376,767 1382,720 1215,616 999,623 795,532 663,562 365,531"/>
                <Baseline points="363,603 413,605 463,609 514,611 564,614 615,617 665,620 715,623 766,627 816,632 867,638 917,643 967,649 1018,658 1068,666 1119,675 1169,686 1219,699 1270,713 1320,728 1371,746"/>
                <TextEquiv>
                    <Unicode>Daß deg einte so ihnen dise attestation</Unicode>
                </TextEquiv>
            </TextLine>
            <TextLine id="r2l2" custom="readingOrder {index:1;}">
                <Coords points="451,688 621,683 806,748 847,716 985,715 1374,815 1379,775 1244,703 1103,698 1046,660 983,695 934,652 907,672 741,633 642,668 555,612 456,648"/>
                <Baseline points="459,677 504,680 549,683 595,686 640,690 686,692 731,695 777,699 822,702 868,707 913,711 958,716 1004,722 1049,728 1095,736 1140,744 1186,753 1231,764 1277,775 1322,789 1368,804"/>
                <TextEquiv>
                    <Unicode>unnd büchli geschriben seines tauffnam</Unicode>
                </TextEquiv>
            </TextLine>
            <TextLine id="r2l3" custom="readingOrder {index:2;} person {offset:0; length:9;}">
                <Coords points="429,787 490,758 549,787 765,769 954,833 1093,802 1338,879 1347,797 1222,758 1081,785 990,716 797,750 716,709 680,738 639,697 439,701"/>
                <Baseline points="441,747 485,750 530,753 575,756 619,759 664,762 709,766 753,768 798,774 843,777 888,782 932,787 977,791 1022,797 1066,803 1111,809 1156,816 1200,823 1245,831 1290,840 1335,849"/>
                <TextEquiv>
                    <Unicode>Hanß Jorg, der andere aber drane</Unicode>
                </TextEquiv>
            </TextLine>
            <TextLine id="r2l4" custom="readingOrder {index:3;}">
                <Coords points="425,861 479,839 506,868 592,826 758,879 863,851 952,889 1127,881 1379,949 1385,892 1217,839 1155,869 1081,797 1017,847 931,803 887,832 763,768 433,785"/>
                <Baseline points="435,825 484,828 533,831 583,834 632,837 682,840 731,843 780,847 830,850 879,854 929,858 978,863 1028,869 1077,875 1126,882 1176,890 1225,899 1275,909 1324,921 1374,933"/>
                <TextEquiv>
                    <Unicode>heiße beid ustem francken land, dere si</Unicode>
                </TextEquiv>
            </TextLine>
            <TextLine id="r2l5" custom="readingOrder {index:4;}">
                <Coords points="430,914 590,908 704,979 799,922 858,978 945,932 1311,980 1356,1018 1392,1014 1397,962 1269,922 1233,948 1183,901 1135,925 914,906 862,850 757,880 658,853 590,888 435,861"/>
                <Baseline points="438,902 485,905 532,908 580,911 627,914 675,917 722,919 769,921 817,924 864,928 912,932 959,935 1006,940 1054,945 1101,951 1149,958 1196,965 1243,974 1291,984 1338,995 1386,1007"/>
                <TextEquiv>
                    <Unicode>namen sy sich nit zu erinneren müße. dise</Unicode>
                </TextEquiv>
            </TextLine>
            <TextLine id="r2l6" custom="readingOrder {index:5;}">
                <Coords points="435,995 823,995 973,1019 1010,1055 1204,1049 1262,1097 1390,1097 1363,1023 1294,1026 1225,971 1009,981 944,932 859,979 800,922 701,976 591,908 443,921"/>
                <Baseline points="444,972 491,977 538,980 585,984 632,987 679,990 726,993 773,995 820,999 867,1003 914,1006 961,1011 1008,1015 1055,1021 1102,1026 1149,1033 1196,1042 1243,1050 1290,1060 1337,1071 1385,1085"/>
                <TextEquiv>
                    <Unicode>habind gedente galtsche schyn zu kber geschilen.</Unicode>
                </TextEquiv>
            </TextLine>
            <TextLine id="r2l7" custom="readingOrder {index:6;}">
                <Coords points="449,1059 644,1068 693,1110 811,1084 905,1135 945,1106 1157,1115 1382,1188 1396,1096 1320,1120 1217,1059 1171,1082 1139,1052 1018,1056 929,1006 456,987"/>
                <Baseline points="456,1050 502,1054 548,1058 595,1061 641,1065 687,1068 734,1070 780,1073 826,1077 873,1080 919,1083 965,1088 1012,1092 1058,1097 1104,1103 1151,1109 1197,1117 1243,1125 1290,1135 1336,1145 1383,1157"/>
                <TextEquiv>
                    <Unicode>unnd habe sy unnd ihr man wohl gewesen</Unicode>
                </TextEquiv>
            </TextLine>
            <TextLine id="r2l8" custom="readingOrder {index:7;}">
                <Coords points="417,1163 549,1175 665,1143 771,1194 1041,1181 1117,1220 1159,1195 1355,1234 1368,1187 1278,1172 1225,1115 1094,1155 966,1107 862,1127 764,1076 716,1112 571,1059 424,1078"/>
                <Baseline points="426,1131 472,1135 519,1139 565,1141 612,1144 659,1147 705,1150 752,1152 799,1155 845,1157 892,1161 939,1164 985,1168 1032,1172 1079,1177 1125,1182 1172,1188 1219,1194 1265,1202 1312,1211 1359,1220"/>
                <TextEquiv>
                    <Unicode>Daß sy derglychen faltschen affestasionen</Unicode>
                </TextEquiv>
            </TextLine>
            <TextLine id="r2l9" custom="readingOrder {index:8;}">
                <Coords points="441,1255 571,1220 688,1258 825,1240 856,1270 970,1241 1071,1281 1185,1257 1358,1306 1387,1243 1321,1260 1270,1214 1226,1239 1168,1196 1032,1220 864,1173 757,1210 447,1171"/>
                <Baseline points="450,1214 496,1217 542,1220 589,1223 635,1226 681,1227 728,1229 774,1231 820,1233 867,1236 913,1238 959,1241 1006,1243 1052,1247 1098,1251 1145,1256 1191,1260 1237,1266 1284,1272 1330,1279 1377,1289"/>
                <TextEquiv>
                    <Unicode>schon anderen mehr gemacht, wie dan dise</Unicode>
                </TextEquiv>
            </TextLine>
            <TextLine id="r2l10" custom="readingOrder {index:9;}">
                <Coords points="446,1335 597,1298 669,1333 764,1319 834,1364 990,1326 1040,1358 1283,1348 1379,1382 1383,1314 1187,1258 1048,1304 941,1240 872,1281 824,1241 613,1280 452,1242"/>
                <Baseline points="456,1298 501,1299 547,1301 593,1302 639,1304 685,1304 731,1307 777,1308 823,1310 869,1311 915,1315 960,1317 1006,1319 1052,1323 1098,1327 1144,1331 1190,1335 1236,1339 1282,1345 1328,1351 1374,1358"/>
                <TextEquiv>
                    <Unicode>so sy nunmehr inhanden schon uff den vor</Unicode>
                </TextEquiv>
            </TextLine>
            <TextLine id="r2l11" custom="readingOrder {index:10;}">
                <Coords points="448,1391 579,1408 628,1373 825,1429 944,1428 987,1394 1042,1431 1259,1419 1391,1462 1396,1383 1163,1343 1033,1365 988,1326 803,1374 750,1324 600,1351 535,1298 451,1337"/>
                <Baseline points="456,1370 502,1373 549,1376 595,1379 642,1382 688,1383 735,1385 781,1387 828,1389 874,1391 921,1394 967,1395 1014,1398 1060,1401 1107,1404 1153,1407 1200,1411 1246,1415 1293,1419 1339,1424 1386,1430"/>
                <TextEquiv>
                    <Unicode>rath geschriben gewesen, da sy dise 2 tenst</Unicode>
                </TextEquiv>
            </TextLine>
            <TextLine id="r2l12" custom="readingOrder {index:11;}">
                <Coords points="454,1461 865,1473 957,1531 1049,1486 1100,1523 1172,1488 1389,1513 1391,1476 1260,1418 1213,1454 984,1394 912,1449 775,1397 617,1439 549,1391 458,1388"/>
                <Baseline points="462,1451 508,1454 554,1458 600,1460 646,1462 692,1464 738,1466 784,1467 830,1469 876,1471 922,1473 968,1474 1014,1476 1060,1479 1106,1481 1152,1485 1198,1488 1244,1492 1290,1497 1336,1503 1383,1508"/>
                <TextEquiv>
                    <Unicode>ler in eli dm mirthshauß antroffen.</Unicode>
                </TextEquiv>
            </TextLine>
            <TextLine id="r2l13" custom="readingOrder {index:12;}">
                <Coords points="455,1540 583,1545 625,1586 672,1550 781,1548 845,1598 1075,1612 1206,1565 1377,1590 1379,1555 1272,1495 1197,1527 1165,1494 1056,1521 1009,1488 952,1530 793,1466 740,1504 610,1461 458,1469"/>
                <Baseline points="462,1530 507,1532 552,1535 598,1538 643,1540 689,1542 734,1545 780,1547 825,1548 871,1550 916,1552 961,1554 1007,1556 1052,1558 1098,1560 1143,1563 1189,1565 1234,1568 1280,1572 1325,1575 1371,1578"/>
                <TextEquiv>
                    <Unicode>unnd ihre einte geselschafft, so mit ihnen</Unicode>
                </TextEquiv>
            </TextLine>
            <TextLine id="r2l14" custom="readingOrder {index:13;} place {offset:4; length:5;}">
                <Coords points="458,1613 629,1643 687,1617 769,1646 973,1631 1024,1670 1139,1631 1395,1673 1397,1623 1350,1595 1210,1602 1181,1573 1111,1610 854,1608 714,1546 623,1587 593,1556 459,1581"/>
                <Baseline points="465,1605 511,1610 557,1613 603,1614 649,1617 696,1620 742,1622 788,1622 834,1625 880,1625 927,1626 973,1628 1019,1629 1065,1631 1111,1633 1158,1635 1204,1638 1250,1640 1296,1643 1342,1646 1389,1650"/>
                <TextEquiv>
                    <Unicode>von Bafel alher komen, son damahls dar¬</Unicode>
                </TextEquiv>
            </TextLine>
            <TextLine id="r2l15" custom="readingOrder {index:14;}">
                <Coords points="455,1704 593,1697 655,1722 703,1702 810,1705 879,1748 951,1709 1062,1710 1063,1681 1002,1676 928,1627 770,1647 755,1633 708,1675 673,1651 643,1665 561,1611 457,1644"/>
                <Baseline points="462,1686 491,1688 521,1689 551,1691 580,1693 610,1694 640,1695 669,1695 699,1697 729,1697 759,1698 788,1699 818,1700 848,1701 877,1701 907,1701 937,1703 966,1703 996,1704 1026,1704 1056,1706"/>
                <TextEquiv>
                    <Unicode>mit versechen befunden.</Unicode>
                </TextEquiv>
            </TextLine>
            <TextLine id="r2l16" custom="readingOrder {index:15;} person {offset:4; length:6;}">
                <Coords points="328,1808 1213,1810 1388,1867 1391,1776 1316,1741 1241,1769 1156,1707 886,1757 801,1709 332,1687"/>
                <Baseline points="336,1788 388,1787 440,1785 493,1785 545,1785 597,1785 650,1787 702,1788 754,1790 807,1791 859,1793 911,1796 964,1798 1016,1801 1068,1804 1121,1807 1173,1810 1225,1813 1278,1815 1330,1818 1383,1820"/>
                <TextEquiv>
                    <Unicode>Der krantz habe dhr einte otestation und liche</Unicode>
                </TextEquiv>
            </TextLine>
            <TextLine id="r2l17" custom="readingOrder {index:16;} person {offset:16; length:9;}">
                <Coords points="461,1881 513,1903 582,1857 819,1887 954,1859 1061,1899 1396,1903 1397,1857 1279,1854 1218,1817 1064,1849 989,1808 463,1814"/>
                <Baseline points="468,1854 514,1857 560,1858 606,1860 652,1860 698,1862 744,1863 790,1865 836,1866 882,1866 928,1868 974,1869 1020,1870 1066,1871 1112,1872 1158,1874 1204,1877 1250,1878 1296,1881 1342,1883 1389,1886"/>
                <TextEquiv>
                    <Unicode>geschriben, der Hanß Jorg dan ihres mant</Unicode>
                </TextEquiv>
            </TextLine>
            <TextLine id="r2l18" custom="readingOrder {index:17;}">
                <Coords points="431,1938 503,1975 706,1934 773,1975 847,1934 948,1977 999,1938 1322,1977 1411,1958 1412,1923 1314,1886 1061,1899 954,1859 882,1912 802,1876 740,1904 685,1859 563,1862 509,1903 433,1858"/>
                <Baseline points="438,1923 486,1925 534,1926 582,1927 631,1929 679,1930 727,1931 776,1933 824,1934 872,1935 921,1937 969,1938 1017,1940 1065,1941 1114,1943 1162,1944 1210,1944 1259,1946 1307,1946 1355,1947 1404,1947"/>
                <TextEquiv>
                    <Unicode>Wüße nit wosy die sigel genommen und siyn</Unicode>
                </TextEquiv>
            </TextLine>
            <TextLine id="r2l19" custom="readingOrder {index:18;}">
                <Coords points="446,2013 1148,2013 1341,2052 1343,1968 1284,1959 1233,1983 1121,1944 1065,1980 1000,1938 949,1979 922,1952 820,1984 707,1934 528,1981 448,1941"/>
                <Baseline points="453,1997 497,1998 541,2000 585,2001 629,2003 673,2004 717,2004 761,2006 805,2007 849,2007 894,2009 938,2010 982,2010 1026,2012 1070,2012 1114,2013 1158,2013 1202,2015 1246,2015 1290,2015 1335,2016"/>
                <TextEquiv>
                    <Unicode>Dise 2 gsellen noch dort verbliben, da sy</Unicode>
                </TextEquiv>
            </TextLine>
            <TextLine id="r2l20" custom="readingOrder {index:19;}">
                <Coords points="456,2087 610,2113 744,2078 917,2131 1009,2084 1093,2131 1312,2091 1250,2055 1054,2060 998,2020 914,2058 821,2015 751,2054 646,2002 456,2019"/>
                <Baseline points="462,2078 504,2078 546,2078 588,2078 630,2078 672,2078 714,2079 757,2079 799,2081 841,2081 883,2082 925,2082 967,2084 1009,2084 1052,2085 1094,2085 1136,2085 1178,2085 1220,2085 1262,2085 1305,2085"/>
                <TextEquiv>
                    <Unicode>sampt ihrem mann hinwei gangen</Unicode>
                </TextEquiv>
            </TextLine>
            <TextLine id="r2l21" custom="readingOrder {index:20;}">
                <Coords points="425,2186 892,2197 986,2238 1205,2189 1310,2231 1404,2197 1406,2139 1323,2150 1269,2107 992,2158 775,2090 668,2139 536,2089 426,2120"/>
                <Baseline points="432,2174 480,2175 528,2175 576,2177 625,2178 673,2180 721,2182 770,2184 818,2186 866,2187 915,2187 963,2189 1011,2190 1059,2192 1108,2192 1156,2192 1204,2192 1253,2192 1301,2190 1349,2189 1398,2187"/>
                <TextEquiv>
                    <Unicode>obwohlen die underschrifft on unglicher</Unicode>
                </TextEquiv>
            </TextLine>
            <TextLine id="r2l22" custom="readingOrder {index:21;}">
                <Coords points="443,2284 527,2248 578,2292 663,2251 731,2253 781,2299 982,2264 1084,2287 1149,2255 1332,2265 1333,2227 1206,2190 987,2237 855,2194 686,2227 560,2179 444,2183"/>
                <Baseline points="450,2243 493,2243 537,2244 581,2245 625,2246 669,2247 712,2247 756,2249 800,2250 844,2252 888,2253 931,2253 975,2255 1019,2255 1063,2255 1107,2255 1150,2255 1194,2255 1238,2253 1282,2253 1326,2250"/>
                <TextEquiv>
                    <Unicode>hand jesemarschyne, seye doch beides von</Unicode>
                </TextEquiv>
            </TextLine>
            <TextLine id="r2l23" custom="readingOrder {index:22;}">
                <Coords points="476,2318 575,2339 785,2323 843,2365 1273,2336 1273,2294 1227,2299 1178,2257 1064,2309 1012,2265 848,2300 741,2293 663,2252 555,2295 477,2272"/>
                <Baseline points="483,2312 522,2312 561,2313 600,2315 639,2316 678,2317 717,2318 757,2319 796,2320 835,2321 874,2322 913,2322 952,2322 991,2324 1031,2324 1070,2324 1109,2324 1148,2325 1187,2325 1226,2325 1266,2324"/>
                <TextEquiv>
                    <Unicode>einem meister geschriben worden.</Unicode>
                </TextEquiv>
            </TextLine>
            <TextLine id="r2l24" custom="readingOrder {index:23;}">
                <Coords points="414,2411 819,2407 880,2453 1054,2426 1132,2456 1190,2413 1228,2440 1324,2417 1340,2374 1209,2394 1141,2338 1050,2390 927,2346 830,2373 731,2318 414,2370"/>
                <Baseline points="420,2399 465,2399 511,2399 556,2399 602,2400 648,2402 693,2403 739,2405 784,2406 830,2408 876,2409 921,2411 967,2411 1012,2412 1058,2414 1104,2414 1149,2414 1195,2414 1240,2412 1286,2412 1332,2409"/>
                <TextEquiv>
                    <Unicode>Die einten stgal ob sy schon mit grünem</Unicode>
                </TextEquiv>
            </TextLine>
            <TextLine id="r2l25" custom="readingOrder {index:24;}">
                <Coords points="455,2480 779,2474 884,2517 999,2479 1071,2516 1118,2486 1184,2525 1309,2484 1410,2497 1403,2405 1274,2457 1189,2413 1126,2459 1049,2426 876,2451 657,2396 515,2442 456,2403"/>
                <Baseline points="462,2465 509,2465 556,2466 603,2466 650,2468 697,2469 744,2470 791,2471 838,2472 885,2474 933,2475 980,2475 1027,2477 1074,2477 1121,2477 1168,2477 1215,2477 1262,2477 1309,2475 1356,2474 1404,2472"/>
                <TextEquiv>
                    <Unicode>wachs underlegt, seyen doch nit früsch uff</Unicode>
                </TextEquiv>
            </TextLine>
            <TextLine id="r2l26" custom="readingOrder {index:25;}">
                <Coords points="460,2568 510,2532 644,2540 689,2575 804,2542 1397,2561 1414,2503 1300,2491 1186,2526 1019,2482 904,2520 779,2474 582,2492 542,2460 460,2507"/>
                <Baseline points="467,2532 514,2532 561,2533 608,2534 655,2535 702,2535 749,2537 796,2537 843,2538 890,2538 937,2540 984,2540 1031,2541 1078,2541 1125,2541 1172,2541 1219,2541 1266,2540 1313,2540 1360,2538 1407,2537"/>
                <TextEquiv>
                    <Unicode>getruckt, sonder von anderen instrumen</Unicode>
                </TextEquiv>
            </TextLine>
            <TextLine id="r2l27" custom="readingOrder {index:26;}">
                <Coords points="468,2625 775,2633 872,2603 1114,2639 1160,2607 1335,2614 1357,2539 1289,2580 1037,2538 892,2541 805,2585 698,2583 595,2538 468,2560"/>
                <Baseline points="474,2607 517,2606 561,2606 605,2607 649,2607 693,2607 736,2607 780,2609 824,2609 868,2610 912,2610 955,2610 999,2610 1043,2610 1087,2610 1131,2610 1174,2609 1218,2607 1262,2606 1306,2604 1350,2601"/>
                <TextEquiv>
                    <Unicode>en hinweg gerißen unnd subtil mit</Unicode>
                </TextEquiv>
            </TextLine>
            <TextLine id="r2l28" custom="readingOrder {index:27;}">
                <Coords points="463,2706 761,2686 892,2722 1016,2685 1084,2727 1149,2684 1423,2682 1422,2634 1357,2619 1312,2648 1250,2607 1159,2608 1115,2645 958,2612 643,2614 559,2654 496,2610 463,2626"/>
                <Baseline points="470,2676 517,2676 564,2676 611,2678 659,2678 706,2678 753,2679 801,2679 848,2679 895,2681 943,2681 990,2681 1037,2680 1084,2679 1132,2678 1179,2676 1226,2675 1274,2671 1321,2667 1368,2664 1416,2658"/>
                <TextEquiv>
                    <Unicode>strache oder sym uffgemacht worden sei</Unicode>
                </TextEquiv>
            </TextLine>
            <TextLine id="r2l29" custom="readingOrder {index:28;}">
                <Coords points="466,2793 521,2766 642,2797 710,2763 795,2794 845,2760 987,2774 1089,2746 1184,2789 1234,2741 1338,2745 1338,2718 1226,2683 1181,2719 1117,2697 1078,2729 1017,2686 868,2724 762,2686 634,2724 559,2691 465,2704"/>
                <Baseline points="473,2751 515,2749 558,2747 601,2747 644,2745 687,2745 730,2746 773,2747 816,2747 859,2748 902,2748 944,2749 987,2750 1030,2750 1073,2750 1116,2748 1159,2748 1202,2746 1245,2742 1288,2739 1331,2735"/>
                <TextEquiv>
                    <Unicode>sy dan solches selbs uffmachen sechen.</Unicode>
                </TextEquiv>
            </TextLine>
            <TextLine id="r2l30" custom="readingOrder {index:29;}">
                <Coords points="401,2854 1363,2859 1422,2833 1422,2762 1224,2759 1062,2812 998,2767 892,2803 759,2778 711,2812 678,2780 529,2797 400,2765"/>
                <Baseline points="408,2838 458,2837 508,2837 559,2835 609,2835 660,2835 710,2837 760,2837 811,2838 861,2838 912,2838 962,2840 1012,2840 1063,2840 1113,2838 1164,2838 1214,2836 1264,2834 1315,2831 1365,2828 1416,2823"/>
                <TextEquiv>
                    <Unicode>Die geselschafft so mit ihro alherkommen seye</Unicode>
                </TextEquiv>
            </TextLine>
            <TextLine id="r2l31" custom="readingOrder {index:30;}">
                <Coords points="471,2921 564,2894 864,2951 912,2908 1098,2941 1156,2907 1213,2937 1290,2909 1330,2936 1419,2899 1419,2832 1358,2869 1307,2841 1014,2846 976,2881 803,2833 648,2864 471,2838"/>
                <Baseline points="477,2900 523,2898 570,2898 617,2897 664,2898 711,2898 757,2900 804,2901 851,2901 898,2903 945,2904 991,2905 1038,2906 1085,2906 1132,2906 1179,2905 1225,2903 1272,2901 1319,2898 1366,2894 1413,2889"/>
                <TextEquiv>
                    <Unicode>uff Meing zu zogen stnd habe sy die ie</Unicode>
                </TextEquiv>
            </TextLine>
            <TextLine id="r2l32" custom="readingOrder {index:31;} place {offset:3; length:5;}">
                <Coords points="479,2993 554,2968 603,2993 1078,2972 1124,3001 1432,2973 1411,2899 1238,2954 1168,2906 1100,2949 1023,2912 966,2950 602,2898 480,2923"/>
                <Baseline points="486,2970 535,2967 584,2966 634,2964 683,2964 733,2964 782,2966 831,2966 881,2967 930,2969 980,2970 1029,2972 1079,2972 1128,2972 1177,2972 1227,2972 1276,2970 1326,2968 1375,2965 1425,2961"/>
                <TextEquiv>
                    <Unicode>zu Kasel die anderen aber erst sie antroffen</Unicode>
                </TextEquiv>
            </TextLine>
            <TextLine id="r2l33" custom="readingOrder {index:32;}">
                <Coords points="415,3066 603,3085 648,3046 692,3086 797,3053 848,3088 885,3053 1026,3042 1072,3077 1156,3051 1222,3079 1416,3053 1417,2972 1334,3004 1205,2990 1160,3028 888,3022 795,2966 610,3000 581,2971 545,2998 475,2958 415,2973"/>
                <Baseline points="422,3042 471,3039 520,3038 570,3038 619,3038 669,3038 718,3039 767,3039 817,3041 866,3042 916,3044 965,3045 1014,3046 1064,3047 1113,3048 1163,3048 1212,3047 1261,3046 1311,3044 1360,3042 1410,3039"/>
                <TextEquiv>
                    <Unicode>Darby habe sy verspüren mögen, daß der jag</Unicode>
                </TextEquiv>
            </TextLine>
            <TextLine id="r2l34" custom="readingOrder {index:33;}">
                <Coords points="474,3110 613,3099 668,3139 730,3106 859,3149 969,3118 1194,3150 1330,3118 1384,3147 1419,3135 1420,3060 1324,3083 1250,3052 1200,3086 1025,3043 885,3053 849,3088 796,3053 719,3086 647,3047 603,3085 474,3060"/>
                <Baseline points="480,3099 526,3101 573,3102 619,3104 666,3105 713,3107 759,3109 806,3110 853,3111 899,3113 946,3114 993,3114 1039,3116 1086,3116 1133,3116 1179,3116 1226,3116 1273,3114 1319,3113 1366,3111 1413,3110"/>
                <TextEquiv>
                    <Unicode>eigen so sy zu sasel antroffen, ihre büch</Unicode>
                </TextEquiv>
            </TextLine>
            <TextLine id="r2l35" custom="readingOrder {index:34;}">
                <Coords points="467,3170 894,3175 963,3225 1075,3177 1124,3219 1223,3228 1327,3188 1382,3201 1383,3143 1338,3121 1158,3163 1004,3120 944,3152 795,3143 731,3107 667,3140 613,3099 468,3110"/>
                <Baseline points="473,3165 518,3165 563,3165 608,3166 653,3167 698,3168 743,3170 789,3171 834,3173 879,3174 924,3176 969,3177 1014,3179 1059,3179 1105,3180 1150,3180 1195,3180 1240,3180 1285,3179 1330,3177 1376,3176"/>
                <TextEquiv>
                    <Unicode>dtnnd attestationen, so wenig alß ihre</Unicode>
                </TextEquiv>
            </TextLine>
            <TextLine id="r2l36" custom="readingOrder {index:35;}">
                <Coords points="485,3247 616,3268 675,3239 804,3293 889,3248 1404,3258 1413,3220 1159,3224 1076,3176 961,3229 901,3186 863,3208 806,3183 742,3220 487,3165"/>
                <Baseline points="492,3233 537,3233 583,3234 629,3236 674,3237 720,3239 766,3240 811,3242 857,3243 903,3245 949,3246 994,3248 1040,3248 1086,3249 1131,3249 1177,3249 1223,3249 1268,3248 1314,3246 1360,3243 1406,3240"/>
                <TextEquiv>
                    <Unicode>just seyen, Daß der einten frauwen man</Unicode>
                </TextEquiv>
            </TextLine>
            <TextLine id="r2l37" custom="readingOrder {index:36;}">
                <Coords points="460,3306 553,3331 678,3306 770,3345 980,3320 1020,3355 1059,3320 1404,3323 1439,3258 1322,3246 1231,3289 1113,3249 1028,3287 890,3247 797,3291 677,3240 609,3271 460,3248"/>
                <Baseline points="467,3308 515,3308 563,3308 611,3308 659,3309 708,3309 756,3311 804,3312 852,3312 900,3314 949,3314 997,3315 1045,3315 1093,3317 1141,3317 1190,3317 1238,3315 1286,3315 1334,3314 1382,3312 1431,3309"/>
                <TextEquiv>
                    <Unicode>In ihr beidersyths bëcher ohne anders kahit</Unicode>
                </TextEquiv>
            </TextLine>
            <TextLine id="r2l38" custom="readingOrder {index:37;}">
                <Coords points="454,3387 538,3422 620,3383 797,3375 866,3422 915,3378 1254,3414 1431,3375 1431,3346 1350,3321 1191,3344 1159,3314 1049,3360 943,3317 819,3361 696,3320 454,3331"/>
                <Baseline points="461,3375 509,3375 557,3374 605,3374 653,3374 702,3374 750,3375 798,3375 846,3377 894,3377 943,3377 991,3378 1039,3378 1087,3378 1135,3378 1184,3378 1232,3377 1280,3377 1328,3375 1376,3374 1425,3371"/>
                <TextEquiv>
                    <Unicode>Ingeschriben, man habe in disem und jähren</Unicode>
                </TextEquiv>
            </TextLine>
            <TextLine id="r2l39" custom="readingOrder {index:38;}">
                <Coords points="460,3473 571,3437 754,3485 916,3434 1013,3493 1067,3450 1212,3492 1262,3450 1398,3450 1385,3422 1263,3426 1164,3384 1118,3409 914,3379 866,3422 798,3376 726,3415 648,3379 543,3419 460,3400"/>
                <Baseline points="467,3443 513,3443 559,3443 605,3443 651,3444 698,3444 744,3444 790,3444 836,3444 882,3444 929,3444 975,3444 1021,3444 1067,3444 1113,3444 1160,3444 1206,3446 1252,3446 1298,3446 1344,3447 1391,3447"/>
                <TextEquiv>
                    <Unicode>orth so vill gesteürt, welches aber faul und</Unicode>
                </TextEquiv>
            </TextLine>
            <TextLine id="r2l40" custom="readingOrder {index:39;}">
                <Coords points="461,3546 503,3529 540,3556 564,3541 586,3554 651,3513 710,3538 776,3511 811,3521 811,3490 759,3490 729,3476 714,3490 648,3477 630,3487 571,3437 515,3475 490,3457 462,3470"/>
                <Baseline points="468,3501 493,3505 519,3507 545,3508 571,3510 597,3512 623,3512 648,3512 674,3512 700,3512 726,3512 752,3512 778,3511 804,3510"/>
                <TextEquiv>
                    <Unicode>faltsch gewesen.</Unicode>
                </TextEquiv>
            </TextLine>
            <TextLine id="r2l41" custom="readingOrder {index:40;}">
                <Coords points="1325,3556 1344,3555 1365,3539 1383,3544 1411,3525 1430,3521 1426,3465 1416,3466 1385,3483 1380,3481 1367,3495 1341,3485 1333,3493 1321,3494"/>
                <Baseline points="1331,3536 1362,3533 1393,3531 1424,3530"/>
                <TextEquiv>
                    <Unicode>mit</Unicode>
                </TextEquiv>
            </TextLine>
            <TextEquiv>
                <Unicode>Daß deg einte so ihnen dise attestation
unnd büchli geschriben seines tauffnam
Hanß Jorg, der andere aber drane
heiße beid ustem francken land, dere si
namen sy sich nit zu erinneren müße. dise
habind gedente galtsche schyn zu kber geschilen.
unnd habe sy unnd ihr man wohl gewesen
Daß sy derglychen faltschen affestasionen
schon anderen mehr gemacht, wie dan dise
so sy nunmehr inhanden schon uff den vor
rath geschriben gewesen, da sy dise 2 tenst
ler in eli dm mirthshauß antroffen.
unnd ihre einte geselschafft, so mit ihnen
von Bafel alher komen, son damahls dar¬
mit versechen befunden.
Der krantz habe dhr einte otestation und liche
geschriben, der Hanß Jorg dan ihres mant
Wüße nit wosy die sigel genommen und siyn
Dise 2 gsellen noch dort verbliben, da sy
sampt ihrem mann hinwei gangen
obwohlen die underschrifft on unglicher
hand jesemarschyne, seye doch beides von
einem meister geschriben worden.
Die einten stgal ob sy schon mit grünem
wachs underlegt, seyen doch nit früsch uff
getruckt, sonder von anderen instrumen
en hinweg gerißen unnd subtil mit
strache oder sym uffgemacht worden sei
sy dan solches selbs uffmachen sechen.
Die geselschafft so mit ihro alherkommen seye
uff Meing zu zogen stnd habe sy die ie
zu Kasel die anderen aber erst sie antroffen
Darby habe sy verspüren mögen, daß der jag
eigen so sy zu sasel antroffen, ihre büch
dtnnd attestationen, so wenig alß ihre
just seyen, Daß der einten frauwen man
In ihr beidersyths bëcher ohne anders kahit
Ingeschriben, man habe in disem und jähren
orth so vill gesteürt, welches aber faul und
faltsch gewesen.
mit</Unicode>
            </TextEquiv>
        </TextRegion>
        <TextRegion orientation="0.0" id="r3" custom="readingOrder {index:2;}">
            <Coords points="1652,400 1652,3498 2787,3498 2787,400"/>
            <TextLine id="r3l1" custom="readingOrder {index:0;}">
                <Coords points="2578,476 2636,475 2669,454 2706,451 2707,370 2691,363 2673,370 2653,356 2628,379 2600,377 2593,371 2579,375"/>
                <Baseline points="2585,434 2613,432 2642,434 2670,434 2699,434"/>
                <TextEquiv>
                    <Unicode>169.</Unicode>
                </TextEquiv>
            </TextLine>
            <TextLine id="r3l2" custom="readingOrder {index:1;}">
                <Coords points="1647,700 1938,639 2033,667 2075,630 2220,634 2298,592 2384,631 2510,568 2573,609 2636,556 2678,573 2644,517 2503,527 2414,489 2291,534 1952,544 1860,596 1780,563 1637,620"/>
                <Baseline points="1652,684 1702,677 1753,667 1804,658 1855,651 1906,643 1957,636 2007,629 2058,622 2109,615 2160,609 2211,603 2262,597 2313,590 2363,586 2414,580 2465,574 2516,569 2567,564 2618,560 2669,555"/>
                <TextEquiv>
                    <Unicode>mit der einten frauwen, die sy hier ange-</Unicode>
                </TextEquiv>
            </TextLine>
            <TextLine id="r3l3" custom="readingOrder {index:2;}">
                <Coords points="1679,741 1768,758 1998,692 2694,635 2691,587 2632,561 2571,611 2520,573 2364,630 2291,595 2025,670 1949,640 1673,695"/>
                <Baseline points="1685,740 1735,731 1785,724 1835,715 1885,708 1935,701 1985,694 2035,688 2085,681 2135,676 2186,669 2236,663 2286,659 2336,653 2386,648 2436,642 2486,638 2536,633 2586,629 2636,623 2687,618"/>
                <TextEquiv>
                    <Unicode>toffen, vnd eintaffet vfseinhaupt ge¬</Unicode>
                </TextEquiv>
            </TextLine>
            <TextLine id="r3l4" custom="readingOrder {index:3;}">
                <Coords points="1672,809 1856,765 1968,786 2003,749 2218,756 2507,688 2636,724 2672,693 2664,623 2610,666 2549,633 2398,682 2346,652 2309,691 1998,691 1665,756"/>
                <Baseline points="1676,791 1725,786 1774,779 1824,773 1873,767 1922,761 1972,755 2021,750 2070,744 2120,739 2169,733 2218,727 2268,722 2317,717 2366,711 2416,705 2465,700 2514,694 2564,688 2613,681 2663,675"/>
                <TextEquiv>
                    <Unicode>tragen habe sy nit vill geredt, doch habe sy</Unicode>
                </TextEquiv>
            </TextLine>
            <TextLine id="r3l5" custom="readingOrder {index:4;}">
                <Coords points="1683,874 1764,838 1987,848 2039,808 2131,843 2176,804 2351,824 2400,787 2672,751 2666,701 2575,729 2508,688 2338,745 2188,740 2160,771 2058,751 1984,795 1857,764 1678,825"/>
                <Baseline points="1688,851 1736,844 1785,836 1834,830 1883,824 1931,818 1980,812 2029,808 2078,803 2126,798 2175,793 2224,789 2273,785 2321,779 2370,775 2419,770 2468,764 2516,758 2565,752 2614,745 2663,737"/>
                <TextEquiv>
                    <Unicode>alsbald gewüßt, daß ihre schrifften nit</Unicode>
                </TextEquiv>
            </TextLine>
            <TextLine id="r3l6" custom="readingOrder {index:5;}">
                <Coords points="1680,942 1710,927 1803,944 1843,906 1871,901 1884,909 1930,885 1924,847 1872,855 1844,838 1805,843 1794,853 1767,839 1752,844 1719,885 1684,858 1668,859"/>
                <Baseline points="1682,911 1708,908 1735,905 1762,901 1788,897 1815,893 1842,888 1868,885 1895,881 1922,878"/>
                <TextEquiv>
                    <Unicode>zus seyen</Unicode>
                </TextEquiv>
            </TextLine>
            <TextLine id="r3l7" custom="readingOrder {index:6;}">
                <Coords points="1685,1003 1804,963 1887,999 1949,954 2267,918 2370,945 2485,899 2722,892 2717,845 2565,814 2384,866 2190,836 2065,921 1925,878 1803,949 1681,959"/>
                <Baseline points="1691,987 1742,980 1793,972 1844,965 1895,958 1946,950 1997,945 2049,938 2100,933 2151,927 2202,922 2253,918 2304,912 2355,908 2407,905 2458,900 2509,897 2560,893 2611,890 2662,887 2714,884"/>
                <TextEquiv>
                    <Unicode>umb die facon einer jeden attertation</Unicode>
                </TextEquiv>
            </TextLine>
            <TextLine id="r3l8" custom="readingOrder {index:7;}">
                <Coords points="1654,1077 1750,1029 1912,1065 2049,1000 2213,1004 2254,974 2422,1011 2476,960 2566,965 2563,932 2486,899 2443,945 2325,950 2267,916 2117,956 1944,955 1870,1004 1811,970 1647,1008"/>
                <Baseline points="1658,1043 1703,1037 1748,1033 1793,1026 1838,1021 1883,1016 1928,1010 1973,1005 2018,1000 2063,995 2108,991 2153,986 2198,981 2243,977 2288,973 2333,970 2378,965 2423,962 2468,960 2513,957 2558,956"/>
                <TextEquiv>
                    <Unicode>habind sy 1 thaler bezahlen müßen.</Unicode>
                </TextEquiv>
            </TextLine>
            <TextLine id="r3l9" custom="readingOrder {index:8;} place {offset:36; length:7;}">
                <Coords points="1687,1116 1809,1127 1941,1074 2222,1102 2295,1050 2581,1026 2731,1043 2724,961 2602,955 2544,1003 2484,960 2425,1010 2352,980 2231,1017 2161,984 1901,1067 1683,1055"/>
                <Baseline points="1694,1107 1745,1100 1796,1094 1848,1087 1899,1082 1951,1076 2002,1071 2054,1066 2105,1061 2157,1057 2208,1053 2259,1050 2311,1046 2362,1044 2414,1040 2465,1037 2517,1035 2568,1032 2620,1029 2671,1028 2723,1025"/>
                <TextEquiv>
                    <Unicode>mit ihrem meithi seye sy allein von Stgalle</Unicode>
                </TextEquiv>
            </TextLine>
            <TextLine id="r3l10" custom="readingOrder {index:9;} place {offset:9; length:6;}">
                <Coords points="1705,1194 1819,1147 1884,1170 2199,1107 2490,1125 2731,1094 2738,1054 2496,1036 2226,1096 2145,1060 1941,1074 1825,1129 1699,1118"/>
                <Baseline points="1709,1160 1760,1154 1811,1148 1862,1143 1913,1137 1964,1132 2015,1128 2067,1124 2118,1119 2169,1115 2220,1112 2271,1107 2322,1104 2373,1101 2425,1097 2476,1093 2527,1090 2578,1086 2629,1083 2680,1081 2732,1077"/>
                <TextEquiv>
                    <Unicode>biß nach stasel kommen mnnd habe ihr mann</Unicode>
                </TextEquiv>
            </TextLine>
            <TextLine id="r3l11" custom="readingOrder {index:10;}">
                <Coords points="1688,1224 2072,1197 2100,1172 2344,1172 2375,1150 2371,1098 2220,1116 2192,1145 1997,1137 1927,1172 1820,1147 1732,1199 1684,1177"/>
                <Baseline points="1694,1217 1727,1214 1761,1210 1795,1207 1829,1203 1862,1200 1896,1197 1930,1194 1964,1190 1997,1188 2031,1185 2065,1182 2099,1179 2132,1177 2166,1174 2200,1171 2234,1168 2267,1166 2301,1163 2335,1159 2369,1157"/>
                <TextEquiv>
                    <Unicode>ein anderen mag genommen</Unicode>
                </TextEquiv>
            </TextLine>
            <TextLine id="r3l12" custom="readingOrder {index:11;}">
                <Coords points="1667,1306 1887,1314 2000,1263 2204,1246 2373,1278 2454,1233 2531,1285 2695,1237 2690,1156 2639,1141 2571,1188 2521,1155 2469,1204 2374,1170 2238,1197 2103,1172 1913,1238 1815,1208 1664,1248"/>
                <Baseline points="1673,1292 1723,1286 1774,1280 1825,1275 1875,1271 1926,1266 1977,1262 2027,1257 2078,1253 2129,1249 2180,1246 2230,1244 2281,1241 2332,1239 2382,1236 2433,1235 2484,1232 2534,1230 2585,1229 2636,1227 2687,1226"/>
                <TextEquiv>
                    <Unicode>daß sy sich diser atterstationen schon lengst be-</Unicode>
                </TextEquiv>
            </TextLine>
            <TextLine id="r3l13" custom="readingOrder {index:12;}">
                <Coords points="1692,1372 1921,1326 2017,1354 2053,1324 2145,1342 2231,1309 2281,1342 2360,1299 2423,1338 2500,1302 2497,1256 2414,1241 2368,1278 2231,1247 1878,1308 1730,1284 1688,1313"/>
                <Baseline points="1697,1346 1736,1342 1776,1337 1816,1333 1856,1329 1895,1327 1935,1323 1975,1320 2015,1318 2054,1316 2094,1313 2134,1311 2174,1308 2213,1307 2253,1304 2293,1303 2333,1301 2372,1298 2412,1296 2452,1295 2492,1292"/>
                <TextEquiv>
                    <Unicode>holffen überscheche ihre grablich.</Unicode>
                </TextEquiv>
            </TextLine>
            <TextLine id="r3l14" custom="readingOrder {index:13;}">
                <Coords points="1673,1435 1877,1435 2007,1389 2687,1376 2706,1297 2596,1286 2453,1346 2320,1315 2275,1342 2237,1308 1965,1360 1927,1332 1773,1387 1669,1359"/>
                <Baseline points="1679,1416 1730,1411 1781,1407 1832,1404 1883,1400 1934,1397 1985,1394 2037,1392 2088,1389 2139,1386 2190,1385 2241,1383 2292,1380 2343,1379 2395,1376 2446,1374 2497,1371 2548,1368 2599,1365 2650,1361 2702,1356"/>
                <TextEquiv>
                    <Unicode>Wan sy schon hievor hierdurch gereiset habe.</Unicode>
                </TextEquiv>
            </TextLine>
            <TextLine id="r3l15" custom="readingOrder {index:14;} place {offset:34; length:7;}">
                <Coords points="1763,1467 2032,1479 2071,1448 2205,1447 2275,1490 2335,1444 2419,1484 2482,1448 2603,1472 2733,1427 2731,1371 1761,1421"/>
                <Baseline points="1769,1466 1816,1463 1864,1461 1912,1458 1960,1455 2008,1452 2056,1451 2103,1449 2151,1446 2199,1444 2247,1442 2295,1439 2343,1437 2391,1435 2438,1433 2486,1431 2534,1429 2582,1427 2630,1425 2678,1422 2726,1421"/>
                <TextEquiv>
                    <Unicode>sich meing in der statt sonder zu Pümpliz</Unicode>
                </TextEquiv>
            </TextLine>
            <TextLine id="r3l16" custom="readingOrder {index:15;}">
                <Coords points="1721,1533 1728,1529 1739,1497 1748,1493 1754,1472 1760,1469 1728,1421 1715,1431 1707,1451 1703,1452 1695,1476 1687,1481"/>
                <Baseline points="1707,1500 1752,1470"/>
                <TextEquiv>
                    <Unicode>6</Unicode>
                </TextEquiv>
            </TextLine>
            <TextLine id="r3l17" custom="readingOrder {index:16;}">
                <Coords points="1718,1569 1757,1568 1789,1533 1825,1535 1883,1563 1891,1554 1917,1557 1945,1527 1999,1515 1995,1478 1974,1480 1932,1456 1915,1472 1856,1473 1842,1485 1790,1466 1729,1515 1713,1510"/>
                <Baseline points="1722,1538 1749,1533 1776,1531 1803,1527 1830,1524 1857,1521 1884,1518 1911,1517 1938,1516 1965,1515 1992,1515"/>
                <TextEquiv>
                    <Unicode>uffgehalten</Unicode>
                </TextEquiv>
            </TextLine>
            <TextLine id="r3l18" custom="readingOrder {index:17;} place {offset:28; length:5;}">
                <Coords points="1659,1642 1767,1654 1847,1604 1894,1635 2055,1599 2234,1626 2372,1578 2452,1616 2536,1589 2612,1616 2653,1574 2724,1575 2672,1533 2480,1502 2324,1556 2078,1549 2006,1513 1774,1593 1656,1566"/>
                <Baseline points="1665,1617 1717,1613 1770,1610 1822,1607 1875,1604 1928,1602 1980,1599 2033,1596 2085,1594 2138,1592 2191,1590 2243,1587 2296,1586 2348,1583 2401,1581 2454,1578 2506,1577 2559,1574 2611,1571 2664,1569 2717,1566"/>
                <TextEquiv>
                    <Unicode>Da sy das erste mahl nacher genff gangen</Unicode>
                </TextEquiv>
            </TextLine>
            <TextLine id="r3l19" custom="readingOrder {index:18;}">
                <Coords points="1696,1695 2066,1655 2236,1698 2296,1657 2521,1643 2667,1675 2715,1654 2712,1574 2612,1615 2445,1621 2371,1578 2238,1627 2126,1602 1917,1643 1848,1604 1777,1652 1693,1638"/>
                <Baseline points="1701,1674 1751,1671 1801,1670 1852,1667 1902,1665 1952,1662 2003,1660 2053,1658 2103,1656 2154,1653 2204,1652 2254,1649 2305,1647 2355,1646 2405,1643 2456,1641 2506,1640 2556,1637 2607,1635 2657,1632 2708,1631"/>
                <TextEquiv>
                    <Unicode>habe sy keine mahren gehabt, aber mahl by</Unicode>
                </TextEquiv>
            </TextLine>
            <TextLine id="r3l20" custom="readingOrder {index:19;}">
                <Coords points="1702,1761 1802,1767 1916,1745 2092,1755 2139,1737 2164,1751 2208,1725 2206,1658 2185,1647 2113,1675 2050,1653 2026,1675 2003,1666 1946,1703 1900,1706 1862,1681 1799,1708 1764,1678 1700,1688"/>
                <Baseline points="1707,1728 1733,1728 1759,1728 1785,1728 1811,1727 1837,1727 1863,1726 1889,1725 1915,1723 1941,1722 1967,1721 1993,1720 2019,1719 2045,1718 2071,1718 2097,1716 2123,1716 2149,1717 2175,1718 2201,1718"/>
                <TextEquiv>
                    <Unicode>Ihrer zwrnetkunfft.</Unicode>
                </TextEquiv>
            </TextLine>
            <TextLine id="r3l21" custom="readingOrder {index:20;}">
                <Coords points="1702,1839 1773,1807 1917,1851 2054,1806 2120,1847 2532,1794 2605,1844 2681,1801 2731,1818 2729,1754 2659,1735 2605,1772 2387,1728 2288,1776 2204,1730 2124,1788 1972,1786 1918,1748 1701,1772"/>
                <Baseline points="1709,1821 1759,1818 1810,1817 1861,1815 1911,1814 1962,1811 2013,1809 2063,1808 2114,1806 2165,1805 2216,1803 2266,1802 2317,1800 2368,1800 2418,1799 2469,1799 2520,1797 2570,1797 2621,1797 2672,1797 2723,1799"/>
                <TextEquiv>
                    <Unicode>So habe sy zwar auch vorgehaltner maßen</Unicode>
                </TextEquiv>
            </TextLine>
            <TextLine id="r3l22" custom="readingOrder {index:21;}">
                <Coords points="1720,1903 1858,1870 1956,1909 2027,1873 2746,1873 2745,1826 2604,1845 2531,1794 2452,1840 2370,1810 2036,1855 2009,1829 1826,1851 1775,1807 1719,1831"/>
                <Baseline points="1727,1877 1777,1875 1828,1875 1878,1874 1929,1874 1979,1873 2030,1872 2080,1872 2131,1871 2181,1869 2232,1869 2283,1868 2333,1867 2384,1866 2434,1865 2485,1865 2535,1863 2586,1863 2636,1862 2687,1860 2738,1860"/>
                <TextEquiv>
                    <Unicode>schon damahls etwas derglychen attertation</Unicode>
                </TextEquiv>
            </TextLine>
            <TextLine id="r3l23" custom="readingOrder {index:22;}">
                <Coords points="1708,1980 1881,1941 2093,1980 2442,1960 2483,1927 2678,1953 2736,1898 2684,1873 2298,1916 2235,1876 2139,1900 2052,1874 1955,1909 1857,1871 1707,1917"/>
                <Baseline points="1715,1935 1765,1935 1816,1935 1867,1935 1917,1935 1968,1935 2019,1935 2069,1935 2120,1934 2171,1934 2222,1932 2272,1932 2323,1931 2374,1931 2424,1929 2475,1928 2526,1928 2576,1926 2627,1926 2678,1925 2729,1923"/>
                <TextEquiv>
                    <Unicode>gehabt aberselbige sydther zimmen geworffen</Unicode>
                </TextEquiv>
            </TextLine>
            <TextLine id="r3l24" custom="readingOrder {index:23;}">
                <Coords points="1654,2042 2734,2053 2751,1967 2594,1995 2487,1930 2439,1963 1997,1963 1923,2009 1816,1951 1743,1990 1653,1941"/>
                <Baseline points="1661,2033 1715,2033 1769,2033 1823,2033 1877,2033 1931,2033 1985,2033 2040,2032 2094,2031 2148,2031 2202,2030 2256,2029 2310,2028 2364,2028 2419,2027 2473,2027 2527,2027 2581,2025 2635,2025 2689,2026 2744,2027"/>
                <TextEquiv>
                    <Unicode>Der jänige s ihra dise erste attestation gehabt</Unicode>
                </TextEquiv>
            </TextLine>
            <TextLine id="r3l25" custom="readingOrder {index:24;}">
                <Coords points="1727,2112 1799,2093 1882,2142 1937,2098 2028,2120 2097,2087 2196,2137 2271,2093 2370,2130 2458,2093 2738,2104 2738,2072 2593,2025 2544,2062 2215,2033 2154,2068 1933,2026 1894,2064 1853,2032 1727,2065"/>
                <Baseline points="1734,2088 1783,2091 1833,2093 1883,2094 1933,2096 1983,2096 2033,2096 2083,2096 2133,2096 2183,2095 2233,2094 2282,2094 2332,2093 2382,2093 2432,2091 2482,2091 2532,2091 2582,2091 2632,2091 2682,2093 2732,2094"/>
                <TextEquiv>
                    <Unicode>gemacht, habe doh gogthuber geheißen ußem</Unicode>
                </TextEquiv>
            </TextLine>
            <TextLine id="r3l26" custom="readingOrder {index:25;} place {offset:0; length:10;}">
                <Coords points="1702,2184 2719,2167 2718,2129 2653,2099 2558,2135 2458,2093 2207,2138 2097,2087 2026,2121 1943,2097 1878,2140 1765,2091 1702,2139"/>
                <Baseline points="1709,2159 1759,2159 1809,2159 1859,2157 1909,2157 1959,2157 2009,2156 2059,2156 2109,2156 2159,2156 2210,2154 2260,2154 2310,2153 2360,2153 2410,2153 2460,2151 2510,2151 2560,2150 2610,2150 2660,2149 2711,2148"/>
                <TextEquiv>
                    <Unicode>Beyerlandt gebührtn. Die letsteren aber</Unicode>
                </TextEquiv>
            </TextLine>
            <TextLine id="r3l27" custom="readingOrder {index:26;} person {offset:12; length:16;}">
                <Coords points="1712,2261 1825,2223 1906,2269 2133,2214 2262,2244 2766,2207 2745,2131 2709,2168 2607,2150 2478,2192 2073,2156 2015,2199 1957,2168 1814,2194 1775,2158 1711,2189"/>
                <Baseline points="1718,2225 1770,2225 1822,2223 1874,2223 1926,2222 1978,2222 2030,2220 2082,2219 2134,2218 2186,2217 2238,2216 2290,2214 2342,2213 2394,2212 2446,2211 2498,2210 2550,2208 2602,2207 2654,2207 2706,2205 2759,2204"/>
                <TextEquiv>
                    <Unicode>seyen durch Hanß Jörg Küffer ein studente</Unicode>
                </TextEquiv>
            </TextLine>
            <TextLine id="r3l28" custom="readingOrder {index:27;}">
                <Coords points="1726,2310 1922,2284 2048,2325 2096,2286 2732,2270 2731,2228 2660,2212 2415,2252 2146,2215 2007,2264 1899,2266 1830,2222 1725,2245"/>
                <Baseline points="1733,2288 1782,2286 1832,2286 1881,2285 1931,2284 1981,2283 2030,2282 2080,2282 2130,2280 2179,2279 2229,2277 2279,2277 2328,2276 2378,2274 2428,2273 2477,2273 2527,2271 2577,2270 2626,2270 2676,2268 2726,2268"/>
                <TextEquiv>
                    <Unicode>zu Ulm gemacht worden. der halte sich doch</Unicode>
                </TextEquiv>
            </TextLine>
            <TextLine id="r3l29" custom="readingOrder {index:28;}">
                <Coords points="1718,2363 2073,2347 2117,2371 2147,2340 2347,2336 2388,2376 2478,2353 2518,2378 2567,2331 2686,2342 2685,2293 2569,2266 2300,2304 2095,2286 2048,2325 1863,2287 1718,2325"/>
                <Baseline points="1725,2349 1772,2348 1820,2348 1867,2348 1915,2346 1963,2346 2010,2345 2058,2345 2106,2343 2153,2343 2201,2342 2249,2341 2296,2340 2344,2339 2392,2337 2439,2336 2487,2334 2535,2333 2582,2331 2630,2328 2678,2327"/>
                <TextEquiv>
                    <Unicode>nit continuierlich zu alm aff, sonder</Unicode>
                </TextEquiv>
            </TextLine>
            <TextLine id="r3l30" custom="readingOrder {index:29;}">
                <Coords points="1724,2430 2114,2455 2220,2402 2556,2423 2760,2394 2621,2325 2463,2385 2345,2335 2214,2379 2073,2348 1814,2389 1722,2363"/>
                <Baseline points="1730,2417 1781,2415 1832,2414 1883,2414 1934,2412 1985,2411 2036,2409 2088,2409 2139,2408 2190,2406 2241,2405 2292,2403 2343,2402 2394,2400 2446,2399 2497,2397 2548,2396 2599,2394 2650,2393 2701,2391 2753,2388"/>
                <TextEquiv>
                    <Unicode>begebe sich offtmahl an andere ooth für ein</Unicode>
                </TextEquiv>
            </TextLine>
            <TextLine id="r3l31" custom="readingOrder {index:30;}">
                <Coords points="1731,2532 1976,2473 2061,2510 2215,2480 2269,2516 2331,2475 2479,2470 2546,2511 2683,2462 2757,2477 2755,2408 2688,2391 2413,2446 2317,2410 1965,2460 1728,2428"/>
                <Baseline points="1736,2486 1786,2483 1837,2481 1888,2478 1938,2477 1989,2475 2040,2474 2090,2474 2141,2472 2192,2472 2243,2471 2293,2470 2344,2469 2395,2468 2445,2467 2496,2466 2547,2464 2597,2462 2648,2459 2699,2456 2750,2453"/>
                <TextEquiv>
                    <Unicode>zyth can Obiger dorthuber dan seye sonst</Unicode>
                </TextEquiv>
            </TextLine>
            <TextLine id="r3l32" custom="readingOrder {index:31;}">
                <Coords points="1733,2589 1784,2552 1898,2572 1980,2541 2047,2568 2220,2547 2360,2580 2422,2539 2487,2549 2487,2500 2339,2480 2269,2515 2156,2477 2060,2510 2024,2476 1936,2477 1732,2528"/>
                <Baseline points="1739,2546 1776,2546 1813,2544 1850,2544 1887,2544 1924,2543 1961,2543 1998,2543 2035,2542 2072,2541 2109,2541 2146,2541 2183,2540 2220,2540 2257,2540 2294,2539 2331,2538 2368,2538 2405,2538 2442,2538 2480,2538"/>
                <TextEquiv>
                    <Unicode>seines handtwerks ein mahler.</Unicode>
                </TextEquiv>
            </TextLine>
            <TextLine id="r3l33" custom="readingOrder {index:32;}">
                <Coords points="1711,2657 1862,2620 1940,2664 1992,2622 2049,2658 2088,2626 2265,2621 2518,2664 2761,2605 2599,2601 2422,2539 2360,2581 2215,2546 2018,2575 1983,2541 1790,2580 1712,2534"/>
                <Baseline points="1718,2621 1769,2619 1821,2619 1873,2619 1925,2618 1977,2618 2028,2618 2080,2618 2132,2619 2184,2619 2236,2619 2287,2619 2339,2620 2391,2621 2443,2621 2495,2622 2546,2622 2598,2622 2650,2624 2702,2624 2754,2625"/>
                <TextEquiv>
                    <Unicode>In der ersten attestation habe sy sich für ein</Unicode>
                </TextEquiv>
            </TextLine>
            <TextLine id="r3l34" custom="readingOrder {index:33;}">
                <Coords points="1730,2694 1880,2713 2074,2680 2181,2726 2269,2687 2335,2716 2379,2676 2631,2733 2758,2695 2759,2625 2580,2666 2264,2622 2221,2654 2121,2622 2048,2658 2004,2625 1943,2664 1850,2621 1730,2646"/>
                <Baseline points="1737,2679 1787,2679 1838,2679 1889,2679 1939,2679 1990,2679 2041,2679 2091,2680 2142,2681 2193,2681 2244,2681 2294,2682 2345,2682 2396,2684 2446,2684 2497,2684 2548,2684 2598,2685 2649,2685 2700,2685 2751,2685"/>
                <TextEquiv>
                    <Unicode>kauffmanni ußgeben, Ihr Manaber habe</Unicode>
                </TextEquiv>
            </TextLine>
            <TextLine id="r3l35" custom="readingOrder {index:34;}">
                <Coords points="1700,2769 1777,2744 1854,2779 1895,2747 2013,2743 2107,2772 2205,2742 2441,2763 2453,2688 2380,2675 2334,2716 2289,2695 2181,2725 2075,2679 2036,2715 1958,2687 1738,2715 1701,2689"/>
                <Baseline points="1707,2739 1743,2739 1780,2739 1817,2741 1854,2741 1891,2741 1928,2741 1965,2741 2002,2742 2039,2742 2076,2742 2112,2744 2149,2744 2186,2744 2223,2745 2260,2745 2297,2747 2334,2747 2371,2748 2408,2748 2445,2750"/>
                <TextEquiv>
                    <Unicode>damahls noch keine gehabt</Unicode>
                </TextEquiv>
            </TextLine>
            <TextLine id="r3l36" custom="readingOrder {index:35;}">
                <Coords points="1721,2830 1833,2863 1879,2827 1928,2856 2186,2821 2292,2869 2541,2822 2680,2876 2770,2840 2733,2754 2667,2796 2543,2747 2059,2779 1947,2749 1785,2794 1722,2760"/>
                <Baseline points="1728,2816 1779,2816 1831,2817 1883,2819 1935,2819 1986,2820 2038,2820 2090,2820 2142,2822 2193,2822 2245,2822 2297,2823 2349,2823 2400,2823 2452,2825 2504,2825 2556,2826 2607,2828 2659,2829 2711,2829 2763,2831"/>
                <TextEquiv>
                    <Unicode>vor ohnpferd 2 jahren sey sy mit der ersten</Unicode>
                </TextEquiv>
            </TextLine>
            <TextLine id="r3l37" custom="readingOrder {index:36;}">
                <Coords points="1709,2902 1968,2881 2091,2920 2140,2886 2325,2929 2495,2890 2664,2937 2758,2911 2758,2864 2598,2871 2543,2837 2287,2870 2183,2823 1710,2845"/>
                <Baseline points="1716,2879 1767,2880 1819,2881 1871,2882 1923,2882 1974,2883 2026,2883 2078,2885 2130,2885 2181,2885 2233,2886 2285,2886 2337,2888 2388,2888 2440,2888 2492,2889 2544,2889 2595,2891 2647,2892 2699,2893 2751,2894"/>
                <TextEquiv>
                    <Unicode>durch das meltschland biß nach neiws ge</Unicode>
                </TextEquiv>
            </TextLine>
            <TextLine id="r3l38" custom="readingOrder {index:37;}">
                <Coords points="1738,2949 1950,2958 1987,2994 2205,2944 2252,2984 2321,2951 2449,2991 2531,2949 2761,2976 2748,2932 2556,2934 2435,2893 2326,2929 2141,2886 2091,2920 1889,2881 1739,2915"/>
                <Baseline points="1745,2943 1795,2943 1845,2943 1896,2943 1946,2945 1997,2945 2047,2945 2098,2946 2148,2946 2199,2947 2249,2948 2299,2949 2350,2949 2400,2951 2451,2952 2501,2953 2552,2954 2602,2955 2653,2957 2703,2958 2754,2960"/>
                <TextEquiv>
                    <Unicode>rechet, und habt sich dasampt Ihrem mann</Unicode>
                </TextEquiv>
            </TextLine>
            <TextLine id="r3l39" custom="readingOrder {index:38;} place {offset:11; length:5;}">
                <Coords points="1751,3014 1844,3044 1895,3020 2121,3045 2367,3011 2539,3024 2540,2949 2453,2991 2332,2951 2251,2983 2204,2943 2125,2987 2040,2961 1985,2992 1944,2958 1854,2987 1752,2945"/>
                <Baseline points="1758,3003 1796,3005 1835,3005 1874,3006 1912,3008 1951,3008 1990,3009 2028,3009 2067,3010 2106,3011 2145,3011 2183,3012 2222,3012 2261,3014 2299,3014 2338,3014 2377,3014 2415,3015 2454,3015 2493,3015 2532,3015"/>
                <TextEquiv>
                    <Unicode>biß nacher Geuff embarguiert.</Unicode>
                </TextEquiv>
            </TextLine>
            <TextLine id="r3l40" custom="readingOrder {index:39;}">
                <Coords points="1715,3114 1810,3084 1850,3126 1906,3092 1953,3133 2003,3100 2060,3134 2198,3093 2693,3115 2705,3033 2537,3021 2467,3061 2367,3011 2246,3064 2137,3038 2061,3066 1971,3028 1861,3049 1717,3014"/>
                <Baseline points="1722,3089 1770,3087 1819,3087 1868,3086 1917,3087 1965,3087 2014,3088 2063,3089 2112,3090 2160,3092 2209,3093 2258,3095 2307,3096 2355,3098 2404,3099 2453,3101 2502,3101 2550,3101 2599,3101 2648,3101 2697,3099"/>
                <TextEquiv>
                    <Unicode>Was sy dißmahls angebt alhier bekommen.</Unicode>
                </TextEquiv>
            </TextLine>
            <TextLine id="r3l41" custom="readingOrder {index:40;}">
                <Coords points="1755,3162 1894,3155 1972,3195 2188,3157 2341,3184 2394,3154 2535,3187 2749,3172 2762,3139 2611,3101 2476,3139 2329,3092 2060,3134 2006,3099 1961,3132 1851,3126 1811,3085 1756,3103"/>
                <Baseline points="1761,3143 1810,3144 1860,3146 1909,3147 1959,3149 2009,3150 2058,3151 2108,3152 2158,3153 2207,3153 2257,3155 2307,3156 2356,3156 2406,3157 2456,3158 2505,3158 2555,3159 2605,3159 2654,3161 2704,3161 2754,3162"/>
                <TextEquiv>
                    <Unicode>könne sy sy eigentlich nit senen, wylen man</Unicode>
                </TextEquiv>
            </TextLine>
            <TextLine id="r3l42" custom="readingOrder {index:41;}">
                <Coords points="1735,3237 2379,3221 2450,3267 2521,3239 2569,3263 2670,3225 2778,3246 2779,3199 2679,3157 2542,3197 2393,3153 2302,3195 2108,3163 1982,3200 1736,3152"/>
                <Baseline points="1742,3209 1793,3211 1845,3212 1896,3213 1948,3215 1999,3216 2051,3218 2102,3218 2154,3219 2205,3221 2257,3221 2308,3222 2360,3222 2411,3223 2463,3224 2514,3224 2566,3224 2617,3224 2669,3224 2720,3224 2772,3224"/>
                <TextEquiv>
                    <Unicode>ihro anetlichen orthen nit mehr alß etwan</Unicode>
                </TextEquiv>
            </TextLine>
            <TextLine id="r3l43" custom="readingOrder {index:42;}">
                <Coords points="1760,3288 1793,3281 1818,3295 1858,3269 1903,3315 1961,3300 1990,3319 2038,3292 2066,3308 2081,3296 2139,3303 2140,3264 2121,3266 2080,3232 2049,3243 2024,3222 1997,3247 1947,3250 1914,3219 1867,3214 1818,3245 1761,3246"/>
                <Baseline points="1767,3279 1793,3278 1819,3276 1845,3276 1871,3276 1897,3277 1923,3278 1950,3278 1976,3280 2002,3282 2028,3282 2054,3284 2080,3285 2106,3285 2133,3285"/>
                <TextEquiv>
                    <Unicode>3 oder 6 p geben.</Unicode>
                </TextEquiv>
            </TextLine>
            <TextLine id="r3l44" custom="readingOrder {index:43;}">
                <Coords points="1725,3377 2794,3367 2794,3331 2709,3280 2382,3330 2210,3278 2114,3318 1898,3321 1848,3277 1766,3319 1725,3290"/>
                <Baseline points="1731,3351 1783,3353 1836,3353 1889,3354 1942,3356 1995,3357 2047,3358 2100,3359 2153,3360 2206,3361 2259,3362 2311,3362 2364,3362 2417,3363 2470,3362 2523,3362 2575,3361 2628,3359 2681,3357 2734,3354 2787,3353"/>
                <TextEquiv>
                    <Unicode>Wie vill sy das vorgehndere mahl bekommen könne.</Unicode>
                </TextEquiv>
            </TextLine>
            <TextLine id="r3l45" custom="readingOrder {index:44;}">
                <Coords points="1762,3467 2181,3420 2394,3473 2466,3416 2507,3444 2786,3422 2757,3358 2662,3397 2415,3360 2354,3401 2089,3356 1956,3391 1762,3372"/>
                <Baseline points="1769,3423 1819,3419 1870,3416 1920,3413 1971,3413 2021,3413 2072,3413 2122,3414 2173,3416 2223,3419 2274,3420 2325,3422 2375,3423 2426,3425 2476,3425 2527,3425 2577,3423 2628,3422 2678,3419 2729,3413 2780,3407"/>
                <TextEquiv>
                    <Unicode>sy sich auch nit erinneren, seye war auch in</Unicode>
                </TextEquiv>
            </TextLine>
            <TextLine id="r3l46" custom="readingOrder {index:45;}">
                <Coords points="2670,3501 2681,3503 2688,3499 2702,3503 2711,3494 2724,3494 2736,3488 2791,3490 2789,3451 2776,3451 2767,3457 2760,3450 2739,3446 2717,3433 2699,3436 2680,3455 2669,3458"/>
                <Baseline points="2676,3483 2703,3480 2730,3480 2757,3480 2784,3477"/>
                <TextEquiv>
                    <Unicode>der</Unicode>
                </TextEquiv>
            </TextLine>
            <TextEquiv>
                <Unicode>169.
mit der einten frauwen, die sy hier ange-
toffen, vnd eintaffet vfseinhaupt ge¬
tragen habe sy nit vill geredt, doch habe sy
alsbald gewüßt, daß ihre schrifften nit
zus seyen
umb die facon einer jeden attertation
habind sy 1 thaler bezahlen müßen.
mit ihrem meithi seye sy allein von Stgalle
biß nach stasel kommen mnnd habe ihr mann
ein anderen mag genommen
daß sy sich diser atterstationen schon lengst be-
holffen überscheche ihre grablich.
Wan sy schon hievor hierdurch gereiset habe.
sich meing in der statt sonder zu Pümpliz
6
uffgehalten
Da sy das erste mahl nacher genff gangen
habe sy keine mahren gehabt, aber mahl by
Ihrer zwrnetkunfft.
So habe sy zwar auch vorgehaltner maßen
schon damahls etwas derglychen attertation
gehabt aberselbige sydther zimmen geworffen
Der jänige s ihra dise erste attestation gehabt
gemacht, habe doh gogthuber geheißen ußem
Beyerlandt gebührtn. Die letsteren aber
seyen durch Hanß Jörg Küffer ein studente
zu Ulm gemacht worden. der halte sich doch
nit continuierlich zu alm aff, sonder
begebe sich offtmahl an andere ooth für ein
zyth can Obiger dorthuber dan seye sonst
seines handtwerks ein mahler.
In der ersten attestation habe sy sich für ein
kauffmanni ußgeben, Ihr Manaber habe
damahls noch keine gehabt
vor ohnpferd 2 jahren sey sy mit der ersten
durch das meltschland biß nach neiws ge
rechet, und habt sich dasampt Ihrem mann
biß nacher Geuff embarguiert.
Was sy dißmahls angebt alhier bekommen.
könne sy sy eigentlich nit senen, wylen man
ihro anetlichen orthen nit mehr alß etwan
3 oder 6 p geben.
Wie vill sy das vorgehndere mahl bekommen könne.
sy sich auch nit erinneren, seye war auch in
der</Unicode>
            </TextEquiv>
        </TextRegion>
    </Page>
</PcGts>
