3024 4032
76 434 179 526 188.
324 522 1358 753 B  Diser fürgeben ist der meister solle
400 617 1350 804 vorgestelt worden, welche uffgegebme
416 680 1375 878 gung eine ambstand alß under anderen
421 762 1352 907 daß er damahls in disem vorhaben ein
403 809 1354 983 schwartze Cataquen angezogen) deßen ge¬
417 869 1359 1032 stredig sein wünßen. Wie zuglych daßer
409 932 1357 1098 ihmme dem buben, daer noch an der mahn
428 1004 1317 1131 weren der großen kirchengewesenem
420 1054 1327 1218 gutteren mit ihr unnd Myße kelch
423 1125 1385 1282 geben nach brunnaderen getragen welghe
419 1191 1341 1318 alleß er daselbst verbaucht undt dem
407 1252 1053 1367 herren spitahlm angerechnet
1050 1301 1320 1394 Wyters
412 1326 1370 1448 Ist ihmme dem mr noch von disem belen
422 1385 1382 1531 vorgehalten worden, daß er in r lvogt
418 1468 1371 1590 grohten hauß daer gearbeitet undt ein
441 1514 1357 1630 schaffti abgebrochen, etwas gelts tunden
433 1582 1342 1693 welches er behalten, damahls habe auch
441 1650 1376 1767 er der bub schiltmacht stehen müßen alle
430 1716 1321 1828 wyll sy ziwer disem schäfftli meser
448 1791 1385 1907 gablen und andere kleine hëndel gefunden,
442 1853 1348 1966 und in der hoffnung gestanden, etwas nehr
452 1918 1378 2030 weos zefinden, schiltmachst stohen müßen.
412 2041 1347 2181 Dach dem nunuff diß alleß disem
437 2124 1362 2229 knaben nochmahen gantz ernstlich zuge
450 2185 1375 2299 sprochen worden die grundtliche morteit
456 2244 1385 2332 antag vegeben hat er mit seemeiden
454 2310 1386 2410 auger bekent, daß er sich da in deß jrncken
441 2363 1390 2491 lvogt von Mattenwyls hauß enmahl f
461 2434 1338 2523 einem abend umb der hirten da man
446 2493 1377 2617 schon das thor beschließen wellen und deer
444 2550 1392 2684 Im fürübergang die haußthür umb etwas
459 2621 1372 2749 offen gesethen hinein geschleickt und zu ers
447 2691 1402 2796 In den bancktröglen under der töchteren
469 2747 1384 2871 kleidegen etwas zeentwenden geslucht, vnd
460 2817 1408 2935 under anderem in der jungfr juliaren en
460 2885 1395 3008 deß rocken einem vierthalben batzen ge
471 2959 1407 3068 funden, hernach habe er mit dem spz eine
450 3021 1419 3132 daselbst gefundenen hackmeßers das schi
448 3090 1402 3203 des schaffts geöffnet darin er ei tgen
471 3130 1420 3262 sikel voll wagt Haber ersechen und darvon
469 3200 1432 3325 50 stuck wie auch noch 2 und ein halbe dubl
472 3267 1414 3381 in sem (dieerhernach by herren roscelt am
1270 3331 1390 3416 von
458 3342 1275 3451 stalden gewechtlet) entwendet.
460 3398 1380 3518 Disen 50 thalleren habe er obige 20 ß h
1226 3447 1417 3538 Stattlert
2581 377 2691 476 189
1644 466 2722 702 Stttlers künen vorstrecken können, welche
1691 543 2668 730 in aber schonzman bekommen unnd miege
2469 629 2631 693 seine
1679 631 2375 780 meldt zin unnd wider veosspilt
1681 658 2722 840 mitspiller den seyen fürnemlich folgende
1691 801 1936 918 persohnen.
1673 785 2721 1005 Peter hiltbaumer der küger in herren lerbers
1699 896 2735 1041 sel Rein der habe Ihm 8 thales abgenimmen.
1675 941 2728 1102 schwyber von Münsigen namn gabert graßen
1685 1024 2536 1161 Ulli Moseo der mioch zu Rubigen
1689 1076 2728 1252 Hanß Rötlisperger deß herre tattlers küger
1734 1206 2078 1324 rd Hußman
1703 1224 2734 1386 Christen Jost herren lvogt Müllers Hußman
1754 1317 2325 1410 vor dem oberen
1701 1361 1740 1418 6
1711 1371 2692 1529 Christen M�ller uffem Hubel by herren admig
1825 1472 2058 1545 zechenoo
1714 1479 2655 1630 Peter Malher der Hußman in obigen herren
1761 1576 2167 1661 werbers sel rein.
1655 1625 2769 1760 Da der erste und disen rechsen seines ernnerens
1761 1694 2752 1804 galer. der andere dan ein halben thaler
1733 1748 2731 1873 von seinem gelt bekommen, Was aber die
1734 1806 2718 1934 übrigen darvon getragen seye ihm nit mehr
1728 1900 2008 1995 In müßen
1741 1984 2736 2116 Diß sei nun alleß was er wüße berangen.
1749 2105 2709 2209 ehabet, welches ihmme auch hertzlich w sege
1753 2143 2685 2258 bette derhalben gott undt ein gnädige
1748 2210 2715 2331 oberkeit demütigist umb verhychen unn
1740 2274 2757 2402 daß man seiner fgend et was übersechen.
1737 2346 2737 2455 Da auch dem vill zumeßen welle daß er
1765 2408 2736 2527 von Jugendt vffschlechtlich erzogen vnnd
1764 2479 2715 2589 Über diß nochgar an einem Catholischen
1769 2550 2761 2664 tath getaufft worden, welches seines eracht
1771 2612 2727 2728 tens nit die geangste ursuch seye seiner
1769 2688 2727 2794 perversitet, wie er Ihme dan auch offte
1781 2749 2759 2873 mahlen selbs gedancken darüber gemacht
1760 2813 1896 2910 habe.
1756 2998 2725 3131 Ist diser gibto bub vff gethane relation
1811 3089 2737 3203 seiner bekändtnuß in schallenmeock
1802 3150 2231 3254 erkendt worden.
