3024 4032
202 441 265 525 58
583 542 1403 735 Bendicht zeso vnd Einern
709 666 1084 792 tia Mathyse.
438 818 1420 1004 Nach dem diser Kndiht gesovon kel
511 937 1440 1082 s da u� gebe, da� er zu ccunierung deß
524 1012 1418 1142 odagrans mit sonderbaren fürtreffenlichen
515 1091 1475 1224 mitten versechen und zu dem endt auch sich zu
500 1161 1415 1294 ger underschidenlichen faltschen attestationen
516 1229 1418 1344 behelffen wollen den 30. maryii 1686.
485 1309 1451 1443 durch mherren rathshar Steiger unnd hin groß
510 1381 1413 1494 weibel genlladung in bysein joh albrecht
512 1445 1422 1583 von erlecht jr Grat Jacob Steigers und
516 1531 1447 1665 anderen meiner hrt der burgeren mehr, disers
515 1599 1432 1721 seinen betregs halb gantz ernsthafft exam.
512 1671 1442 1805 niert worden, hat selbiger uff uinerschiden
524 1745 1430 1887 liche an ihne getruckte fragen volgenden
514 1813 799 1929 bescheidt geben.
493 1899 1445 2033 erstlich daß er dise kunst von einem holn
527 1985 1451 2111 lander demen in seiner grösen necesictet
521 2039 1408 2182 etmas gelts fürgestreckt erlehrnet unnd
509 2120 1465 2246 hernach auch an ihmme selbsten die strob darvon
514 2189 1444 2335 gethan habe, welches ihmme so mahl gelungen.
494 2281 1432 2410 daß allmyl er sich diser angebern nitlen
521 2362 1378 2475 zu begnemer zyth beholffen, er von dem
511 2416 1431 2561 schmertzen seines nodagrans niemahl mihr
514 2504 1435 2644 seye angefachten worden. doch seye er nit ge
514 2567 1403 2718 semet gsen dise kunst gegen anderen ze
514 2642 1450 2791 practicieren biß er andeg anderem von einem
520 2720 1430 2854 geweßen jr Hantman von plant, darumb
520 2806 1382 2940 angesprochen worden, den er auch seines
521 2853 1403 2995 podagents wohl curieret, wie zuglych den
507 2951 1435 3087 geperal vrcatium von thur der ihmme dar
511 3021 1419 3163 für 30 duraten versprochen undt albereit
505 3088 1408 3227 ein guten theill darvon erlegt, also daß
515 3180 1363 3295 er von disem nachen von etlichen seinen
508 3229 1391 3382 frunden seye gemahnt worden dise sein
502 3302 1390 3460 kunst und sonderbaren talent auch gegen
1244 3436 1416 3508 anderen
2770 439 2849 536 59.
1854 566 2776 702 anderen gelten ze machen, darzu ihmme
1852 654 2834 772 nit werdind undienlich sein zwo odermehr
1843 728 2810 851 attestationen, daß er seine sroben an disem
1852 796 2784 928 und jahrem furnemmenherren schon gethan
1859 868 2829 994 habe worzu er sich bereden laßen und alßer
1852 946 2825 1068 sampt seiner frauwen cmerentia Mathysin
1847 1016 2856 1143 ein chur nacher kiel in sein heimet sich begeben
1852 1084 2826 1216 wollen etwas mennig schulden da inzezuchen
1852 1156 2856 1290 habe er sich undermeyb zu solothurn uffgehalten
1841 1225 2855 1364 und da einem schryber nachgefragt, der ihmme den
1850 1301 2865 1437 ersten brieff geschriben, deßen namen ihme aber
2195 1378 2830 1482 von dannen seye er nach see,
1850 1383 2137 1500 unbekant.
1846 1451 2829 1553 dorff komen allwo er durch einen anderen
1861 1527 2832 1661 schryber namens Reinhart Gysenbach uff
1862 1597 2856 1726 ein Zesos angeben die andere anestation Im
1849 1677 2861 1794 mirthshauß daselbsten verferggen unnd auch zu
1852 1757 2841 1876 glych daran ein pendal unnd styel Heßli durch
1847 1826 2797 1953 ihne anmachen laßen. Wylen aber diser
1856 1900 2842 2017 schwëber zu Stedorff sein namen in letster
1854 1978 2807 2108 adlestation nit underschriben und er zeso
1862 2060 2846 2182 de�en erst alhier gemahr worden, da ihmme
1854 2136 2863 2263 mr Rigmer der nagler am stalden gesagt, daß
1841 2206 2831 2346 dise attertation nit passinre, habe er uff
1854 2292 2870 2426 de� naglers frauwen angeben, es seye ein schryber
1845 2372 2801 2506 Da zu nechst der solches mohl underschryben.
1862 2448 2864 2570 werde, disen brieff auch erst in sein volkom-
1860 2520 2224 2650 menheit bracht.
1832 2606 2793 2731 Das sigel dan der statt ur betreffendt
1840 2685 2819 2832 das habe er von einem gryben so ihmme uff
1876 2750 2820 2911 vin begehren, an die Herren vor Kiel, Megen
1870 2827 2795 2960 seines abzugs gebet worden abgenommen.
1850 2921 2868 3063 welches er hirr durch hrr pütschier graber wyß
1867 2984 2779 3123 nachenstechen laßen, fugebend es seye sein
1859 3062 2862 3221 pütschafft unnd solches hernach uff deß schrey
1828 3133 2822 3297 ben vor vedorffs verfertigete Attestation
1851 3210 2098 3334 getrucket.
1821 3304 2861 3467 Was er für mittel zum hodagran gebrucht vie
2726 3420 2863 3517 Ander
