3024 4032
81 408 205 515 160.
396 556 1416 801 grnhtlichen gefangenschafft disen en
364 668 1368 859 Wie zuklisch auch den nechst obsteheilden
398 732 1385 929 bekent habe, daß er namlich meyendeß
385 804 1357 988 gehundern besget schlüßels einhalben
397 886 1370 1052 ohaler emplangen) seye doch harmen
398 956 1353 1136 mu� verstand, daner seines erune
410 1041 1361 1213 rens jederwylen gesagt, gethan habe
413 1109 1296 1260 eas nit, doch wolle ers bekennen
367 1179 1381 1387 Betreffendt dan daßer Haronan
415 1284 1349 1453 müßes trut keinem sölle, welches die
412 1356 1378 1512 schloßer uff th�ne konne ernit ab sein
428 1433 1359 1588 etwas deogl hrn gehört zehabeendt
422 1517 1390 1670 auch anderen uiderkmb fürgeben ze haben
413 1586 1375 1728 und egnse sich diß erget Wirman
404 1674 1377 1787 ihmme f�ggeren schelldrut. Daß aber
432 1755 1337 1893 mesager endenbeager diser
425 1825 1406 1965 truts zu eroffnung seiner meterbuschet
416 1914 1381 2044 schlößeren beholffen oder ihmne zagende
437 1996 1391 2121 muchenwen angeuftet habe etwas
401 2067 1386 2196 derglychen kauts anzegebe, das wrde
427 2150 974 2280 sich gar nit erfenden.
428 2259 1382 2388 Aber mohl seye er deßen bekant, daß er
437 2338 1374 2447 einest einem der gespilt und sich sy ihmme
437 2400 1398 2520 vmb gut gluck angemeldet, et was der
427 2470 1380 2595 glychen recept ist seinem büchli geben mit
453 2527 1374 2657 vermelden er solle es probitren, er für
441 2593 1401 2728 sein persahn m�ße nit ob es angehen werden.
394 2721 1381 2874 Wyters daß heren Henmi der glaser ihmme
457 2815 1414 2936 einen seiner gsellen der ein oberlander seye
458 2887 1410 3011 zugeschickt gewüßen verlahrnen silberer
452 2942 1437 3068 bacher widerumb zur stell zebringen, darüff
464 3008 1393 3133 er gager seiner mittleneis an der hand
455 3085 1411 3198 genommen und solches in effectuieren sich in
470 3150 1187 3268 im H�nner stelli zu beschlaßen.
412 3219 1416 3354 Meg aber die ihmme vorgewißne in einer
472 3294 1441 3416 schial tresfen ligende unnd mit selbeme
472 3369 1435 3490 gradteren geschribne sendbrieffen geschriben.
1223 3432 1402 3528 gunste
2600 341 2691 446 16
1644 465 2732 700 wurte ernit zesagen, könne auch garent
1673 529 2698 740 anders bekennen, alß was er dißmahlen
1676 602 2735 797 am tag geben, welches alleß ihme hatlich
1683 660 2674 868 leid seye ein deßwegen, wo es ikh to
1684 731 2740 932 gröblich verfelt sein solle, wie es ihmme den
1700 799 2724 980 bisher unbeweßt gott und ein gnädig
1685 865 2715 1040 oberkeit demütig ist umb verzychung bette.
1651 1020 2732 1231 Sambstan den 17ten julii 1677. ist von
1688 1121 2689 1295 Mase den räther obigen Herers wegen
1686 1189 2755 1357 erkendt worden, daß er neben einer guten
1713 1256 2722 1414 lensur widerumb lezig gelaßen und in
1715 1332 2742 1512 sein heimet nach frntigen verschickt weren.
1703 1413 2710 1572 den sölle, allwo er sich auch stillhalten
1734 1477 2758 1626 soll damit man ihmme nit neüms und alts
1716 1577 2325 1717 zusammen werrden leh
1942 2454 2787 2620 Johannes Kratzer und seinfr
1815 2555 2721 2702 Catharina Magdalena Kratzerin.
1828 2785 2771 2925 ach dem diser Joht Kratzer von
1774 2874 2803 2984 Augspurg und sein myb Catharina Magda-
1787 2934 2785 3064 Ana Kratzerin, sonst ihres geschlechts ein
1788 3004 2749 3120 ummermannn eß helbrend gebürtig.
1789 3074 2775 3188 sampt einer sü sich habender Hoffmandt
1790 3142 2806 3254 mit faltschen afftestationen im land hermab
1792 3207 2761 3309 gezogen, vnd auch endtlichen sich alher In
1778 3272 2775 3365 die hauptstatt bereben, allwo man sy also
1790 3328 2736 3433 bald ob ihrem betrug ermntschet und in
2652 3399 2728 3476 die
