3024 4032
79 450 181 531 150
393 557 1375 781 vffem breitfeld In einem gewaißen haus
426 685 702 787 vergeßen.
387 744 1353 930 Wisters habe sy mit einem schwider nam
408 836 1337 992 Jagai Scheidt, auch veredrig jahrs im
423 898 1362 1068 schundend sethun gelabt, der habe aber ihre
402 984 1365 1155 damahl die ehe versprochen unnd nichte
423 1062 686 1168 gehalten.
402 1142 1376 1334 So habe sy sich nach ferners alhier umn wysen
433 1242 1381 1391 lrntz mitt einem geweßen trütshen gegen
442 1325 1374 1457 vergeßen, zu den sy in sein bett gangen
445 1397 1392 1529 undt seye auch demachls deß herren vonmerth
442 1485 1287 1613 knecht Inglychem gmach gewesen.
430 1578 1386 1743 Seyeaum diß alleß deßen sy sich zwor
460 1683 1385 1815 neren wuße welches leider uß großer
468 1751 1372 1876 einfalt unnd unerkandtnuß geschechen.
449 1830 1361 1954 Da sy das erste mahl wie schon gemeldt,
469 1906 1378 2026 sich von dem Freudenberger fellen laßen
483 1987 1384 2117 undt vermeint, daß sy durch disen fahler
461 2059 1408 2201 Destoehe von ihrem mann der sonst nit
469 2143 1400 2277 Den t frantzosen behafftet gewesen,
475 2222 1382 2354 könne gescheiden werden. sydt disem
471 2298 1394 2436 fühler habe sy sich wie abstath von syth zu
491 2388 1396 2523 zyth mit anderen vergeßen, darzu den
488 2461 1385 2584 nit wenig geholffen obermeldten herre
469 2542 1391 2694 zeghauß techhalter stettlers hanß leth
491 2622 1417 2767 (Der mann seiner namens dyß ohlen
507 2724 1370 2832 berger hinvog geweßner wirth zum
501 2780 1366 2929 Schwendler bad, Insonderheit aber die
491 2851 1420 3004 hausfrauw, so ihra der firnen befohlen
483 2935 1360 3067 derglychen leth zu zehuchen, damit si
503 2995 1397 3155 etwas wynz bezahlind, da sy den kender
501 3085 1433 3233 anderem einest obigen zimermen selbt
500 3165 1420 3305 hinauß in das baumgartli geführt und
498 3244 1444 3385 ihra der firnen befahlen, daß sy ihn solle
1200 3320 1440 3428 So seye auch
486 3326 1109 3463 In das sch�rli niderführen
1314 3395 1459 3513 abiger
2620 434 2716 524 151.
1708 551 2670 743 obigen knecht oder karrer unnd der lim
1724 629 2639 805 merman in w�hrender syth der drey
1725 717 2684 873 wuchen so sich da uffgehalten, einest mit
1734 775 2672 926 einanderen dazu ehrkomen unnd habind
2292 845 2723 962 ein andermahl
1730 872 2282 998 mit ihro ze thun gehabt.
1727 928 2731 1086 aber seye der hanweter unnd zimmerman
1728 1002 2714 1149 zu ihr kommen undt habind auch damahls
2305 1071 2726 1208 dhabigekühler
1738 1095 2013 1236 un behalt.
1741 1144 2728 1281 bette in gott unnd ein gnädige oberkeit
1712 1233 2427 1385 demütigist umb verhychung.
1721 1404 2738 1565 Dise tirnen welche sehr lang im oberen
1741 1481 2675 1648 spitahl gewesen unnd auch da kranck
1740 1557 2711 1707 gelegen, ist erst den 23. aprilis 1677 vor
1754 1640 2708 1787 näth zum schwart erkent worden, doch
1749 1702 2720 1855 daß sy anderen zum etempel underumb
1753 1787 2704 1933 hinnff nach Stäffigburg geführt undt
1753 1872 2716 2003 da hingerichtet werde. Welches auch
1757 1944 2494 2080 wenig tag darnach geschechen
2189 2755 2456 2900 Scharer
1904 2768 1994 2869 A
1470 2868 2783 3021 von wyegen Aach dem dise würnen anm schärer sonst
1489 2979 1770 3080 H Maßers thewy
1764 2967 2774 3090 Kramen Annelein genannt saschon voret Mag
1799 3039 2761 3175 syts von Transelwald alher verschickt und
1785 3120 2733 3232 Im oberen spittall alhier kindts gelegen
1801 3195 2751 3322 zu volg hochoberkeitlichen befelchs den 26.
1803 3266 2781 3402 Marti l67 durch mh heimblicher ma
2599 3368 2729 3450 guer
