3024 4032
138 491 238 571 106.
619 580 1238 735 Elßbott krummen.
436 759 1380 964 Dise krümmin, alß die da sich nit nur mit
481 884 1367 1030 ehelrichen sich befleckt, sondern noch disen
484 956 1401 1104 betrug verëbt, daß sy in einer obligation
480 1028 1383 1155 zwen burgen zngesetzt die aber darton
488 1094 1395 1216 nichts gemeßt, ist in wahtverdienter
500 1168 1373 1310 straff neben der landtskerwysung
494 1240 1415 1375 nach zrostundt an das halßysen gestelt
503 1305 1349 1459 Morden Aitum 10 Octob 1676
583 2109 1171 2280 Hanß Blauser.
454 2330 1314 2467 Diser glauser von gemligen ist
494 2402 1388 2538 wegen zweyen begangnen ehebruchen
503 2467 1357 2594 undt eines ledigen fallers mit dem
484 2556 1324 2676 hydt von statt unnd landt verweisen,
486 2638 1387 2754 sein annen aber biß über ihre genißt
484 2703 1348 2851 in oberen spittahl anysen ze schlagen
496 2769 1404 2904 erkendt worden. Acta 18. novembri
487 2856 674 2964 1676
2635 469 2714 559 107
1881 572 2394 729 Ursula Mino.
1703 738 2673 879 Dise Ursel mino, so schon hievor Megen
1755 823 2604 952 begangenen Ehebruchen deß Landts
1771 895 2683 1027 verwisen worden. Ist über der kiber
1764 961 2742 1106 keit von Sigrißwyll angelanstes schryben
1764 1035 2658 1163 hin widerumb ewig von statt undt
1774 1116 2676 1229 landt verwisen. aifam. 28. Nov
1774 1214 1939 1336 1676.
1883 2017 2702 2185 Johan Geögg Klingenfuß.
1737 2267 2790 2417 Diser klingenfuß sonst leistschnider genantz
1783 2370 2687 2502 so da wegen geweßer geltschuld, von
1790 2450 2732 2585 hrr frantz zechonder en zechen wechen
1789 2518 2781 2669 In der gefangenschafft behalten worden
1791 2604 2797 2733 vndt aber endtlich dise schuld weder bezahlen
1807 2688 2789 2819 noch verburgen wollen. Ist deßhalben
1804 2768 2775 2877 den 5ten decembiss 1676 mit dem endt
1818 2854 2794 2958 von statt undt landt verwisen worden.
1793 2977 2695 3133 NB. Alß diser klingenfuß etlich tag
1805 3087 2707 3196 darnach mit herren zechender umb sein
1820 3148 2746 3285 schuld uberein komen. Ist ihmme von Men
1805 3225 2758 3360 das landtwiderumb goffnet worden.
