3024 4032
222 378 299 481 18.
523 468 1546 677 verspurt, daß ihnen etwas an seinem lyb angwwühen
518 544 1500 724 habet. Hat er geantwortet, daß ihne etwas dem
529 617 1262 751 glychen amrechten kneüe berehrt.
530 715 1517 901 b seye der leidige satan ihmme auch de glicher
526 784 1492 947 gestalt wie zuvor zu lanpentm satter saale
536 859 1513 1036 erscheinen und habe ihm versprochen uß der gefar
529 932 1488 1074 genschafft zehelffen, vndt nitl darzu zebren,
535 998 1481 1141 auch anleitung geben, mo er sißen sölle und
536 1065 1516 1236 ihmme würcklich ußem mörder vasten helffen wollen.
513 1139 1504 1273 Da er aber wegen der lege deß lochsstechenbliben
737 1205 782 1249 no
525 1200 1486 1334 also daß man ihmme nit zuhulff kommen, er da
522 1265 899 1372 erworget wege.
512 1334 1502 1464 Alß er auch einest zu haupen Im sitter saalger
535 1406 1471 1523 bettet seye er zu ihm komen und ihne abgemahnt
538 1462 1507 1582 er sölle nit so better, en seye doch sein, habe ihm auch
550 1523 1468 1654 angemuchtet etwas ze verderben und etwas say
534 1609 1447 1722 mens darzu geben, welchen er aber hinweg
541 1667 1470 1776 geworffen und nit brauchen wollen daruff
538 1725 1497 1840 er der leidige satan ihmme hernach treüwt, er wole
528 1787 872 1887 ihn umbringen.
514 1853 1473 1990 gefragt, Wie lang es seye, daß er sich dem böser
538 1935 1493 2049 geist ergeben und was er ihmme noch ferners an
537 2007 1494 2103 genuchtet habe. Hat er geantmortet erhabe.
550 2070 1505 2163 sich dem satan ergeben ehe und zuvorerzulangen,
544 2137 1499 2260 seye in die gefangenschafft, vndt auch alhier In der
529 2209 1508 2330 schallenwerck kommen. Daß err ihm aber etwas
525 2280 1503 2401 Wyters angemuhtet, wüße er sich nit zu versinnen
532 2354 1494 2473 alß daß er ihm einist ein stücki seill zugebracht
531 2427 1455 2533 zu W aber nit gesagt worzn ers bruchen
540 2491 1493 2602 sölle, seye auch überall by vier mahlen zu ihm
540 2565 1500 2690 komen. Doch habe er ihn sydt daß er uißem
534 2637 1465 2750 Schallenwerck entrinnen unnd ihme sein
543 2714 1486 2835 eigen frauw die ketten by herren lvogt Müllers
540 2777 1426 2905 matten vorei thor ußen geholffen lod
534 2864 1200 2976 machen) niemahl mehr gesëzen.
456 2953 1508 3102 Diß seye nun sein wunde bekandtnuß undt weße
542 3048 1459 3154 er wohl, daß er den todt verdiengt undt er
554 3111 1487 3205 terlen müße, bette derhalben gott undt ein
543 3175 1460 3303 gnädige oberkeit umb dise seine begangne
543 3247 1488 3367 so größe miße thaten demütyst umb versy
536 3320 1522 3445 gung mit daß man ihne de� orths nit verners
525 3381 1156 3508 mit der manter plagen melle.
2884 375 2927 464 9.
1856 480 2902 637 uff dise verzicht ist er meyer istem strecki thurn
1852 570 2923 699 widerumb zureck in de gfangenschafft geführt und
1865 640 2933 768 noch selbigen abendt durch den scharpffdachter an
1864 715 2906 840 vorangezeigtem orth seines leibs visitiert worden.
1624 758 2930 936 smeathe demallwo sich nach seinem fürgeben ein schwartzes flecklin
1877 838 2922 984 befunden, welches aber alß die nadelhinein gestoßen
1623 879 1875 979 achten kerum
1864 908 2913 1029 worden umb etwas geblütet und auch ihmme schmrolen
1877 1003 2146 1112 verersachet.
1827 1072 2921 1208 Morndrigen tags ist er meyer (glych wie schon hievor
1867 1143 2927 1280 In der gefangenschafft zu laupen geschechen) seiner
1870 1223 2909 1333 ganzen verdicht ußert 3 oder 4 gar geringen dieb
1878 1278 2921 1420 stühlen gentlich zuruck gangen undt hat ehnglacht
1882 1375 2927 1480 alleß ernstlichen zusprechens so mohln mhrrn exami-
1874 1419 2921 1556 natoren alß auch dr arzuverordneten gristlichen
1886 1489 2933 1633 herren verhenret, daß er ihm selbs wegen strenge
1879 1555 2872 1699 der marter diß orthg gro� unrecht gethan habe.
1877 1642 2894 1773 wie sich dan solches finden werde wan man an
1861 1700 2857 1837 Die janigenorth, da er nach seiner bekandtnuß
1864 1765 2915 1912 diß und jänes gestohlen haben soll, jemand schicken
1873 1854 2912 1986 thüge umb zusechen, ob sy etwas derglychen ver
2341 1930 2906 2046 und obschon er eohn an
1893 1937 2172 2069 ohten habind.
1885 1995 2917 2141 ders bekenne werde, doch solches alleß uß großer
1875 2096 2593 2213 annrehension der marter geschechen.
1871 2239 2893 2381 Alß nun dise sach mahln fürtragen worden.
1904 2340 2897 2456 sich auch befunden, daß er sachen fur gestohlen
1895 2396 2888 2496 angeben diesich darvon niemandt nichts
1897 2466 2909 2600 wüßen wollen, ist er wegen anderen seinen
1891 2538 2906 2682 begangnen bebenstuehen und auch in erwar¬
1890 2606 2888 2744 tung mehreren berichts mit ketten undtring.
1905 2689 2936 2830 in sein labtag in das schallenmerck erkent
1874 2774 2102 2890 worden.
