3024 4032
129 332 246 423 200
345 2177 444 2307 belese
626 418 1300 650 tad so nachttehe
621 533 1293 714 heinlcht Rigenal der alte
680 606 1208 739 gartzer geschworen
434 660 1377 939 Dch Sendiht Ragerald
474 789 1373 988 Hidich hienadt, daß nach deme ich vor ob
464 860 1390 1072 geftid 3 jahren e veren merenhathe
443 946 1386 1121 wegen mist vnnd geben mneinem bande
466 1003 1378 1175 ußgeschmeizten bender mihel Rgwal i
467 1073 1401 1249 statt hinußgefehrt umd ussonderen geden
474 1138 1408 1323 efaltig i dem et vonat
462 1218 1380 1381 veowisen worden, mir aber dise gelinde
476 1289 1395 1454 straff nit zur marirung dieeen leßen
466 1354 1396 1510 sondern wider den gethanen eidt knnder
466 1422 1393 1581 haltene erlaubnuß mich wigerumb in
464 1506 1392 1626 mahln stattlandt und gepieten ja auße
464 1568 1393 1687 dero nerpottenen canthaltzeren alß ein
478 1635 1407 1775 Harzer erblicken laßen, also daß ich
466 1709 1405 1845 gerren vogt von Trienisperg gethane an
471 1779 1423 1911 stalt gefencklich hergegreit syelich überde
476 1853 1414 1988 mußethat examiniert undt nach vorgetre
473 1923 1424 2055 genein process von Mahl und oberen aber
477 1993 1405 2117 mahlen nach ihrer angewohnten gwoßen
465 2066 1419 2184 multigkeit einfaltig mit ruthen estscherden
460 2137 1420 2259 zeichee und der ewigen landtsverwsen
470 2211 1424 2320 bgestrafft worden, da ich sonst wegen schon
474 2263 1427 2383 übersehenen eidts billich das leben solte
460 2339 1395 2474 wurckt haben. Daß myn ich kendiche
464 2413 1421 2549 Rigenal wohl ursach ab got unnd einer
447 2472 1416 2609 anadigen lochen oberkeit umb sein so ve
472 2552 1382 2693 verdiente ggartend gelende gustig en
451 2621 1436 2754 höchlichen zedancken versprichen auch mie salge
452 2685 1425 2805 den tag meines lebers iur marnung dr
457 2769 1439 2888 eonzelaßen unnd auch diser sachhalb gegen
465 2837 1445 2940 nirmandt kein raach nit teüben, vill meige
454 2903 1434 3020 diser mahen statt kandt undt gepittt he
471 2979 1439 3081 ze betretten ut mas schadens darin zefuegen
466 3036 1393 3151 So mahr mir gotthelts ohn alle gefenen.
465 3095 1416 3210 alleß mit der noch ferneren verhindun
456 3158 1404 3279 daß monh wider diß mein gethanes
470 3232 1397 3339 versprechen, inneot 101 jahr il ein
470 3290 1443 3410 früsches darin solte bezogen worden alß.
462 3351 1434 3479 ihan ich ohne einiche verhaffende gnad nom
466 3407 1424 3542 eben zum todt sölle utwentheilet werden.
2601 432 2718 522 201
1874 518 2541 671 Hanß Rudolff Bagg.
1876 599 2357 716 und Hanß Jacob
1897 665 2381 815 grechen bischott
1898 693 2469 866 und dondauch Walterdt,
1751 809 2698 1027 Dise 4 meister Schneider landtmeark
1761 909 2703 1053 o den mr Joseph Galdman ein usteren
1761 972 2696 1106 schnider der sich ihrem willen nach nit uff
1750 1017 2731 1182 die creme geselschafft zu möhren begeben
1754 1102 2661 1271 vollen dergestahten mit schlegen und
1766 1153 2731 1328 außstößen erantwrt daß kein hoffnung
1765 1229 2667 1388 nehr seines lebens gewesen, sind von
1752 1291 2677 1446 disers fräffels wegen neben der geldt
1772 1357 2709 1519 straff so ihnen deß ooths ufferlegt noch
1773 1419 2699 1594 mit dem eidt uff anderthalb Jahr l
1766 1506 2661 1643 für das bürgeben zchl zusen gewisen
1780 1578 2694 1721 worden söllend auch nach verfloßnen.
1772 1656 2724 1773 terenn nit widerumb schinem gelaßen.
1770 1711 2757 1870 werden, sy habend dan vmb die vfferleste
1784 1780 2739 1909 straff am eintund anderen ooth völlen,
1794 1854 2693 1976 klich abgeschaffet. Welliches Eidt
1786 1925 2765 2036 Die sier m Den 27. februarii præestiert
1950 2363 2359 2489 Peter Fridli.
1783 2544 2756 2702 Diser Peter Fridli der schulmeister von
1816 2642 2714 2759 Coprigen, so sich Cafft Zedels sub 30
1819 2702 2750 2795 martu 1678 mit dem 2 te ehebruch
1824 2763 2760 2882 vertrabt, undt darumb die prognicht,
1821 2828 2712 2946 ache gefangenschafft ußgestanden, ist
1816 2893 2756 2972 Uber dißnach luth gsazes mit dem eidt
1823 2963 2796 3067 von stattlndt landtvrowisen worden.
