3024 4032
173 458 256 572 68.
466 528 1433 708 hernach die anderen 2 mo sy nit ihren sammen
497 614 1449 769 dem voltgennes dem stih laßen mollen auch
486 681 1443 848 nachgezogen, undt und sy noch damahls sich glg
477 756 1419 897 dam all drey von ihme dem patienten nit
490 836 1426 971 übermannet gesechen, dise ungleckhafftige
503 919 1421 1066 streichen auch keines megser ervolget weren.
464 993 1391 1112 Da dan darneben weder er der thäter noch
484 1058 1411 1189 demandt anders trauwet hette, daß man
506 1139 1429 1272 mit einem söllichen stumpen undt zegbroch,
497 1216 1410 1361 nen dagen noch so großen schaden zufügen
498 1288 1420 1416 könte, über diß auch jedererngklich mohl
509 1368 1411 1496 schließen könne, daß mo sy in der intention
509 1442 1422 1572 ußgangen megen etwas anheils anzestifften
500 1520 1417 1661 den dritte gespauß mahl alß die norgen
509 1611 1420 1724 2. Sich wohl wurde mit einem wehr ver-
515 1685 759 1790 sachen haben.
497 1807 1393 1943 alß nin dise sach mahl Den 13. aprilis
513 1896 1412 2003 1676 vorgetragen worden habend selbige
521 1955 1384 2080 ahent daß dise 3 mutheillige gsellen zu
521 2038 1378 2161 wohlverdienter straff hundert thaler beß
518 2108 1390 2234 erlegen, vndt darneben mit dem patienten
512 2185 1370 2312 umb sein erlittenen schmertzen, versumbte
508 2243 1428 2379 zyth wie zuglych umb alle diß orchs erganger
515 2321 1375 2458 umbkosten, abschaffen sollind. In dem
512 2401 1388 2536 nirstan jedoch, daß  Haßler alß der ue
505 2455 1414 2585 schuldiger an obige 100 aler einen 20 bezahr
517 2536 1376 2687 ensölle undt mosyn die drey gefangen sich
515 2608 1377 2745 nit etwan selbs mit dem patienten seines
509 2684 1424 2824 schmertzens und anderer unbtoßen halb err
507 2761 1372 2882 glichen könten. Alß dan die modiration
520 2830 1409 2980 söllichen uffsatzes durch hren gro�sseibel
520 2905 1240 3052 undt grichtschryber geschechen solle.
1825 494 2465 675 Erlanß Halli.
1696 784 2759 972 Diser kirlauß Balli ab dem Kinttenberg
1741 879 2780 1018 In der Hemlißmatt so da schon hievor wegen
1782 936 2724 1080 eines derthumbs deß landtsverwisen
1767 1007 2754 1143 worden, jehunder aber sich widerumb ins
1753 1075 2769 1234 landt gemacht undt mit ihmme bëchlin von der
1769 1159 2818 1306 teüfferischen lehrhandlend hineingebracht, die
1778 1232 2841 1359 selben spargiert stnd sonst von seiner vogführe
1766 1321 2709 1463 schen lehr keines wegs wychen wellen, Ist
1786 1373 2825 1540 zuwohl verdenter straff ußgeschmeitzt nndt
1778 1479 2790 1636 uff einfruches (doch ihne intimation deß
1777 1547 2836 1684 endts von stattnen landt verwiser worden,
1777 1614 2813 1758 mit dem betreüwen, daß wo er ins künfftig
1776 1699 2856 1802 Weiters wurde darin betretten werden selbiges
1770 1777 2808 1913 ihmme von ihr gn also werden uffgenommen
1776 1846 2743 1989 werder, alß man ere den eidt mürcklich
2641 1907 2755 2043 Ist
1775 1932 2547 2063 geschworen unnd übersechen hatte.
1771 1996 2826 2141 Den 7. aprilis 1676 an ihmme erstattet morden
1906 2505 2695 2680 Peter obrecht undt Anna
1982 2628 2653 2758 Maria Herrenschwandt.
1750 2740 2824 2896 Dise beide der man von St Gallen, das wyb
1814 2843 2734 2970 aber dißem Zürich gepret) sind etlich jahr
1804 2906 2857 3043 mit einanderen im s. k huren laben umlher
1815 2973 2780 3107 gezogen, vndt darumb zu wohlverdienter
1814 3044 2792 3179 strafft 2 stundt ans halßysen, wie zngych
1822 3121 2868 3228 mit dem eidt von statt undt ze verwysen erkend.
1819 3175 2030 3257 worden.
2194 3180 2860 3322 Ist so beschechen den 18. april
1818 3241 1985 3359 167
