3024 4032
227 285 302 363 30.
675 416 1269 594 Catry Lienhardt
505 567 1523 847 lach demme dise latri lienhardt ein lig meten
525 701 1520 894 von ohngfurd 25 jahren alhier in den meibelstiben
513 755 1477 936 ufem rath huß of einem diebstahl ertappet
511 827 1500 1006 undt darüber gefencklich inzogen worden hat
516 891 1502 1078 selbige den 27. decembris 75 uff mherren examinas.
515 992 1456 1130 er stundelig und hren großweibel Willadings
505 1043 1517 1210 ernstliches zusprechen volgende freywillige bekandt
511 1117 846 1229 nuß gethan.
476 1174 1474 1372 erstlich daß es vegschinnen sambstag 14 tag. das
498 1281 1517 1434 erste mahl angefangen sein strich durch die cantze
503 1344 1489 1502 genempn undt sich in gedente weibelstuben zeben
507 1420 1477 1552 geben, allwo es über nacht bliben undt morndrist
515 1491 1459 1616 allwyll man in der frühpredig gsin durch ein
502 1546 1496 1703 öffnung so obenthalb der offen gupfende der
492 1625 1494 1752 m�gden gmach correspondiere mit einem inbei
498 1695 1460 1841 melter stuben gefundenen stecken zwo beschelen,
485 1751 1500 1898 flechsig garn deren eine buchet die andere aber in
496 1838 1517 1980 bechet gsen unnd darzu nochfunff andere soparen
485 1909 1484 2053 so uff disen gelegen minder gemacht. Darvon
497 1995 1496 2119 sy die buchete selbigen sontag morgens den pr
503 2072 1491 2200 mann an der herren gaßen, sonst wyßhar
515 2151 1494 2258 ener genant underem erwandt die macht-
503 2212 1433 2333 mn Klingleren habe sy zu verkauffen geben
514 2282 1490 2410 umb 32 b die unbuchete aber einer welt
510 2366 1480 2484 chenfrauwen umb 15 bz undt die lunff ledigen
502 2412 1478 2570 strangen der klingleren an der spittahl gaßen
510 2503 1460 2640 umb 7 bz verkaufft habe. Seye auch nit
502 2574 1463 2699 mehr alß 2 mahl in gedeüter stuben Uber
504 2659 1463 2776 nacht gen darunder das letstere vorschinnen
482 2716 1475 2849 frytag nacht geschechen, daes doch nichts bekommen,
496 2813 1490 2928 alß ein paar hendtschen, so es in der stubenligend
502 2869 1475 3012 unden. Dise stuben habe es gelehrt kennen, daß
483 2959 1477 3051 es offtmahlen den leuffer sein bruder da abge¬
488 3013 695 3114 halt habe.
472 3077 1449 3225 Alß diß mentsch noch myters befragt worden
475 3150 1465 3282 umb gewüßen hußrath so m Jsaac Fregger
472 3221 1474 3351 alte hanwart an der Hogemanßgaßen verlahren
470 3299 1448 3421 hat es auch bekent, daß es ihme ime sein antheill
1239 3378 1424 3464 genommen.
1872 539 2837 662 genommen. ein küpferig Waßer gätzen. Ein
1876 617 2615 736 Maag unnd ein isenen dreyfuß
1864 692 2862 787 4. Schilpli aber welches sein gespilen undt ihns
1876 742 2850 870 angeführt habe, jezunder doch nit shie sonder nach
1858 821 2879 933 saanen uffen zu seinem hr götti gangen seye, das
1858 888 2873 1001 habe eß disemhauß bekommen, ein großen undem
1876 952 2858 1066 mittelmaßiges ehrenen haaffen. Ein trachter
1860 1017 2859 1136 ein koltschen kuß ziechen. Ein hüpsches lelachen unnd
1872 1081 2887 1206 ein große isene kellen, noh disem allem habe es
1870 1148 2863 1267 Catui neühart von gedeüter seiner gespilen mehrers
1870 1211 2883 1320 nit als ein halben thaler für sein antheil bekommen.
1806 1347 2877 1478 Denne habe Hrini Schilpli noch Wyters Anna Buw-
1873 1428 2908 1541 man entwendet 2 Eynlachen 2. Herli 1 für
1864 1490 2847 1601 tuch und einrotes mulhemli, so es umb 6 tz ner
1868 1560 2908 1644 kanfft. Was es ußem anderen geloßt seye ihm nit
1858 1629 2885 1715 in müßen, einmahl habe es Catri Lenhardt darvon
1867 1687 2779 1805 nit mehr alß 6 b fug sein antheill bekommen.
1819 1751 2879 1862 Das das schilpli noch über diß geklagter maßen
1855 1819 2829 1927 ein schwarzenvork eingraw wullembd ein
1861 1881 2888 1998 schlupf noch ein herrli unnd einfertech entwendet,
1860 1947 2254 2060 könne es nit sagen.
1840 2043 2903 2186 Endtlichen so habe auch Teini Schilpli mr Will
1871 2133 2809 2248 helm Kurtzen sel verlaßnen, sonst Maria
1871 2210 2905 2305 Schaub geklagter maßen 3 Lynlachen ab einem
1867 2268 2884 2384 bett 2. Lemli 1 paar Beltz strumpf 2 paar
1884 2328 2898 2441 rothestrumpt, anderem drog herfer ein körbe
1865 2398 2901 2500 voll biren. Ein schwartzen neüwen vosf. 2 groß
1862 2462 2910 2581 büschelen werce. Ein neüw Schäri sampt einem
1873 2529 2857 2633 meßer uß dos lvogt stefts hinderen under
1871 2592 2909 2705 stuben entwendet, ihmme aber lienhardtli nichts
1853 2663 2138 2753 darvon geben.
2312 2670 2897 2777 Hatte derhalben gott und
1868 2736 2908 2843 ein gnädige oberkeit umb seine selbs eigeefählen
1860 2814 2882 2928 demütigist umb verzychung undt, daß es sich diser
1866 2872 2911 2984 seiner gethanen so freywilligen bekandtnuß etwas
1861 2950 2386 3053 möge zegemeßen haben
1804 3024 2906 3185 Ist penoltima decembris 1675 von mahhl erkendt
1847 3126 2907 3253 worden, daß es zu mohlverdienter straff ins schule
1870 3196 2603 3300 enwerek ingeschmidet werden sölle.
2825 449 2887 531 31
