3024 4032
101 476 210 570 126.
389 555 1360 760 pfenster hinuß gehoren worden, hiet
869 675 901 737 1
422 686 1353 826 nochmahlen wie iuvor dahin schließend
390 739 1335 888 daß deg abgeleibte alß anfanger ennd
416 825 1358 969 vorsetzlicher angreiffer, das jenge wag
412 909 1344 1052 ihmme darüber widerfahren crafft der
418 975 1378 1145 Ingewendten setzuung und ihrem heier
416 1057 1366 1201 dehalt nach an ihmme selbsten haben und
424 1143 1359 1263 er gfeller de�enthalb von der statt
410 1227 1364 1363 vnno sonst menngklichem vrphed und
428 1303 1372 1444 ledig erkendt worden sölle. Es darmit
436 1392 1257 1531 nochmahls zum dachten sehende.
398 1566 1347 1718 Da nun herren seckelmr Wurstemberger
423 1664 1344 1796 alß mghl Schuldtla Krischinge herrn ür
449 1739 1357 1872 sprech umb sein kuthel angefragt worden,
440 1823 1368 1938 selbiger auch darüber raths begehrt undt
423 1896 1374 2025 Deswegen myhen räth undt burger sament,
446 1971 1369 2101 lich Cußert mahl schuldth Frischig undt
443 2048 1377 2174 dem obgenanten suchter sampt großwei
454 2125 1398 2238 bel undt aman, so an der Crnzgaßen stehen
442 2195 1374 2309 bliben) sich zum disselzwang hinuff begeben
433 2260 1394 2394 Ist daselbsten, In abgesenheit deß jüngste
454 2342 1373 2477 herr neüners mhr Neüner Willadien der
445 2413 1323 2546 erste umb sein nathel befragt worden.
440 2493 1375 2630 Welcher dan selbige noigender gestalten
458 2585 791 2704 ußgesprochen.
485 2867 1389 3015 Wylen nach deß abgestorbnge danie
447 2954 1377 3081 Stückis enzlichen tissag sich befindt, daß
447 3025 1373 3154 Hendicht Pfeller ohne eiichen gegebnen
460 3100 1418 3219 anlaß einstern nachts, daeg sich nach hauß
458 3170 1350 3293 begeben wollen mit einem faust strrich
474 3243 1362 3364 neben an den schlaff getroffen worden.
440 3321 1382 3431 daß er darvon ) boden zwirblen müßen
1232 3397 1345 3482 vndt
2621 408 2716 492 127
1684 508 2679 702 unnd also er Gfeller by einem sollichen
1705 601 2709 792 anfahl undt großer finstere nit weßen
1700 681 2659 832 mögen ob einer oder mehr uff ihne ge
1707 747 2688 902 lötzet, Item ob solches mit gewaffnete
1708 830 2646 974 oder ungewaffneter land geschechen.
1711 897 2725 1066 sonderlich aber in ansechen deß horsergan-
1707 967 2724 1125 genen raupfens ihme gar wahl inbilden
1702 1041 2718 1195 können, daß der aggresson nach mit anderen
1710 1128 2654 1290 mehr begleitet, die ihmme an seinem leib
1713 1186 2642 1336 ein unwiderbrimlichen schaden zu fügen.
1706 1277 2707 1452 Da ihne gar zu todt schlagen könten. Num
1726 1351 2711 1519 mehr aber sy wohl das gsatz gottes (me
1724 1440 2665 1605 Ii zweyten buch mosis Cap 3. et.
1735 1523 2652 1678 cap 22 zesechen alß auch unser eigen
1725 1603 2704 1771 gsatz fol 81 et 83 genysamme maßten,
1757 1670 2689 1821 ung geben, was fur ein underscheid ze
1750 1750 2667 1912 machen zwischen dem todtschlag so vor
1754 1837 2698 2000 setzlicher wis undt dem so ohngferd oder
1759 1905 2715 2065 byschntzung seines leibs gescheche, so könne
1762 1984 2712 2132 man nun disen unglückhafftigen streich
1760 2070 2738 2195 ex harte wohl fur ein nothwelr halten.
1749 2145 2682 2280 undt deßmegen ihme gfeller (wie
1756 2229 2737 2373 dan der herren geistlichen ihres consul-
1764 2312 2650 2443 tum auch dahin gehet)am leben nech
1764 2368 2720 2530 wohl verschonen, doch daß er gseller
1773 2445 2656 2595 hingegen 1 mahlverdienter straff
1774 2509 2760 2664 neben abtrag alleß ergangenen kostens
1780 2615 2712 2718 uff oberkeitliche gnad in mit dem
1778 2691 2703 2814 eidt von statt unnd landt verwisen
1760 2792 1934 2884 werde.
1780 2832 2721 2994 welliche urthel auch s fast einhellig
1766 2939 2756 3059 das mehr gewunnen undt hernach offent
1785 3008 2765 3140 lich an der crützgaßen durch obermeldten
1783 3084 2799 3208 Hoe seckelmr Wurstemberger hernß gesprochen.
1777 3161 2771 3286 Dem thäter aber hernach durch den hoh groß
1805 3234 2769 3361 weibel anglischem both noch partuula-
1806 3303 2442 3413 eiter er�ffnet worden
