3024 4032
184 478 233 555 6.
472 544 1382 723 o hiemit sampt ihr tochter undt den nach
479 652 1386 791 merzognen kindtskinden ineiner großen
472 720 1388 850 velte sendt das noch da die nacht zufallen
473 794 1399 925 mollen abgewisen seye sy ornng undt unge
473 856 1406 984 sultig worden möchte also wohl et wad der
466 942 1412 1097 glichen gegedt haben, daß es namlich kein schalen
468 1010 1387 1126 Were man ihn schon das hauß verbrunne,
437 1075 1370 1193 doch w�ße sy sich nit eigentlich ze erinnere
447 1144 1400 1267 Wie die wort im zorn seyen geredt worden.
449 1224 1382 1347 von dannen seye sy selbigen abandts zu deß
443 1317 1423 1431 Ringgegspachers hauß auch noch in anzogeen
455 1383 1393 1487 Niderbleicken kommen, da man sy abermahlen
470 1445 1411 1563 nit annemmen wollen undt habe diser uff
461 1523 1412 1640 ihres erklagen, daß obiger Melcker sy mit vor
478 1601 1416 1723 anzogenm bescheidt abgeferaget, ihre selbs etwan
474 1666 1414 1771 gumpts darin geben undt gesagt Melcker miche
481 1746 1079 1854 es mut allen uff die weib.
1182 1752 1409 1856 von disem
491 1818 1399 1962 sye sy in ein hauß gangen uffem kirchge
491 1903 1378 2021 nane, da ein stuben vollen flachs gsei seye,
479 1972 1405 2094 mit dieselben lüth auch zur us red yhan deß
478 2045 1400 2183 sikem platz nit habun. also daß sy mit die
481 2128 1406 2257 vi venbedultigen worter vsprochen, Es sein
465 2202 1423 2335 wohl verbarmen, daß der flachs nochter thur
467 2268 1346 2407 ze tröffnen, alß die armen erfornen kind
479 2360 1372 2482 zu erwermen, es were nit schad man schon
461 2429 1361 2565 dtlach verbrune undt das hauß darzu
479 2499 1387 2639 ab sy aber Ingewendter maßen mit eß
479 2574 1391 2696 ernstten worten auch imstall zu oberblein
476 2650 1402 2790 er geredt habe melcker seye ein kegerechter
467 2725 1382 2869 man man solte ihm das hauß anstecken
430 2788 1402 2952 Das könne sy gar nit sagen, dan sy nomzore
466 2874 1381 3030 solcher gtalten übernomen gsin seye, daß
459 2942 1396 3089 sy sich ndt müße ze erinneren, wie sy die wort
460 3023 1314 3150 gesezt. Was alan betreffe die noch
453 3101 1375 3250 schandtlichere mort so ihre tochter sölte geredt
452 3180 1347 3314 haben, darvon wüße sy gar nichts sendt werde.
458 3243 935 3376 ihren harne überspechen.
1202 3311 1342 3427 Alß
2684 441 2778 551 77.
1746 555 2772 686 Alß  dise den muter gethane bekandtnuß
1749 641 2772 774 Die tochter auch sonderbar über obige anklagen
1763 713 2754 821 fürnemlich aber über obenhonne imprecationen
1761 760 2735 886 befregt worden. Hat sy auch kekent, dase
1767 831 2734 949 sy nüt undt neben ihrer meter alsotten
1779 892 2775 998 b�ttel herumb gesoaeen undt zmar mit schmertz
1773 962 2769 1107 hafft undt betrubtem hertzen habe ihre uner-
1778 1027 2757 1180 zogee undt halb erfragne kindt müßenseche.
1773 1093 2688 1255 ohne nachtherberg sein, doch seye sy keines
1774 1182 2776 1320 meyß zu so undultige wort vsbrochen, daß sy
1783 1270 2781 1401 etwas derglychen unheils ihrem nrbend mentschen
1783 1340 2421 1482 uff den alß gewünscht habe
1706 1476 2781 1620 Nach dem diser beiden wn bpersohnen gethan
1769 1565 2700 1693 er vergicht, den nechst daruff kolnenden
1780 1627 2754 1763 6. junii masen vorgetragen worden habend.
1774 1703 2787 1830 selbige erkent deß wegen graßer armut
1778 1780 2724 1894 muter undt tochter mit einer guten remon,
1767 1850 2757 1983 srantz so herren Großweibel ihnen geben werde.
1772 1924 2664 2044 widerumb söllind ledig gelaßen werden
1877 2677 2390 2844 Hanß Stemer.
1701 2829 2792 2976 Diser h steiner von Wyler vogthey landtshit
1785 2940 2773 3048 o alherein zythlang alß ein widerteuffer in
1779 3004 2749 3121 der gefangenschafft vffbehalten vndt auch von
1770 3074 2764 3197 den hb geistlichen zu underschidenlichen mahlen
1774 3130 2750 3271 besucht worden, aber doch von seinem irthumb
1768 3213 2786 3347 keines megs abzefehren gsin. Ist wegen seiner
2580 3288 2797 3426 halsstarn
