3024 4032
604 372 1345 539 Frantz Docher der Müller
631 468 976 578 Von Concise. I
506 561 1388 693 iser frantz Locher, ist wegen einer
481 615 1357 754 sich gegen mhhren seckellmeister Steigers
484 700 1353 816 sel erben- Inhander habender Seittank
474 746 1387 872 so verfeltscht worden, ze bedienen, sollcher
370 793 1398 930 Vngebühr halben, gefencklich zuzogen, vndt
482 868 1391 992 vollgens ernsthafft examiniert worden
470 926 1403 1035 wer sollche falhibes begangen. Er aber daruo
479 983 1406 1110 nüt wüßen wöllen, wer sollches gethan haben
475 1041 1406 1183 möchte, dan er synerseits deßorts Vnschulldig
482 1110 1406 1220 seye, auch weder schryben noch läsen könne.
467 1164 1393 1286 sollche quittantz imme vom Johan Paryi vor
470 1226 1407 1339 ungefahr anderthalb jahren ubergeben worden
466 1285 1400 1400 Ist also er von ir g in das Schallenwerck
477 1345 1396 1468 erkent worden, umb etwaß eigentlicher
464 1402 1396 1512 geofenbahren, war eß deßorts hergangn
488 1458 1272 1563 eye Den 6. decbr anno 1674.
596 1728 1275 1829 rammuarion.
613 1917 1395 2016 wastian und dacl
570 2002 1413 2127 home Birck gebeuder.
691 2082 1094 2199 belieffent.
417 2189 1398 2323 Nach dem Br G. In erfahrung kommen,
430 2270 1400 2381 wie daß leider zwen junge knaben nammens
427 2340 1407 2427 Sebastian und Barthlome Gurki, gebrüder
422 2402 1391 2516 Hanß Burckis gent Bäcklis se verlaßnen
421 2446 1385 2557 sohnn vom dießbach by thun, sich mit der
419 2500 1396 2651 greüwlichen sodtomen tath befleckt vnnd ver¬
418 2565 1393 2692 brabt. Beßwegen ur g befollhen
409 2632 1395 2762 dieselben uß dem zuchthauß Alhier In dien
431 2692 1389 2828 obere gefangenschafft ze thun, Vnd vollgens
402 2739 1384 2867 daruf, sy diser begangnen greüwelichen That
417 2788 1384 2942 umbstäntlich zue examinieren mehr rahts
402 2867 1356 3002 herren Bundeli zue einem examinatoren
417 2911 1397 3057 verordnet, der dan zur vollg jr g Geuelche
404 2944 1411 3108 sich dahin begeben, unnd inn gegenwertigkeit
1226 3036 1384 3126 Der
1649 443 2616 573 der ehrenuesten etc. Herren Johann Heinrich Frichts
1658 498 2603 614 alte vogts vom frauwbrunnen herrn Niclans
1688 561 2601 658 Silliers juncker dauid michels unnd ir g
1675 598 2595 706 Dienern juncker Großweibels unnd gricht-
1671 656 2593 774 schrybers, die beide junge knaben für sich in
1679 712 2595 814 die examination stuben beruffen unnd soll
1675 764 2604 867 hr gantz umbstentlich der leidigen hergangen
1660 828 2616 932 heitmit einanderen begangner grenwelthat
1681 859 2600 972 befragt, die dan vollgendermaßen bekendtin
1671 922 2594 1030 unnd erstlichen, vermeldet der eltere brud
1670 986 2605 1067 Debastian Burcki synes alters by 14 lb
1670 1025 2580 1127 jahren, daß eß nun by 7 jahren seye, alß er
1669 1076 2586 1171 unnd sein bruder nach ires vatters sel absterbe
1668 1125 2592 1241 Inn daß zuchthauß alhar kommen und gethan
1646 1183 2572 1289 worden, der meynung allda- nebend lehrnung
1660 1230 2592 1335 läsens-unnd schrybens, auch daß Hofenlißmer,
1648 1285 2573 1384 handtwerck zu lehrnen, Da seye er gmeinlich
1662 1334 2565 1434 allein und hunzeiten seye sein jünger bruder
1667 1387 2556 1493 auch zue ime kommen undt by imme gelagenn,
1657 1436 2470 1527 da keinem mit böses inn sumkommen .
1619 1538 2569 1667 Alß aber ungefahr vor zeichen wuchen, daß
1658 1623 2564 1722 erste mahl, imme der böse geist im sum geben
1643 1680 2562 1768 (diewyl er offtmahlen vonn dem Thon Nodler
1654 1729 2567 1837 der auch im zuchthauß gsin, jetzundt aiber
1648 1799 2555 1894 verehelichet seye, so wüscht- unnd Allerley
1645 1855 2557 1941 unzechtige wort unnd reden gehört) daß
1659 1900 2523 1976 er woll möchte mit einem meitli zethun
1643 1957 2532 2044 haben, da habe er leider synem bruder
1642 2001 2564 2091 nachts, alß er by ihmme lage, sollches ange-
1634 2052 2537 2151 mutet der eß zwar gantz Ungern gethan
1638 2115 2538 2209 Da habe er ssalv hon:) sein ruthen-synem
1644 2171 2540 2248 bruder Barthlome, kinden jun-in synem
1634 2226 2536 2305 lyb gestoßen, unnd also sich geübt-biß Materi
1640 2270 2522 2357 von ime kommen- oder gangen seye. Vollgens
1646 2318 2539 2408 seye sy beid zum zeiten uffgestanden, vnndt
1637 2374 2554 2463 Rev uber daß nachtgschir gangen, sonderlich
1633 2426 2546 2499 der junger, daß er wegen schmertzens, daß
1631 2474 2543 2567 waß in inne kommen wider von sich laßen könne.
1811 1534 1834 1535 da keinem mit böses inn sumkommen .
1607 2646 2514 2762 Bekent und vermeldet auch, daß er synen
1621 2747 2520 2818 jüngeren bruder ungefahr be zechen mahlen
1631 2795 2520 2856 Also nißhandlet habe etc. Sonsten habe er
1637 2834 2523 2936 sollches niemanden unders angemutet etc.
2165 2938 2448 3061 Demnach
1471 1058 1629 1156 oder 15
