3024 4032
485 663 1374 758 Alß nun diß gamen zinstags
506 730 1383 828 den 29. apribis ao 1673 vor myhren
492 786 1386 886 unnd oberen im geseßnem Raht abge¬
489 851 1419 945 elesen. Ist darüber einem schon vorgang,
504 897 1398 997 nen rahtschluß nach erkent worden, daß
500 951 1428 1059 disere Tirnen widerumb nacher Oberhoff
494 1018 1429 1130 gewahrsamblich verschasfet, vndt daselbst
451 1091 1443 1192 wegen sollcher greuwlen vnd Mißhand¬
480 1139 1401 1248 glengen, zue abstraffung derselben eine
486 1195 1442 1306 excemper zur statuieren, mit dem schwärt
476 1258 1368 1358 hingerichtet werden sölle, welliche
441 1315 1383 1418 urtheil auch daselbst zur Oberhoffen
481 1368 1443 1486 uf sambstag die 10. maii 1673 exequrt.
490 1434 1041 1529 unnd erstattet worden.
608 1880 1287 2134 Bardi Bili.
740 2113 1143 2194 e xamination.
651 2250 1422 2383 Sgnei Mnadtgen
464 2349 1406 2454 Heyren und oberen an Bero ge¬
466 2417 1421 2510 ehiebten mittnaht Herren nahtsherren zundeli
471 2471 1440 2573 Abgebnen zeuelch vom 18. hujus den vor etwas
468 2524 1397 2628 abgeloffnen tagen alhier gefuncklich ynge¬
458 2579 1401 2686 thürnten verdächtigen Marckschreyer gent
475 2643 1384 2716 Bartli Billi von inß der Graffschafft
480 2689 1422 2797 Erlach gebürtig, über dem vom Burgdorff
468 2760 1404 2856 wider inne yngelangten gericht ernstwör
466 2814 1421 2894 etig zue examinieren, vnndt sein bekantnus
481 2867 1404 2977 er g zue referieren. Ist söllichem ufhüt
469 2918 1404 3022 zu eitgesetztem dato durch wollgedachten
483 2978 1393 3089 mhhrren nahtsherren Bundeli mit zuethun
471 3030 1419 3136 junckern Großweibel vom Müralbs vollg
482 3089 1388 3189 geleistet, unndt von demselbigen deß
1678 662 2601 760 eint- unnd anderen halben nachbeschribnen
1689 718 2367 824 bekantnus erhalten worden. e.
1638 746 2629 902 undt zwar erstlichen uff befragen, wo er
1667 827 2636 933 mit dem vilen golldt undt gelt harkommen, so
1674 875 2637 1001 er hin und wider auch letstlich zur Burgdorff
1662 927 2607 1059 gespieglet, hat er diß also beantwortet
1660 972 2643 1098 daß er vor ungefahr vierthalb jahren, all
1664 1022 2640 1154 sein haab vndt gublin, welches er gehabt, vnd
1648 1075 2639 1217 uffs höchst 100 g währts gewäsen, dränen zu
1653 1153 2625 1252 Vydauw verkaufft, vnnd wylen er meistens
1662 1209 2619 1304 nur müntz bekommen, habe er heim undt
1662 1251 2631 1371 wider golldt ugewächßlet unnd sich vollgen
1668 1324 2622 1420 mit ins Niderlandt begeben, allwo er
1659 1367 2619 1498 Thalenthal, inn den 4. ampteren sich nider
1636 1434 2601 1557 egelaßen unnd ein kleines baurengwarblin
1664 1497 2628 1606 erhandlet, by wellchem er sich etwaß zyte
1652 1578 2635 1664 uffgehalten, alß er aber gesechen, daß eß
1660 1627 2565 1734 Ime nit glucken wöllen, vnndt er Auch
1641 1694 2642 1792 unfahl gehabt, in dem die einte rev kuhe
1657 1738 2615 1850 imme durchgangen, die andere aber uff der
1635 1801 2615 1887 weidt ztodt gschlagen worden, habe er daß
1662 1862 2610 1959 gschicklin unnd waß er noch uberiges ghabt
1649 1905 2619 2007 An Fruchten, heuw, vnndt Strauw verkaufft,
1637 1966 2617 2075 zgelt gemacht, unnd wylen er vill nider
1639 2037 2602 2141 Ländische Münz bekommen, selbige by einem
1651 2106 2587 2215 Juden, nammens Kohlman von Wöschkhoffen
1627 2162 2625 2250 umb golldt verwachßlet, vollgens sich wider
1646 2233 2614 2311 umb hinauff ins Landt begeben, und für¬
1627 2273 2617 2367 genommen mit artznegen, wellches er vom
1664 2331 2545 2428 synem vatber gelehrt zuu handlen, auch
1658 2385 2590 2490 sunsten mit anderen gringen sachen, alß
1645 2436 2608 2545 Strümpffen undt derglychen zue gwärbenn
1655 2495 2623 2601 wie er dan auch vor etwaß zeits zur Burgen
1643 2537 2614 2660 dorff inn die zwanzig bahr strümpff er
1649 2592 1989 2693 handlet, bezalt.
1604 2671 2609 2789 Befragt, ob er nit anfangs disere strünpf
1666 2750 2620 2856 mit golldt bezalt unndt da er gsechen, daß selbig
1649 2807 2613 2920 ges fürgerichtig, gesagt, er habe nit gwüßt
1659 2868 2614 2954 daß er so gwichtigs golldt habe daruber selbi¬
1645 2924 2607 2991 iges zreck genomen, vnndt Munz darfur gebenn
1656 2963 2605 3068 hat er sollches nit anderst gestehen wöllen, alß
1662 3013 2623 3119 daß er beider gattung glgolldt und muntz dar
1661 3062 1883 3145 für bezalt;
2314 3189 2602 3301 Befrags etc.
