3024 4032
445 474 1386 624 ins heim versteckt unndt uss abholen wöllen?
443 531 1380 676 Berners gefragt, ob sy auch zuo diser that
461 593 1393 730 von jnmanden angewisen worden, hat syn
470 636 1379 782 söllches gentzlich verneinet unnd durch jm
455 718 1410 849 überigen zur wyterer bekantnuss nit zuo¬
448 761 1022 871 uebracht wurden können tc.
419 925 1402 1071 Naah dem über abgelegte Retglion
457 1001 1428 1144 vermelter gefüngklich verhafften Mareficantin
440 1046 1409 1180 jntz unrhörten gethanen bekantnuss myhl
413 1116 1430 1219 unnd oburen mhhre unrordinten examinaton
437 1185 1434 1282 unnd rahts herren Bersets mit zuuthuon junderr
954 871 1020 877 uebracht wurden können tc.
448 1221 1417 1342 junckenen grosswiibel vom Murallts noch
438 1289 1428 1405 mahlen unbefollchen sy Elssbeth weschi
442 1358 1423 1441 wegen ires so threüwlosen unndt mutterlichen
460 1407 1411 1512 entzognen hurtzens gegen irem lyblichen kindt
447 1468 1436 1575 alss irem mgnen bleischen unndt bluoth gepflogne
440 1522 1406 1641 uerbrechens vnrners zur examinieren
320 1679 1392 1795 Zuo Wollgunn hochgedacht ir gn.
428 1753 1388 1848 beuelchs ist dieselbige mitwuchens den 30
461 1804 1406 1888 oetobe ritttt morgens zwüschen 7 und 8
448 1873 1420 1956 jhren inn der gewohnte Budrienti stubenn
443 1916 1395 2007 jn dem knpithurn herfür beruoffen unndt
423 1971 1402 2071 vollgens frundt unnd auch ernstwörtig
439 2018 1437 2118 angemant worden ds obt dem hurren die ehe
434 2084 1426 2197 yuogeben unnd die warheit, alss vor welches
459 2142 1411 2230 auch nichts verborgen zur bekennen, damit
458 2211 1442 2306 sy irer begangnen grossn sundt unnd verbrechens
457 2245 1434 2352 uff hürtzliches bereuwen vonn dem eebariendt
445 2303 1429 2402 allmechtigen gott unnd einer gnädigen hochen
459 2351 1429 2452 oberkint, desso mehr gnad unnd verzychung
459 2436 874 2527 erlangen möge tc.
429 2527 1434 2679 hat nun vollgens sy bekent, dass sy uff
452 2616 1445 2750 jre geisst gantz schwachen unndt blöd gewäsenn,
461 2662 1428 2804 dass sy nit recht gewüsst habe wass sy mache
445 2723 1383 2859 da habe sy dass kindt genommen unnd ab der
457 2755 1445 2916 Buhin, inn den stall aben getragen, vermeinendt
455 2820 1387 2952 dass ess bodt seye, daselbsten inn ein grublin
443 2849 1438 3021 gelegt unnd dasselbe mit heiwblumbd bedechet
458 2907 1441 3056 ouch ein stein beseits gethan, damit nit etwan
443 2959 1428 3125 dass heuwblümbd durch den lufft wag gewäyt
451 3109 614 3153 wurde.
627 3010 1441 3151 Warüber sy befragt wordenn
454 3055 1434 3207 ob sy dan gärkein athen, oder leben ann dem
451 3136 1222 3262 kindt verspürt noch gesechen habe
1242 3136 1418 3262 habd.
271 1769 324 1875 2
1579 499 2617 684 Hat sy darüber mit weinen unnd hertzerüwendt
1628 555 2616 698 bekent, dass dz kindt noch etwass lithen gezogen,
1596 612 2618 745 unnd dass mühli uff unnd zuethan habe, mit ver¬
1603 655 2585 808 mellden duch dass kindt habe sy abel thauret
1623 703 2616 854 wylen aber sy vermeint wider nacher heimal
1634 745 2604 929 zu jrer mulber geschwüsserten unnd verwanten
1642 825 2590 979 sich zebegeben unnd wan sy also mit einem
1634 857 2601 1004 unehlichen kindt dahin käme, müßte sy sich
1647 923 2590 1063 thämern, habe also gedacht dess kindts mit
1648 976 2576 1097 söllchem hinlagen undt begraben abzu kommen,
1618 1009 2570 1165 jedoch habe sy im Simm gehabt mornderst
1640 1062 2603 1197 widerumb hinab inn denn stakt sich zun dem
1619 1114 2621 1252 kindt zebegeben, da seyn sy aber iuo zwüschen
1639 1174 2637 1310 by ome vor der schüren allwo sy übernacht
1630 1220 2636 1355 gsin antroffen unndt ergriffen worden, welche
1624 1276 2634 1412 jre bekantnuss sy also gethan unnd also her
1609 1334 2620 1483 egangen seye, mit ja heiter bestätiget, mit
1632 1391 2613 1515 nochmähliger hertzlicher reüw bezügung, dz
1639 1434 2617 1559 söllicher grossbegangne hähler unnd sündt ira
1610 1489 2620 1637 hertzlich leid seye möchte auch woll ir habendt
1632 1545 2637 1660 kindt widerum haben unnd bhnye hinmit Gott 1.
1626 1601 2605 1727 unnd ein gnädige oberkeit, umb gnad unndt
1627 1659 2618 1784 verzychung bitten so übermahl mahel und
1635 1714 2618 1827 oburen uff daroselb wytteren benelch referirt
1630 1797 1887 1863 worden etc.
1562 1995 2605 2103 do nun Malchisudt Oberen Uff diss zwey
1618 2070 2622 2180 mähliges ratieren unnd angehörtes eeamen
1633 2134 2581 2222 irer gütlich gethanen bekantnuss habendt
1627 2194 2617 2277 ir gn. daruff mhhrl exxaminatoren nochmoche
1621 2232 2565 2328 len aübefollchen sy jne marter führenn
1612 2283 2601 2380 zelassen mit bethreüwung derselben wahrhafftig
1619 2352 2592 2434 zur bekunnen, ob sy ntamblich ir lybsfrucht
1630 2395 2586 2484 wie sy gutlich bekent abzeschaffen begert.
1905 2443 2146 2523 4 vernommen.
1631 2447 1747 2525 haben.
1600 2546 2573 2662 waruff dan ahel examinatoren obstaht
1626 2643 2576 2715 sambstags dnn 2. nogembr rics in gegen¬
1618 2672 2588 2764 ewürtigkeit der ehrenuesten, wollgeachten, frouw
1645 2736 2565 2805 fürsichtigen wysen herren Samuel Gruners
1637 2759 2594 2848 alben vogts vonn Erlach alss jezigen einunger vnnd
1646 2802 2550 2878 herren Jacob Einharts bind dess grossen nahsst
1637 2857 2572 2927 auch ir gäden weiblen unndt dieneren oban¬
1606 2917 2587 2997 egezognen beuelch abermahls eequiert, hat Sy
1642 2958 2592 3045 die Maleficantin, etwass hintnree erselichenn
1624 3011 2571 3099 irer vorgethanen bekantnuss gethan unndt
1672 3063 1984 3145 vermeldet etc.
2404 3105 2569 3222 Eß
1512 2135 1570 2219 3.
