3024 4032
537 923 560 928 waß dann daß klagende ynbrecht un deßmihen
462 337 1398 530 So ward er auch befragt, ob er dan nit wüse
503 427 1380 560 wer dem herren vom vgegen gebrochen und sein
490 483 1393 622 telt entwent habe, sagte er wein gar nicht
486 538 1404 671 dan wan er deßhalb bem geringsten intresis
494 595 1401 725 oder gemeintschafft gehabt hätte, wurde er sih
502 657 1400 789 nit mehr alhier befinden, seye imme auch deße
485 708 1399 839 gar nüzit bewüßt. onn dem verlohrne
507 774 1418 920 knöyfen uff der Nydegg, habe er Ruch bun ve
489 816 912 916 keine Wüßenschafft.
462 928 1395 1094 waß dann daß klagende ynbrecht un deßmihen
474 1024 1384 1131 Schiebers Schlyffe betreffen kant, seye uß
488 1081 1364 1180 Also hergangen, daß seines herren schwacherß
482 1129 1391 1239 schlyffer gnt Jacob Sorg von Schaffusen und
492 1187 1387 1296 er Poßert, zun sein schiebers schlysfe kommen
486 1250 1387 1349 habe er Jacob gesechen, daß die shür nit bei
479 1309 1369 1405 schloßen, da seye er lingen gangen und habe
479 1347 1385 1474 etliche stuck wassen genomen, und inmn den
479 1418 1391 1524 Schlyffebach geworffen, wellches aber er
459 1487 1378 1574 Schieber widerumb Alles, bis ann zweÿ
470 1537 1381 1624 Räbmäßer bekommen; Sollcles seye Aber
473 1593 1378 1687 Auch uß der ursach geschächen, daß er synem
489 1644 1371 1732 hr schwacher unnd synem schlysfer Auch
477 1699 1388 1781 voll vertruß zurgestattzet, also daß er ust
486 1743 1395 1843 synes schwachers veranlaßung, inne schieber
482 1795 1381 1900 einmahl geschlagen, deßwegen er inne verklagt,
477 1862 1285 1946 darumb er auch buß gebmüßen.
451 1935 1361 2034 Waß nun fur quaestiones, imme fürgehalten
455 1999 1385 2096 unnd er darüber ernsthafft befragt worden.
461 2055 1379 2142 hat er Allezeit seine Antwort also da¬
467 2117 1370 2202 rüber geben unnd sich ußert, waß er vor
479 2164 1394 2261 beshribnermaß der dischen halben bekent
473 2220 1110 2313 uffs ußerste entschulldiget.
452 2267 1404 2378 uff sollche abgelegte Relation, so den so den 3. neri
479 2333 1402 2434 bescheihl. Ist ihnen beiden Boßert und stäßen
484 2389 1385 2480 wegen begangnen nachtfräfflen zue wolluer
460 2433 1388 2534 dienter straff ufferlegt worden, daß jeder
467 2496 1370 2598 nach bezahlung deß kefikostens und dann
464 2541 1392 2642 zwanzig sronen für die Fisch, so sy mit einane
445 2589 1392 2699 deren zuglychzahlen söllen, auch jeder dro
460 2631 1378 2748 marat lang Bür daß Burger dihln leisten
747 1947 1016 1948 darumb er auch buß gebmüßen.
474 2690 1361 2803 sölle. Zue wellchem undt ihnen auch der
448 2743 1378 2859 gewohnliche eidt intimirt worden, so sy dach
448 2809 1232 2917 geleistet. Act v4 supra.
1745 495 2251 635 Rudpleff Gräffelet.
1574 618 2466 736 ytoge der mit Condition deß dibentii deß
1591 690 2471 785 Schallenwercks erlaßne Rudollff Traffelet
1596 745 2483 844 sein unbendiges maul nit hallten, auch by
1586 794 2508 891 keiner erkantnuß acanregcieren wöllen unndt
1577 849 2502 947 Alß ein ungehorsammer ir g sich widersetzt. so
1576 913 2496 1015 habend ir g auß mehr dann gnugsammen
1577 971 2492 1070 ursachen umb dermahlen dises gesellen ohn zur
1592 1018 2542 1123 werden erkent, daß selbiger morgens ußgeschmeitzen
1570 1079 2496 1181 unnd deß landtsverwisen werden sölle, doch ohne
1582 1135 2496 1237 praestierung deß Eidts, vnnd mit der Insinn¬
1582 1196 2518 1293 ation, daß man synen yntritt für eine uber
1576 1265 2510 1371 seihung deß eidtshalten vnndt ann imme har-
1577 1321 2526 1420 tigklich straffen wurde. Actum 11. decembri 1675.
1734 1611 2508 1733 Behrrhart Burcki Von Munsigen
1547 1747 2504 1856 Dedch dem diser Bernhart Bürcki Ußbe-
1568 1819 2434 1912 felchmahren und oberen wegen begaugner
1568 1870 2490 1967 Schaff dieberey angeklagt, auch deßwegen
1586 1931 2521 2007 In gefenckliche Verhafftung genomen. Ist derselbe
1580 1979 2499 2065 durch herren großweibel Willading, hub dato
1589 2031 2493 2100 endtnermelt examiniert worden. Der dann
1571 2084 2503 2167 bekent, daß er vor ungefahr 14 tagen morgens
1568 2132 2499 2224 Früch dem Hanß Gigler von Allmending ein schaff
1579 2200 2531 2280 ußem stall genommen, umb ein halben Bhalerverkaufft
1553 2239 2485 2340 Item dem Hanß Stempffli von Hapstethen, Auch
1568 2297 2493 2385 An einem morgen brühe ein schaaff entwent und
1571 2352 2485 2435 dem cronenwihrt alhier-umb 16 h. verkafft
1575 2402 2512 2494 uß welchen beiden verkaufften schaaffen, erloße
1557 2470 2468 2557 tem gellt, habe er Groth- vndt Mähl kaufft.
1545 2518 2505 2636 Item habe er auch in zweÿen underschidenlichen mahle
1571 2596 2502 2673 sich ganz frühe, nacher Bumplitz begeben, vnd vß
1571 2665 2503 2745 ställen zwey schaff entwenth dieselben den seilen
1559 2698 2511 2774 In die statt geführt undt beide, herr. vogt damel
1559 2740 2489 2817 lehrbers fr obenthalb dem stärnen, das eint
1565 2800 2507 2887 Vmb 20 hl. Vndt d Ander Vmb. 22 hz. Ver¬
1559 2854 2484 2943 kaufft, darauß habe er Auch habermahl vnd broth
1575 2910 1775 3002 kaūfft. etc.
2263 2979 2416 3097 E
