3024 4032
445 597 1380 742 Beßwegen sy durch dem junckeren vogt zuu
494 691 1394 790 oberhoffen, gefuncklich ynzogen. examiniert
479 765 1399 862 vndt vollgens- ire bekente Mißhandlungenn,
488 819 1446 925 myhren unnd oberen sub 10. martii anno 1673.
493 876 1439 988 schrifftlich übersent worden. Waruff uß hoch ober
476 944 1421 1036 keitlichen beuelih mhhr nahtsherr Unrentz
497 993 1433 1102 Sturler Alß verordneter Herr Geaminator
461 1057 1432 1177 vnnd Juncker Großweibel vom Muralt den
481 1121 1422 1230 6. aprilis sy morgens umb 8 uhren mit
479 1181 1418 1298 ernstlicher vermahnung gott dem Herren die
470 1241 1441 1347 ehrzegeben vndt anders nüt, dan die Warheit
463 1308 1441 1416 zauermeld, uff vorläsung ihrer allbereids hienor
472 1368 1374 1472 Angebnen vnndt bekenten dahleren, Flyßig
488 1427 1411 1540 excaminiert, vndt hiemit vollgende vericht
474 1498 969 1589 unnd bekantnuß gethan.
474 1624 1433 1729 Erstlichen haben sy sich vor ungefahr zwanzig jahren,
478 1678 1420 1784 mit Hanß Kupffer zur Lüzellführ einem ehe
454 1741 1414 1834 eman, alß sy by ihmme gedienet und nochledig
448 1806 1417 1912 wahre unnd auch schonn zueuer mit deßelben
474 1868 1434 1988 sohn Hanß Jacob Küpffer gub, so inß nider
445 1933 1414 2037 landt gezogen, also innert licht tagen mit
466 1977 1404 2100 beiden, sich mit unzucht vergriffen und sy
450 2057 1422 2159 habe uß dem vatter nitgesagt, daß syn
466 2104 1434 2199 sohn shonn byt irn gsit seye, wellicher Hanß
462 2154 1414 2293 kupffer vor ungefahr drey jahren gestorben.
457 2245 1424 2383 Item dare bysich leider midt Hanß Binder
453 2331 1414 2485 deß Rilaus Bunders söln zur Kröpchen
462 2379 1415 2525 brauen im ampt Trachsehlwaldt beider
462 2438 1415 2576 eits ledigerwus vor ungefahr hechen jahren,
457 2507 1416 2655 einmahl in fleischlicher unzucht vertraft
439 2546 1429 2725 Eß habe zwar ermelter Niclaus Bünder
439 2626 1403 2766 der vatter fleisflichen muttwillen mit
440 2683 1398 2849 fra zubegehen, auch angemuttet, habe
436 2726 1388 2911 Aber mit ihmme mitzit ze thun gehabt
438 2779 1391 2972 unnd die that mit imme nit verbracht etc.
428 2858 1428 3087 Item habe sy sich auch mit Jacob Schwyder
408 2959 1377 3154 zue Schorren, im Ampt Oberhoffen, vor
431 3010 1398 3210 zweyen jahren, mit unknünscsheit vergangen,
319 1635 377 1710 7.
303 2309 376 2398 2.
292 3005 364 3081 3.
1534 1945 1576 2026 5
1533 2880 1585 2995 4
1533 1587 2658 1722 4. Item alß sy by mr Michel dem scharpfflichter
1623 1664 2628 1768 Alhier gedinnet, habe sy sich Auch, mit Sammel
1593 1725 2632 1840 gerber einem eheman, demme sy heimbge-
1612 1778 2662 1898 ehündet in synem hauß alhier ann der herren
1614 1846 2405 1960 gaßen in ehebruch vertrabt .
1618 1922 2626 2036 Item habe danin frutig, vor Langen Jahren
1594 2009 2640 2108 In einem stall, da mahn gegen der insull
1622 2069 2580 2169 gaht tags sich auch mit jra- In unzucht
1612 2117 2596 2228 vergangen habe nit gewüßt, daß er nun
1614 2176 2597 2306 eheman seye, sy aber wahre noch ledig etc.
1618 2262 2621 2394 Item habe Sy sich mit Adam Schuell, vonn
1596 2350 2612 2476 Bollingen dem Patten alß einem eheman
1613 2399 2599 2547 vor ungefahr einer jahr inn einem höllzli
1616 2446 2658 2608 zwüschen Münsing unndt wichtorff zweymahl
1620 2510 2645 2631 In unkennschheit vergeßen, sy wüße arch nit
1613 2565 2523 2702 ober man, noch in leben syn oder nit etc.
1591 2666 2648 2858 Item so habe sy auch by Christen Langerman
1599 2728 2623 2905 einem eheman, by wellchen sy gewabet
1604 2796 2631 2963 zum Schorren, vor Vngefahr Achzechen Jahren
1617 2867 2659 3027 alß sy noch ledig wahre, ein vnehrliche Töchter
1618 2911 2613 3071 erzeget, wellche jezundt alhier In der
1622 2961 2658 3148 statt berg diene by herren Golldtschmidt Hanß
1629 3010 2632 3219 Rudollff Wyß an der keßlergase. Sy habe
1610 3058 2639 3276 umb disen bähler zur Tlun libgebüßt, vnnd er
1607 3112 2619 3358 Langerman seye inß niderlandt gezogent.
1643 623 2630 740 Alß wellcher domahl vom syner frauwen ge-
1652 675 2636 808 scheiden gsin, wyl imme ein unehrlich kindt worden.
1657 725 2637 848 sege, er soll auch noch inn leben sein. unndt
1633 773 2641 915 vollgens in jungst verwihnem herpst ao 1672
1639 841 2607 965 habe Christen schnyder synn Jacob Schnyderß
1646 897 2608 1014 bruders sohn, alß ein lediger junger gesell
1646 957 2584 1065 der nach in leb sollche unzecht mit iran
1640 1008 2620 1130 ze begehren starck underfangen. Sy aber habe
1653 1064 2622 1182 sich syner vill erwehrt, daß die that nit
1637 1113 2626 1230 vollkomen beschechen, seye auch nach im leben
1634 1171 2646 1276 Nach yngelangtem bericht befünt eß sich daß
1628 1229 2632 1357 Jacob Schnyder, domahls von syner fr noch
1638 1283 2646 1389 nit gescheiden wahre, vndt sich verschinnen 10 Marti
1647 1340 2641 1470 stem landtgemacht, Christen schnyder
1649 1397 2659 1516 aber synes bruders sohn bekent den zahler
1627 1452 2651 1567 mit ira begangen ze haben, habe auch deßwegen
1628 1522 2103 1635 zur thum abgebüset.
