<?xml version="1.0" encoding="UTF-8" standalone="yes"?>
<PcGts xmlns="http://schema.primaresearch.org/PAGE/gts/pagecontent/2013-07-15" xmlns:xsi="http://www.w3.org/2001/XMLSchema-instance" xsi:schemaLocation="http://schema.primaresearch.org/PAGE/gts/pagecontent/2013-07-15 http://schema.primaresearch.org/PAGE/gts/pagecontent/2013-07-15/pagecontent.xsd">
    <Metadata>
        <Creator>prov=University of Rostock/Institute of Mathematics/CITlab|PLANET AI GmbH/Gundram Leifert/gundram.leifert@planet-ai.de:name=German_Kurrent_XVI-XVIII_M1(htr_id=19584)::::v=2.6.7
prov=University of Rostock/Institute of Mathematics/CITlab|PLANET AI GmbH/Tobias Gruening/tobias.gruening@planet-ai.de:name=de.uros.citlab.module.baseline2polygon.B2PSeamMultiOriented:v=2.6.7
prov=University of Rostock/Institute of Mathematics/CITlab|PLANET AI GmbH/Tobias Gruening/tobias.gruening@planet-ai.de:name=/net_tf/LA73_249_0mod360.pb:de.uros.citlab.segmentation.CITlab_LA_ML:v=2.6.7
Transkribus</Creator>
        <Created>2021-02-10T22:18:47.050+01:00</Created>
        <LastChange>2023-06-13T15:15:39.511+02:00</LastChange>
        <TranskribusMetadata docId="1334837" pageId="52361435" pageNr="17" tsid="126838629" status="IN_PROGRESS" userId="42748" imgUrl="https://files.transkribus.eu/Get?id=QESFKHPQZUNJFAHACBBWQVPN&amp;fileType=view" xmlUrl="https://files.transkribus.eu/Get?id=DYNXPBKSIIIXENQDSCMFROAX" imageId="18549750"/>
    </Metadata>
    <Page imageFilename="IMG_9660.jpeg" imageWidth="3024" imageHeight="4032">
        <ReadingOrder>
            <OrderedGroup id="ro_1687513694022" caption="Regions reading order">
                <RegionRefIndexed index="0" regionRef="TextRegion_1684174722068_4384"/>
                <RegionRefIndexed index="1" regionRef="TextRegion_1684174731144_4390"/>
                <RegionRefIndexed index="2" regionRef="region_1675244309620_1136"/>
            </OrderedGroup>
        </ReadingOrder>
        <TextRegion orientation="0.0" type="paragraph" id="TextRegion_1684174722068_4384" custom="readingOrder {index:0;} structure {type:paragraph;}">
            <Coords points="380,539 1457,630 1457,2584 1457,3072 381,3080 381,2584"/>
            <TextLine id="r5l1" custom="readingOrder {index:0;} place {offset:14; length:6;}">
                <Coords points="464,658 525,692 561,667 1058,726 1243,697 1443,718 1446,664 1393,656 886,648 829,616 678,648 468,597"/>
                <Baseline points="471,650 519,656 567,661 615,665 664,669 712,673 760,678 809,681 857,684 905,686 954,690 1002,692 1050,693 1098,695 1147,697 1195,698 1243,699 1292,701 1340,701 1388,702 1437,702"/>
                <TextEquiv>
                    <Unicode>sy einmahl us Freyen buß gestelt worden, der</Unicode>
                </TextEquiv>
            </TextLine>
            <TextLine id="r5l2" custom="readingOrder {index:1;}">
                <Coords points="494,724 731,762 1202,769 1437,753 1438,716 1128,701 1057,726 962,695 677,701 636,670 495,684"/>
                <Baseline points="501,711 547,715 594,717 640,720 687,724 733,727 780,729 826,732 873,734 919,736 966,738 1012,740 1059,741 1105,742 1152,743 1198,743 1245,743 1291,743 1338,743 1384,741 1431,740"/>
                <TextEquiv>
                    <Unicode>meinung sich uff nechsten montag widerumb</Unicode>
                </TextEquiv>
            </TextLine>
            <TextLine id="r5l3" custom="readingOrder {index:2;}">
                <Coords points="469,801 682,784 788,793 822,830 864,798 904,828 1171,796 1362,829 1449,818 1451,777 1376,742 946,773 471,729"/>
                <Baseline points="477,767 525,771 573,776 621,780 670,783 718,786 766,788 815,790 863,791 911,792 960,793 1008,794 1056,794 1104,795 1153,795 1201,797 1249,797 1298,798 1346,800 1394,802 1443,804"/>
                <TextEquiv>
                    <Unicode>ynzestellen. inzwüschen aber ist sy irer</Unicode>
                </TextEquiv>
            </TextLine>
            <TextLine id="r5l4" custom="readingOrder {index:3;}">
                <Coords points="482,843 884,876 1033,854 1101,881 1357,848 1425,874 1426,823 1393,808 1312,833 1185,801 1151,830 953,805 901,828 865,796 821,827 683,784 483,802"/>
                <Baseline points="489,825 535,830 582,833 628,836 675,838 721,840 768,842 814,843 861,845 907,846 954,846 1000,847 1047,848 1093,848 1140,848 1186,849 1233,849 1279,849 1326,849 1372,851 1419,851"/>
                <TextEquiv>
                    <Unicode>lybsfrucht, sontags abens entbunden worden,</Unicode>
                </TextEquiv>
            </TextLine>
            <TextLine id="r5l5" custom="readingOrder {index:4;}">
                <Coords points="491,890 966,928 1190,896 1428,932 1448,861 491,852"/>
                <Baseline points="498,876 545,882 592,885 639,888 686,891 733,893 780,894 827,894 874,896 921,896 969,896 1016,896 1063,896 1110,896 1157,896 1204,897 1251,897 1298,899 1345,902 1392,904 1440,908"/>
                <TextEquiv>
                    <Unicode>unnd jedoch mornderst widerumb im thorhauß</Unicode>
                </TextEquiv>
            </TextLine>
            <TextLine id="r5l6" custom="readingOrder {index:5;}">
                <Coords points="491,942 543,976 658,945 865,991 1243,961 1274,992 1354,967 1443,993 1444,945 1338,909 1213,931 1126,896 871,934 825,901 657,922 609,889 493,892"/>
                <Baseline points="498,933 547,938 596,940 646,943 695,945 745,947 794,948 843,950 893,951 942,951 992,951 1041,953 1091,953 1140,953 1189,954 1239,956 1288,957 1338,960 1387,963 1437,966"/>
                <TextEquiv>
                    <Unicode>erschinnen und nochmahlen nit gestehen vollen,</Unicode>
                </TextEquiv>
            </TextLine>
            <TextLine id="r5l7" custom="readingOrder {index:6;}">
                <Coords points="479,1012 681,1049 732,1021 786,1051 834,1029 1197,1059 1293,1018 1401,1029 1420,982 1273,992 1240,962 1031,1002 951,970 869,997 792,966 747,989 620,952 577,977 480,959"/>
                <Baseline points="486,999 532,1001 578,1003 625,1005 671,1007 717,1008 764,1010 810,1011 856,1013 903,1014 949,1014 995,1016 1042,1016 1088,1017 1134,1017 1181,1017 1227,1019 1273,1019 1320,1019 1366,1018 1413,1017"/>
                <TextEquiv>
                    <Unicode>daß sy schwanger gsin seye. Alß aber</Unicode>
                </TextEquiv>
            </TextLine>
            <TextLine id="r5l8" custom="readingOrder {index:7;}">
                <Coords points="479,1092 707,1066 1055,1112 1224,1075 1377,1101 1379,1020 1197,1060 1032,1029 906,1060 778,1056 729,1020 646,1052 480,1010"/>
                <Baseline points="486,1061 530,1064 574,1065 618,1067 663,1068 707,1070 751,1070 795,1072 840,1073 884,1074 928,1074 972,1076 1017,1076 1061,1077 1105,1077 1149,1078 1194,1079 1238,1079 1282,1080 1326,1080 1371,1080"/>
                <TextEquiv>
                    <Unicode>Im erfahrung komen, daß ire muter</Unicode>
                </TextEquiv>
            </TextLine>
            <TextLine id="r5l9" custom="readingOrder {index:8;} person {offset:0; length:14;}">
                <Coords points="481,1145 583,1130 628,1164 764,1133 883,1172 944,1146 1130,1170 1202,1132 1311,1133 1351,1171 1422,1166 1423,1100 1352,1083 1280,1119 707,1066 633,1101 526,1067 482,1088"/>
                <Baseline points="489,1122 535,1125 581,1127 628,1128 674,1130 720,1130 767,1131 813,1131 859,1131 906,1131 952,1131 998,1131 1045,1133 1091,1133 1137,1133 1184,1134 1230,1134 1276,1136 1323,1139 1369,1140 1416,1143"/>
                <TextEquiv>
                    <Unicode>Plamen Praches selbigen montags zeitlich g</Unicode>
                </TextEquiv>
            </TextLine>
            <TextLine id="r5l10" custom="readingOrder {index:9;}">
                <Coords points="475,1198 871,1193 1042,1238 1244,1191 1434,1225 1435,1159 1343,1186 1301,1151 884,1172 753,1133 602,1177 476,1137"/>
                <Baseline points="482,1185 529,1187 576,1188 623,1189 671,1190 718,1191 765,1191 813,1191 860,1193 907,1193 955,1193 1002,1193 1049,1193 1096,1194 1144,1194 1191,1196 1238,1196 1286,1198 1333,1200 1380,1202 1428,1205"/>
                <TextEquiv>
                    <Unicode>Allein kägen, etwaß iin einem korbli mit</Unicode>
                </TextEquiv>
            </TextLine>
            <TextLine id="r5l11" custom="readingOrder {index:10;}">
                <Coords points="487,1265 710,1283 866,1257 934,1288 1033,1259 1249,1296 1310,1270 1374,1301 1418,1279 1406,1218 1314,1247 1224,1192 1044,1237 904,1197 677,1219 642,1189 588,1234 488,1225"/>
                <Baseline points="494,1251 539,1251 585,1251 631,1253 677,1253 723,1253 769,1254 815,1254 861,1254 907,1255 953,1256 998,1257 1044,1257 1090,1259 1136,1260 1182,1262 1228,1263 1274,1265 1320,1267 1366,1269 1412,1272"/>
                <TextEquiv>
                    <Unicode>einem thuch bedeckt, hinweg getragen, und</Unicode>
                </TextEquiv>
            </TextLine>
            <TextLine id="r5l12" custom="readingOrder {index:11;}">
                <Coords points="475,1349 1123,1322 1380,1358 1425,1351 1426,1286 1114,1298 1019,1261 946,1298 810,1255 643,1302 534,1256 476,1270"/>
                <Baseline points="482,1317 528,1317 575,1319 622,1319 669,1319 716,1319 763,1319 809,1319 856,1319 903,1319 950,1319 997,1319 1044,1319 1091,1320 1137,1321 1184,1322 1231,1325 1278,1326 1325,1330 1372,1334 1419,1337"/>
                <TextEquiv>
                    <Unicode>Also zimblichen urgwohn verursachet, deß</Unicode>
                </TextEquiv>
            </TextLine>
            <TextLine id="r5l13" custom="readingOrder {index:12;}">
                <Coords points="466,1387 680,1413 934,1372 1213,1419 1275,1383 1452,1427 1453,1363 1401,1341 1196,1367 1118,1325 893,1346 697,1318 467,1351"/>
                <Baseline points="473,1379 521,1379 570,1379 618,1379 667,1378 716,1377 764,1377 813,1377 861,1377 910,1377 959,1377 1007,1377 1056,1378 1104,1379 1153,1380 1202,1382 1250,1385 1299,1388 1347,1392 1396,1397 1445,1401"/>
                <TextEquiv>
                    <Unicode>wegen sy beschickt. und auch ernstlich befragt</Unicode>
                </TextEquiv>
            </TextLine>
            <TextLine id="r5l14" custom="readingOrder {index:13;}">
                <Coords points="479,1460 809,1480 869,1439 1156,1479 1285,1452 1336,1480 1434,1474 1435,1441 1336,1405 1301,1432 1260,1390 1201,1424 1053,1380 695,1412 606,1384 480,1419"/>
                <Baseline points="486,1439 533,1439 580,1439 627,1439 674,1439 721,1439 768,1439 815,1439 862,1439 909,1440 957,1440 1004,1442 1051,1443 1098,1445 1145,1446 1192,1448 1239,1449 1286,1452 1333,1454 1380,1458 1428,1460"/>
                <TextEquiv>
                    <Unicode>worden, waß sy also disen morgen inn dem</Unicode>
                </TextEquiv>
            </TextLine>
            <TextLine id="r5l15" custom="readingOrder {index:14;}">
                <Coords points="478,1526 569,1531 622,1496 789,1540 885,1508 967,1546 1070,1519 1128,1561 1322,1527 1395,1572 1421,1489 871,1440 808,1482 479,1460"/>
                <Baseline points="485,1506 531,1506 577,1506 624,1506 670,1506 717,1506 763,1508 809,1508 856,1508 902,1509 949,1509 995,1511 1041,1512 1088,1514 1134,1515 1181,1517 1227,1520 1273,1523 1320,1526 1366,1530 1413,1533"/>
                <TextEquiv>
                    <Unicode>Körbli weg getragen habe. hat sy entlich</Unicode>
                </TextEquiv>
            </TextLine>
            <TextLine id="r5l16" custom="readingOrder {index:15;}">
                <Coords points="478,1578 559,1608 611,1581 649,1612 725,1572 1008,1620 1062,1592 1107,1630 1208,1631 1263,1589 1422,1622 1423,1561 1387,1579 1321,1528 1096,1567 883,1508 805,1542 666,1522 613,1559 538,1513 479,1526"/>
                <Baseline points="485,1577 531,1577 578,1577 624,1577 671,1577 717,1577 764,1578 810,1578 857,1578 903,1580 950,1581 997,1582 1043,1583 1090,1585 1136,1586 1183,1588 1229,1590 1276,1593 1322,1595 1369,1598 1416,1601"/>
                <TextEquiv>
                    <Unicode>Uffhartes Ansetzen, und vorgehaltner umb,</Unicode>
                </TextEquiv>
            </TextLine>
            <TextLine id="r5l17" custom="readingOrder {index:16;}">
                <Coords points="461,1660 709,1645 809,1684 1009,1646 1056,1682 1149,1655 1416,1678 1387,1606 1263,1589 1181,1643 1068,1596 976,1627 843,1586 801,1626 739,1574 657,1621 587,1585 462,1616"/>
                <Baseline points="468,1638 515,1640 562,1640 609,1641 656,1641 703,1643 750,1644 797,1645 844,1646 891,1647 939,1649 986,1650 1033,1651 1080,1652 1127,1653 1174,1655 1221,1656 1268,1659 1315,1661 1362,1662 1410,1664"/>
                <TextEquiv>
                    <Unicode>gständen, bekent, daß eß ja ein kindt, alß</Unicode>
                </TextEquiv>
            </TextLine>
            <TextLine id="r5l18" custom="readingOrder {index:17;}">
                <Coords points="473,1716 568,1727 611,1697 787,1742 911,1705 1031,1745 1176,1716 1303,1760 1420,1730 1421,1705 1359,1674 1055,1681 1008,1648 777,1687 710,1645 474,1674"/>
                <Baseline points="480,1698 526,1700 573,1701 619,1703 666,1703 713,1704 759,1706 806,1706 853,1707 899,1707 946,1709 993,1710 1039,1710 1086,1712 1133,1712 1179,1714 1226,1715 1273,1716 1319,1719 1366,1721 1413,1724"/>
                <TextEquiv>
                    <Unicode>ein meitelin gewäsen und znr Marzchli zu</Unicode>
                </TextEquiv>
            </TextLine>
            <TextLine id="r5l19" custom="readingOrder {index:18;}">
                <Coords points="467,1781 590,1803 646,1770 761,1805 903,1779 971,1811 1134,1771 1215,1815 1408,1809 1409,1728 1290,1764 944,1735 910,1705 802,1747 469,1709"/>
                <Baseline points="474,1767 520,1767 566,1766 613,1766 659,1767 705,1767 752,1767 798,1767 844,1769 891,1769 937,1770 983,1770 1030,1772 1076,1773 1122,1775 1169,1776 1215,1778 1261,1781 1308,1782 1354,1784 1401,1787"/>
                <TextEquiv>
                    <Unicode>die uhren geworffen habe. Alß nun sy</Unicode>
                </TextEquiv>
            </TextLine>
            <TextLine id="r5l20" custom="readingOrder {index:19;}">
                <Coords points="463,1837 547,1867 602,1835 714,1857 748,1826 960,1867 1167,1835 1316,1880 1394,1857 1395,1814 1160,1815 1118,1780 972,1811 817,1778 762,1805 464,1790"/>
                <Baseline points="470,1824 515,1826 561,1826 607,1826 653,1826 699,1826 745,1827 791,1827 837,1827 883,1827 929,1829 974,1829 1020,1829 1066,1830 1112,1832 1158,1833 1204,1835 1250,1838 1296,1840 1342,1842 1388,1845"/>
                <TextEquiv>
                    <Unicode>Auch daß orth gezeigt und man vollgens</Unicode>
                </TextEquiv>
            </TextLine>
            <TextLine id="r5l21" custom="readingOrder {index:20;}">
                <Coords points="464,1903 707,1915 764,1887 930,1918 969,1883 1421,1937 1422,1877 1206,1838 1125,1876 749,1826 548,1869 465,1838"/>
                <Baseline points="471,1889 518,1889 565,1889 612,1887 659,1887 707,1887 754,1887 801,1887 848,1889 895,1889 943,1890 990,1890 1037,1892 1084,1893 1131,1893 1179,1895 1226,1896 1273,1899 1320,1901 1367,1904 1415,1907"/>
                <TextEquiv>
                    <Unicode>die bewantnuß der sach eigentlich erfahren</Unicode>
                </TextEquiv>
            </TextLine>
            <TextLine id="r5l22" custom="readingOrder {index:21;}">
                <Coords points="443,1964 922,1958 984,1986 1187,1948 1250,1981 1350,1964 1351,1938 1204,1896 1093,1922 967,1889 829,1921 582,1892 521,1921 443,1891"/>
                <Baseline points="450,1947 494,1946 539,1946 584,1946 628,1947 673,1947 718,1947 762,1947 807,1947 852,1948 897,1949 941,1949 986,1949 1031,1950 1075,1950 1120,1952 1165,1952 1209,1952 1254,1953 1299,1953 1344,1955"/>
                <TextEquiv>
                    <Unicode>da jedoch beides Mulber vndt tochter</Unicode>
                </TextEquiv>
            </TextLine>
            <TextLine id="r5l24" custom="readingOrder {index:22;}">
                <Coords points="484,2035 659,2001 713,2031 884,2005 924,2041 1116,2010 1312,2043 1407,2020 1407,1973 1326,1957 1253,1980 1186,1949 1110,1987 485,1961"/>
                <Baseline points="491,2001 536,2000 582,2000 627,1998 673,1998 718,1998 764,2000 809,2000 855,2001 900,2001 946,2003 991,2004 1037,2004 1082,2006 1128,2006 1173,2006 1219,2007 1264,2007 1310,2007 1355,2006 1401,2006"/>
                <TextEquiv>
                    <Unicode>sich deßen inn allweg glimpfflich entschellen</Unicode>
                </TextEquiv>
            </TextLine>
            <TextLine id="r5l25" custom="readingOrder {index:23;}">
                <Coords points="461,2077 729,2092 800,2063 964,2096 1018,2065 1174,2094 1243,2069 1284,2097 1346,2069 1408,2094 1408,2049 1244,2012 946,2042 754,2018 724,2042 671,2008 525,2053 461,2018"/>
                <Baseline points="467,2072 513,2070 560,2068 607,2067 653,2066 700,2064 747,2064 793,2063 840,2063 887,2063 934,2063 980,2063 1027,2063 1074,2063 1120,2064 1167,2064 1214,2066 1260,2066 1307,2067 1354,2069 1401,2070"/>
                <TextEquiv>
                    <Unicode>edigen wöllen weßwegen myhl und oberen</Unicode>
                </TextEquiv>
            </TextLine>
            <TextLine id="r5l26" custom="readingOrder {index:24;}">
                <Coords points="477,2131 804,2141 853,2116 948,2157 1036,2118 1432,2129 1432,2079 1346,2070 1281,2096 1002,2069 956,2097 840,2070 785,2098 477,2071"/>
                <Baseline points="483,2117 530,2118 577,2118 624,2118 671,2118 718,2118 765,2118 812,2118 859,2117 906,2117 954,2117 1001,2117 1048,2117 1095,2117 1142,2116 1189,2115 1236,2115 1283,2116 1330,2117 1377,2117 1425,2117"/>
                <TextEquiv>
                    <Unicode>buth chorgrichtlichen fürtrags sub 16 junii.</Unicode>
                </TextEquiv>
            </TextLine>
            <TextLine id="r5l27" custom="readingOrder {index:25;}">
                <Coords points="477,2205 687,2211 918,2170 967,2199 1148,2169 1379,2197 1435,2171 1414,2122 963,2154 853,2116 786,2149 477,2131"/>
                <Baseline points="483,2174 530,2172 577,2171 624,2169 672,2169 719,2168 766,2168 813,2168 861,2168 908,2168 955,2169 1002,2169 1050,2169 1097,2169 1144,2169 1191,2169 1239,2169 1286,2169 1333,2169 1380,2168 1428,2166"/>
                <TextEquiv>
                    <Unicode>1673. deßen mit mehrerem verständiget</Unicode>
                </TextEquiv>
            </TextLine>
            <TextLine id="r5l28" custom="readingOrder {index:26;}">
                <Coords points="469,2256 619,2271 670,2230 804,2270 1003,2222 1048,2252 1157,2222 1348,2238 1403,2231 1403,2203 1204,2170 965,2198 922,2170 677,2218 468,2205"/>
                <Baseline points="476,2237 522,2237 568,2236 614,2235 660,2234 706,2232 752,2231 798,2229 844,2228 890,2227 936,2226 982,2224 1028,2223 1074,2222 1120,2222 1166,2222 1212,2222 1258,2222 1304,2222 1350,2223 1397,2225"/>
                <TextEquiv>
                    <Unicode>worden. Also daß darauf die Muter</Unicode>
                </TextEquiv>
            </TextLine>
            <TextLine id="r5l29" custom="readingOrder {index:27;}">
                <Coords points="479,2324 634,2289 772,2329 1009,2282 1324,2303 1428,2268 1427,2236 1162,2222 1014,2263 957,2228 779,2272 713,2246 628,2278 477,2266"/>
                <Baseline points="485,2294 531,2294 578,2294 625,2293 672,2292 719,2291 765,2291 812,2289 859,2288 906,2286 953,2285 999,2283 1046,2282 1093,2280 1140,2279 1187,2277 1233,2276 1280,2274 1327,2274 1374,2273 1421,2273"/>
                <TextEquiv>
                    <Unicode>In die Obere gefangenschafft: die Tochter</Unicode>
                </TextEquiv>
            </TextLine>
            <TextLine id="r5l30" custom="readingOrder {index:28;} place {offset:12; length:19;}">
                <Coords points="484,2366 931,2366 962,2341 1045,2378 1109,2343 1228,2333 1277,2361 1398,2342 1398,2318 1261,2277 1107,2307 1009,2282 904,2330 844,2301 684,2323 634,2289 593,2322 484,2323"/>
                <Baseline points="491,2343 536,2345 581,2346 626,2348 671,2348 716,2348 761,2348 806,2348 851,2346 896,2345 941,2345 986,2343 1031,2342 1076,2340 1121,2339 1166,2337 1211,2336 1256,2334 1301,2332 1346,2331 1391,2330"/>
                <TextEquiv>
                    <Unicode>Aber in den Oberen Spithal-Alda ire</Unicode>
                </TextEquiv>
            </TextLine>
            <TextLine id="r5l31" custom="readingOrder {index:29;}">
                <Coords points="481,2420 682,2402 902,2440 1419,2406 1419,2370 1339,2335 1273,2362 1129,2340 1046,2383 964,2342 931,2366 481,2366"/>
                <Baseline points="488,2402 534,2402 580,2403 626,2403 672,2403 719,2403 765,2402 811,2402 857,2402 903,2400 950,2400 996,2399 1042,2399 1088,2397 1134,2396 1181,2396 1227,2394 1273,2393 1319,2393 1365,2391 1412,2390"/>
                <TextEquiv>
                    <Unicode>Kindtbetti zeit ze haben, gethann und ver¬</Unicode>
                </TextEquiv>
            </TextLine>
            <TextLine id="r5l33" custom="readingOrder {index:30;}">
                <Coords points="460,2484 610,2496 689,2459 788,2496 824,2486 839,2497 913,2460 913,2436 860,2420 823,2439 802,2419 754,2414 726,2429 678,2406 632,2408 605,2431 578,2418 460,2438"/>
                <Baseline points="467,2465 492,2463 518,2462 544,2462 570,2462 596,2462 621,2460 647,2460 673,2460 699,2460 725,2460 751,2460 776,2459 802,2458 828,2457 854,2457 880,2455 906,2454"/>
                <TextEquiv>
                    <Unicode>gewahret worden etc.</Unicode>
                </TextEquiv>
            </TextLine>
            <TextLine id="r5l35" custom="readingOrder {index:31;}">
                <Coords points="486,2532 590,2536 630,2558 663,2543 705,2557 749,2542 777,2559 951,2550 950,2469 909,2458 839,2497 747,2483 727,2499 703,2483 674,2500 641,2480 546,2498 485,2482"/>
                <Baseline points="492,2522 517,2520 542,2519 567,2519 592,2519 617,2519 642,2519 667,2519 692,2519 718,2519 743,2519 768,2519 793,2517 818,2517 843,2517 868,2517 893,2516 918,2516 944,2514"/>
                <TextEquiv>
                    <Unicode>in 30 jahriges wyb.</Unicode>
                </TextEquiv>
            </TextLine>
            <TextLine id="r5l38" custom="readingOrder {index:32;}">
                <Coords points="434,2703 828,2720 907,2685 1076,2687 1145,2715 1215,2688 1266,2720 1393,2690 1392,2618 1336,2635 1292,2604 1189,2642 1092,2602 930,2632 829,2600 705,2628 433,2605"/>
                <Baseline points="440,2685 487,2687 534,2688 581,2690 629,2690 676,2691 723,2691 771,2691 818,2691 865,2691 913,2690 960,2690 1007,2688 1054,2688 1102,2687 1149,2687 1196,2685 1244,2684 1291,2684 1338,2682 1386,2681"/>
                <TextEquiv>
                    <Unicode>Warauff Myh. Bndt Oberen, dise beid</Unicode>
                </TextEquiv>
            </TextLine>
            <TextLine id="r5l39" custom="readingOrder {index:33;}">
                <Coords points="472,2758 1410,2741 1391,2678 1266,2720 1076,2686 987,2718 898,2688 771,2729 736,2697 472,2711"/>
                <Baseline points="479,2747 525,2747 571,2748 617,2748 663,2748 710,2748 756,2748 802,2748 848,2747 894,2747 941,2745 987,2745 1033,2744 1079,2742 1125,2741 1172,2739 1218,2738 1264,2737 1310,2735 1356,2733 1403,2732"/>
                <TextEquiv>
                    <Unicode>Maleficantin mutter und tochter Durch</Unicode>
                </TextEquiv>
            </TextLine>
            <TextLine id="r5l40" custom="readingOrder {index:34;}">
                <Coords points="461,2819 657,2811 727,2842 775,2815 988,2833 1027,2799 1085,2834 1204,2792 1402,2811 1401,2764 1318,2740 804,2783 717,2751 460,2759"/>
                <Baseline points="467,2802 513,2802 559,2804 606,2804 652,2804 699,2802 745,2802 791,2801 838,2801 884,2799 931,2798 977,2797 1023,2796 1070,2795 1116,2793 1163,2792 1209,2790 1255,2789 1302,2789 1348,2787 1395,2787"/>
                <TextEquiv>
                    <Unicode>die woll edlen ehrmueßen, frommen Bur</Unicode>
                </TextEquiv>
            </TextLine>
            <TextLine id="r5l41" custom="readingOrder {index:35;}">
                <Coords points="460,2872 849,2896 972,2861 1081,2887 1149,2857 1325,2884 1394,2842 1463,2856 1462,2803 1319,2790 1087,2835 1036,2799 988,2833 881,2812 769,2846 599,2811 460,2832"/>
                <Baseline points="467,2859 516,2862 566,2864 615,2864 665,2865 714,2865 764,2864 813,2864 863,2862 912,2861 962,2859 1011,2858 1061,2856 1110,2855 1160,2853 1209,2852 1259,2850 1308,2849 1358,2849 1407,2847 1457,2847"/>
                <TextEquiv>
                    <Unicode>venemmen, dersichtigen unnd wysen herren</Unicode>
                </TextEquiv>
            </TextLine>
            <TextLine id="r5l42" custom="readingOrder {index:36;} person {offset:18; length:17;}">
                <Coords points="476,2921 836,2954 961,2917 1034,2945 1165,2909 1254,2928 1392,2901 1391,2849 1325,2884 1231,2856 1042,2887 1011,2861 909,2898 474,2872"/>
                <Baseline points="482,2915 527,2917 572,2919 617,2921 662,2921 707,2921 752,2921 798,2921 843,2920 888,2919 933,2918 978,2916 1023,2915 1068,2912 1114,2910 1159,2909 1204,2906 1249,2904 1294,2901 1339,2899 1385,2897"/>
                <TextEquiv>
                    <Unicode>Herren gümblicher Abraham Tillieren, alß</Unicode>
                </TextEquiv>
            </TextLine>
            <TextLine id="r5l43" custom="readingOrder {index:37;} person {offset:34; length:8; continued:true;}">
                <Coords points="461,2985 1428,2998 1426,2879 1035,2946 960,2917 912,2953 728,2925 460,2942"/>
                <Baseline points="467,2964 514,2966 562,2967 610,2969 657,2970 705,2972 753,2972 800,2972 848,2972 896,2971 944,2970 991,2969 1039,2967 1087,2966 1134,2963 1182,2961 1230,2958 1277,2955 1325,2951 1373,2948 1421,2943"/>
                <TextEquiv>
                    <Unicode>Verordneten Herren Exeaminatoren, deßklede</Unicode>
                </TextEquiv>
            </TextLine>
            <TextLine id="r5l44" custom="readingOrder {index:38;} person {offset:0; length:7; continued:true;}">
                <Coords points="1244,3099 1292,3068 1319,3060 1346,3056 1388,3072 1394,3066 1405,3073 1426,3069 1420,3008 1396,3010 1376,3022 1336,3000 1317,3015 1293,2999 1280,3001 1260,3019 1236,3018"/>
                <Baseline points="1247,3059 1275,3056 1303,3054 1331,3051 1359,3049 1387,3046 1416,3042"/>
                <TextEquiv>
                    <Unicode>Funckel.</Unicode>
                </TextEquiv>
            </TextLine>
            <TextEquiv>
                <Unicode>sy einmahl us Freyen buß gestelt worden, der
meinung sich uff nechsten montag widerumb
ynzestellen. inzwüschen aber ist sy irer
lybsfrucht, sontags abens entbunden worden,
unnd jedoch mornderst widerumb im thorhauß
erschinnen und nochmahlen nit gestehen vollen,
daß sy schwanger gsin seye. Alß aber
Im erfahrung komen, daß ire muter
Plamen Praches selbigen montags zeitlich g
Allein kägen, etwaß iin einem korbli mit
einem thuch bedeckt, hinweg getragen, und
Also zimblichen urgwohn verursachet, deß
wegen sy beschickt. und auch ernstlich befragt
worden, waß sy also disen morgen inn dem
Körbli weg getragen habe. hat sy entlich
Uffhartes Ansetzen, und vorgehaltner umb,
gständen, bekent, daß eß ja ein kindt, alß
ein meitelin gewäsen und znr Marzchli zu
die uhren geworffen habe. Alß nun sy
Auch daß orth gezeigt und man vollgens
die bewantnuß der sach eigentlich erfahren
da jedoch beides Mulber vndt tochter
sich deßen inn allweg glimpfflich entschellen
edigen wöllen weßwegen myhl und oberen
buth chorgrichtlichen fürtrags sub 16 junii.
1673. deßen mit mehrerem verständiget
worden. Also daß darauf die Muter
In die Obere gefangenschafft: die Tochter
Aber in den Oberen Spithal-Alda ire
Kindtbetti zeit ze haben, gethann und ver¬
gewahret worden etc.
in 30 jahriges wyb.
Warauff Myh. Bndt Oberen, dise beid
Maleficantin mutter und tochter Durch
die woll edlen ehrmueßen, frommen Bur
venemmen, dersichtigen unnd wysen herren
Herren gümblicher Abraham Tillieren, alß
Verordneten Herren Exeaminatoren, deßklede
Funckel.</Unicode>
            </TextEquiv>
        </TextRegion>
        <TextRegion orientation="0.0" type="paragraph" id="TextRegion_1684174731144_4390" custom="readingOrder {index:1;} structure {type:paragraph;}">
            <Coords points="1553,628 2604,587 2609,1466 2609,3150 1553,3167"/>
            <TextLine id="line_1675774637999_2171" custom="readingOrder {index:0;} person {offset:30; length:6;}">
                <Coords points="1572,1497 1619,1482 1674,1517 1784,1487 1935,1524 2042,1486 2125,1512 2287,1493 2340,1466 2367,1466 2448,1508 2555,1504 2556,1546 2358,1544 2323,1579 2208,1541 1825,1568 1770,1599 1575,1580"/>
                <Baseline points="1581,1566 1629,1566 1677,1565 1726,1565 1774,1563 1823,1562 1871,1559 1919,1557 1968,1556 2016,1553 2065,1550 2113,1548 2161,1546 2210,1544 2258,1542 2307,1540 2355,1538 2403,1537 2452,1536 2500,1535 2549,1535"/>
                <TextEquiv>
                    <Unicode>Alß erstlichen, so habendt sy plomen</Unicode>
                </TextEquiv>
            </TextLine>
            <TextLine id="r6l17" custom="readingOrder {index:1;} person {offset:5; length:10;}">
                <Coords points="1595,1643 2581,1591 2552,1547 2367,1542 2323,1579 2166,1548 2006,1553 1950,1590 1906,1558 1810,1601 1592,1581"/>
                <Baseline points="1601,1626 1649,1625 1698,1621 1746,1619 1795,1617 1844,1613 1892,1611 1941,1608 1990,1607 2038,1604 2087,1601 2136,1599 2184,1598 2233,1595 2282,1593 2330,1592 2379,1590 2428,1589 2476,1588 2525,1587 2574,1586"/>
                <TextEquiv>
                    <Unicode>unnd Anna Prack gent Alß meter unndt</Unicode>
                </TextEquiv>
            </TextLine>
            <TextLine id="r6l18" custom="readingOrder {index:2;}">
                <Coords points="1616,1681 2048,1684 2087,1658 2160,1693 2202,1660 2276,1679 2384,1652 2436,1682 2556,1649 2555,1622 2395,1591 2265,1633 2141,1604 1615,1641"/>
                <Baseline points="1622,1674 1668,1673 1714,1672 1761,1671 1807,1670 1853,1668 1900,1667 1946,1665 1992,1663 2039,1661 2085,1659 2131,1656 2178,1655 2224,1653 2270,1651 2317,1650 2363,1649 2409,1647 2456,1646 2502,1646 2549,1644"/>
                <TextEquiv>
                    <Unicode>tochter- bekent, daß nach den die tochter</Unicode>
                </TextEquiv>
            </TextLine>
            <TextLine id="r6l19" custom="readingOrder {index:3;}">
                <Coords points="1610,1766 2174,1709 2302,1739 2342,1705 2574,1714 2596,1636 2436,1682 2385,1653 1861,1706 1607,1680"/>
                <Baseline points="1616,1728 1664,1728 1713,1727 1762,1727 1811,1725 1859,1724 1908,1721 1957,1719 2006,1717 2054,1715 2103,1713 2152,1710 2201,1708 2249,1706 2298,1704 2347,1703 2396,1701 2444,1700 2493,1698 2542,1698 2591,1698"/>
                <TextEquiv>
                    <Unicode>sontags abens-inn währendem gebäth kints</Unicode>
                </TextEquiv>
            </TextLine>
            <TextLine id="r6l20" custom="readingOrder {index:4;}">
                <Coords points="1628,1807 1665,1781 1755,1815 1839,1778 2574,1775 2573,1740 2411,1701 2306,1736 2174,1709 1627,1757"/>
                <Baseline points="1634,1779 1680,1779 1727,1778 1773,1778 1820,1776 1867,1775 1913,1773 1960,1772 2007,1770 2053,1769 2100,1767 2147,1766 2193,1764 2240,1764 2287,1763 2333,1761 2380,1761 2427,1760 2473,1760 2520,1760 2567,1760"/>
                <TextEquiv>
                    <Unicode>genasen, habindt sy sich mit einanderen</Unicode>
                </TextEquiv>
            </TextLine>
            <TextLine id="r6l21" custom="readingOrder {index:5;}">
                <Coords points="1625,1846 2583,1825 2581,1767 2487,1764 2144,1768 2088,1805 1839,1779 1756,1813 1695,1782 1624,1810"/>
                <Baseline points="1631,1833 1678,1832 1725,1832 1772,1830 1820,1829 1867,1829 1914,1827 1961,1827 2009,1826 2056,1826 2103,1825 2150,1824 2198,1823 2245,1823 2292,1821 2339,1820 2387,1818 2434,1818 2481,1815 2528,1814 2576,1811"/>
                <TextEquiv>
                    <Unicode>underredt, daß kindt nit abzebindn, vndt</Unicode>
                </TextEquiv>
            </TextLine>
            <TextLine id="r6l22" custom="readingOrder {index:6;}">
                <Coords points="1626,1909 1693,1880 1968,1881 2172,1912 2256,1876 2378,1905 2581,1891 2581,1855 2438,1818 1626,1857"/>
                <Baseline points="1632,1881 1679,1881 1726,1880 1773,1880 1820,1878 1867,1878 1914,1878 1961,1877 2008,1877 2055,1877 2103,1875 2150,1875 2197,1875 2244,1874 2291,1874 2338,1874 2385,1873 2432,1872 2479,1872 2526,1871 2574,1871"/>
                <TextEquiv>
                    <Unicode>zue todt verbluten ze laßen, also daß der</Unicode>
                </TextEquiv>
            </TextLine>
            <TextLine id="r6l25" custom="readingOrder {index:7;}">
                <Coords points="1624,1947 1837,1961 2108,1928 2271,1964 2432,1917 2565,1938 2543,1896 2345,1886 2172,1912 1749,1882 1624,1910"/>
                <Baseline points="1631,1934 1677,1934 1723,1932 1770,1931 1816,1931 1862,1929 1909,1929 1955,1928 2001,1928 2048,1928 2094,1926 2140,1926 2187,1926 2233,1925 2279,1925 2326,1923 2372,1923 2418,1922 2465,1920 2511,1919 2558,1917"/>
                <TextEquiv>
                    <Unicode>mutter daß kindt empfangen in einem</Unicode>
                </TextEquiv>
            </TextLine>
            <TextLine id="r6l26" custom="readingOrder {index:8;}">
                <Coords points="1616,1997 1669,2027 1740,1996 1908,2022 2274,1975 2486,2020 2532,1980 2604,1998 2580,1942 2505,1954 2435,1917 2263,1960 2107,1928 2052,1959 1616,1944"/>
                <Baseline points="1622,1986 1670,1986 1719,1986 1768,1985 1817,1985 1865,1985 1914,1985 1963,1983 2012,1983 2060,1983 2109,1982 2158,1982 2207,1982 2255,1980 2304,1980 2353,1980 2402,1980 2450,1979 2499,1979 2548,1979 2597,1979"/>
                <TextEquiv>
                    <Unicode>lumpen beseitsgelegt und in die Kuchi gangen.</Unicode>
                </TextEquiv>
            </TextLine>
            <TextLine id="r6l27" custom="readingOrder {index:9;}">
                <Coords points="1614,2068 1695,2042 1765,2088 2010,2043 2136,2083 2292,2053 2425,2086 2601,2043 2601,1999 2556,1978 2487,2021 2396,1980 1668,2027 1614,1996"/>
                <Baseline points="1620,2048 1668,2046 1717,2045 1766,2045 1815,2043 1863,2043 1912,2043 1961,2042 2010,2042 2058,2042 2107,2042 2156,2042 2205,2042 2253,2042 2302,2042 2351,2042 2400,2042 2448,2043 2497,2043 2546,2043 2595,2043"/>
                <TextEquiv>
                    <Unicode>Inzwüschen habe die tochter, wie sy selbs</Unicode>
                </TextEquiv>
            </TextLine>
            <TextLine id="r6l28" custom="readingOrder {index:10;}">
                <Coords points="1621,2110 2537,2116 2583,2110 2583,2040 2424,2088 2292,2053 2136,2084 1902,2049 1766,2088 1695,2042 1621,2059"/>
                <Baseline points="1628,2103 1675,2103 1722,2102 1770,2102 1817,2100 1865,2100 1912,2100 1959,2100 2007,2100 2054,2100 2102,2100 2149,2100 2196,2100 2244,2100 2291,2100 2339,2100 2386,2102 2433,2102 2481,2102 2528,2102 2576,2103"/>
                <TextEquiv>
                    <Unicode>bekent, daß Kindt bim Armbli genomen, vnd</Unicode>
                </TextEquiv>
            </TextLine>
            <TextLine id="r6l29" custom="readingOrder {index:11;} person {offset:43; length:1; continued:true;}">
                <Coords points="1547,2166 1593,2195 1654,2164 2005,2189 2194,2154 2304,2192 2424,2156 2616,2168 2615,2099 2281,2134 2183,2101 1992,2134 1546,2124"/>
                <Baseline points="1553,2160 1605,2159 1658,2159 1711,2159 1764,2157 1817,2157 1869,2157 1922,2156 1975,2156 2028,2154 2081,2154 2133,2154 2186,2154 2239,2154 2292,2154 2345,2154 2397,2154 2450,2154 2503,2155 2556,2156 2609,2157"/>
                <TextEquiv>
                    <Unicode>In den zuber oder handtrübli, darin albereit</Unicode>
                </TextEquiv>
            </TextLine>
            <TextLine id="r6l30" custom="readingOrder {index:12;} person {offset:0; length:7; continued:true;}">
                <Coords points="1610,2221 1885,2240 2042,2207 2171,2239 2359,2203 2598,2239 2584,2164 2334,2165 2302,2193 2182,2156 2006,2190 1610,2182"/>
                <Baseline points="1617,2210 1665,2210 1714,2211 1763,2211 1812,2211 1860,2211 1909,2211 1958,2211 2007,2211 2055,2211 2104,2210 2153,2210 2202,2210 2250,2210 2299,2210 2348,2210 2397,2211 2445,2211 2494,2213 2543,2213 2592,2214"/>
                <TextEquiv>
                    <Unicode>Lauswaßer in der stuben gewäsen, gethan,</Unicode>
                </TextEquiv>
            </TextLine>
            <TextLine id="r6l31" custom="readingOrder {index:13;}">
                <Coords points="1581,2273 2608,2294 2595,2238 2357,2205 2189,2238 1581,2231"/>
                <Baseline points="1587,2262 1637,2262 1688,2262 1739,2262 1789,2262 1840,2262 1891,2262 1941,2262 1992,2262 2043,2262 2094,2262 2144,2262 2195,2262 2246,2262 2296,2263 2347,2264 2398,2264 2448,2265 2499,2265 2550,2267 2601,2268"/>
                <TextEquiv>
                    <Unicode>undt daßelbe zum theil verblüben laßen undt</Unicode>
                </TextEquiv>
            </TextLine>
            <TextLine id="line_1675244375255_1157" custom="readingOrder {index:14;}">
                <Coords points="1612,2275 1820,2266 1948,2261 2333,2266 2476,2270 2591,2296 2591,2320 2559,2333 2459,2347 1612,2337"/>
                <Baseline points="1619,2318 1644,2318 1669,2318 1694,2318 1719,2318 1744,2318 1769,2318 1794,2317 1819,2316 1844,2316 1869,2316 1894,2315 1919,2315 1944,2315 1969,2315 1994,2315 2019,2313 2044,2313 2069,2313 2094,2315 2120,2315 2210,2312 2235,2312 2260,2312 2285,2312 2310,2313 2335,2313 2360,2313 2385,2313 2410,2313 2435,2313 2460,2313 2485,2313 2510,2313 2535,2313 2560,2313 2585,2313"/>
                <TextEquiv>
                    <Unicode>theils ertränckt habe. Alß nun dee</Unicode>
                </TextEquiv>
            </TextLine>
            <TextLine id="r6l35" custom="readingOrder {index:15;}">
                <Coords points="1598,2384 1976,2379 2041,2415 2159,2372 2372,2406 2406,2378 2598,2388 2598,2327 2269,2353 2120,2309 2074,2337 1598,2347"/>
                <Baseline points="1604,2373 1653,2372 1702,2371 1752,2370 1801,2370 1850,2369 1900,2369 1949,2369 1998,2370 2048,2370 2097,2370 2146,2370 2196,2372 2245,2372 2294,2373 2344,2375 2393,2375 2442,2376 2492,2378 2541,2378 2591,2379"/>
                <TextEquiv>
                    <Unicode>muter uß der Kuchi bald wider hinyi-in die</Unicode>
                </TextEquiv>
            </TextLine>
            <TextLine id="r6l36" custom="readingOrder {index:16;}">
                <Coords points="1608,2431 1692,2460 1855,2421 2053,2431 2104,2464 2305,2430 2489,2458 2601,2443 2602,2409 2095,2378 2019,2410 1974,2378 1815,2373 1752,2409 1608,2381"/>
                <Baseline points="1614,2423 1663,2424 1712,2424 1761,2424 1810,2424 1859,2424 1908,2424 1957,2426 2006,2426 2055,2426 2104,2427 2153,2427 2202,2429 2251,2429 2300,2430 2349,2430 2398,2432 2447,2433 2496,2435 2545,2436 2595,2438"/>
                <TextEquiv>
                    <Unicode>stuben kommen und gesächen, daß daß waßer</Unicode>
                </TextEquiv>
            </TextLine>
            <TextLine id="r6l37" custom="readingOrder {index:17;}">
                <Coords points="1595,2486 2071,2485 2263,2522 2346,2492 2584,2504 2585,2445 2297,2433 2214,2469 1997,2431 1872,2460 1803,2426 1670,2459 1597,2428"/>
                <Baseline points="1602,2474 1650,2475 1699,2475 1748,2477 1797,2477 1845,2478 1894,2478 1943,2480 1992,2481 2040,2481 2089,2483 2138,2484 2187,2485 2235,2486 2284,2487 2333,2487 2382,2489 2430,2490 2479,2490 2528,2492 2577,2492"/>
                <TextEquiv>
                    <Unicode>vom bluth gantz noht wahre, habe sy daß</Unicode>
                </TextEquiv>
            </TextLine>
            <TextLine id="r6l38" custom="readingOrder {index:18;}">
                <Coords points="1606,2551 1890,2529 2025,2565 2086,2532 2196,2577 2329,2543 2435,2585 2556,2574 2557,2519 1607,2485"/>
                <Baseline points="1613,2528 1659,2528 1706,2528 1753,2528 1800,2529 1847,2529 1894,2531 1940,2532 1987,2532 2034,2534 2081,2535 2128,2537 2175,2538 2222,2540 2268,2541 2315,2541 2362,2543 2409,2543 2456,2544 2503,2544 2550,2544"/>
                <TextEquiv>
                    <Unicode>kindt, so uberal naß gewäsen, imme auch</Unicode>
                </TextEquiv>
            </TextLine>
            <TextLine id="r6l39" custom="readingOrder {index:19;}">
                <Coords points="1591,2609 1800,2622 1848,2586 2151,2632 2264,2590 2581,2618 2573,2566 2430,2585 2326,2544 2196,2575 2086,2533 2024,2565 1824,2531 1747,2563 1689,2537 1593,2556"/>
                <Baseline points="1599,2579 1647,2579 1696,2580 1745,2582 1794,2583 1842,2584 1891,2585 1940,2586 1989,2587 2037,2588 2086,2589 2135,2591 2184,2592 2232,2594 2281,2595 2330,2596 2379,2597 2427,2598 2476,2600 2525,2601 2574,2603"/>
                <TextEquiv>
                    <Unicode>waßer zum mühli ußgangen und nur noch</Unicode>
                </TextEquiv>
            </TextLine>
            <TextLine id="r6l40" custom="readingOrder {index:20;} person {offset:11; length:8;}">
                <Coords points="1619,2652 1713,2679 1869,2643 1963,2686 2326,2656 2543,2680 2593,2659 2594,2619 2273,2599 2164,2634 1848,2586 1799,2623 1620,2608"/>
                <Baseline points="1626,2636 1674,2637 1722,2639 1770,2640 1818,2642 1866,2643 1914,2645 1962,2646 2010,2646 2058,2648 2106,2649 2154,2651 2202,2651 2250,2652 2298,2653 2346,2654 2394,2655 2442,2655 2490,2656 2538,2657 2586,2657"/>
                <TextEquiv>
                    <Unicode>einwenig die Ringerli gerührt, inn ein lumpen</Unicode>
                </TextEquiv>
            </TextLine>
            <TextLine id="r6l41" custom="readingOrder {index:21;}">
                <Coords points="1588,2729 1738,2699 2526,2742 2570,2730 2571,2667 2104,2690 2002,2659 1968,2686 1860,2643 1764,2679 1589,2677"/>
                <Baseline points="1596,2693 1644,2694 1692,2695 1741,2696 1789,2697 1838,2697 1886,2699 1934,2700 1983,2702 2031,2703 2080,2705 2128,2706 2176,2708 2225,2708 2273,2710 2322,2711 2370,2712 2418,2712 2467,2712 2515,2714 2564,2714"/>
                <TextEquiv>
                    <Unicode>genomen, uff den bauw gelegt, und imme vff</Unicode>
                </TextEquiv>
            </TextLine>
            <TextLine id="r6l42" custom="readingOrder {index:22;}">
                <Coords points="1595,2785 1687,2752 1774,2786 1905,2755 1984,2799 2321,2770 2403,2809 2559,2780 2561,2729 2218,2742 2191,2713 2059,2745 2019,2714 1738,2699 1596,2728"/>
                <Baseline points="1602,2753 1649,2753 1697,2754 1744,2754 1792,2756 1839,2757 1887,2757 1934,2759 1982,2760 2029,2762 2077,2763 2125,2764 2172,2765 2220,2766 2267,2768 2315,2768 2362,2768 2410,2769 2457,2769 2505,2768 2553,2768"/>
                <TextEquiv>
                    <Unicode>der tochter gemähnen- ein truck am hälßli</Unicode>
                </TextEquiv>
            </TextLine>
            <TextLine id="r6l43" custom="readingOrder {index:23;}">
                <Coords points="1612,2846 1803,2813 1974,2858 2247,2828 2287,2865 2329,2838 2556,2834 2557,2811 2225,2768 2051,2804 1905,2756 1779,2786 1614,2774"/>
                <Baseline points="1620,2808 1666,2809 1713,2810 1759,2811 1806,2813 1852,2814 1899,2816 1945,2817 1992,2819 2038,2820 2085,2822 2131,2823 2178,2823 2224,2825 2271,2825 2317,2826 2364,2826 2410,2826 2457,2826 2503,2826 2550,2825"/>
                <TextEquiv>
                    <Unicode>geben und bfollen getödt, und gesagt syn</Unicode>
                </TextEquiv>
            </TextLine>
            <TextLine id="r6l44" custom="readingOrder {index:24;}">
                <Coords points="1598,2897 1976,2875 2437,2915 2556,2901 2557,2860 2330,2837 2282,2866 2235,2833 1970,2859 1764,2813 1599,2846"/>
                <Baseline points="1605,2867 1652,2868 1699,2870 1746,2871 1793,2873 1841,2873 1888,2874 1935,2875 1982,2876 2029,2877 2077,2879 2124,2879 2171,2880 2218,2882 2265,2883 2313,2885 2360,2886 2407,2888 2454,2891 2501,2894 2549,2895"/>
                <TextEquiv>
                    <Unicode>wölle daß todtne kindt by der schübli aber</Unicode>
                </TextEquiv>
            </TextLine>
            <TextLine id="r6l45" custom="readingOrder {index:25;}">
                <Coords points="1620,2931 1758,2960 1810,2924 2104,2961 2139,2933 2235,2958 2336,2930 2566,2956 2566,2917 2523,2895 1621,2884"/>
                <Baseline points="1626,2924 1672,2924 1719,2924 1765,2924 1812,2925 1859,2925 1905,2925 1952,2927 1999,2927 2045,2928 2092,2930 2139,2930 2185,2931 2232,2933 2279,2934 2325,2936 2372,2936 2419,2938 2465,2939 2512,2940 2559,2942"/>
                <TextEquiv>
                    <Unicode>tragen vndt daselbst inß waßer warffen</Unicode>
                </TextEquiv>
            </TextLine>
            <TextLine id="r6l46" custom="readingOrder {index:26;}">
                <Coords points="1592,2983 1837,2971 1955,3010 2032,2986 2065,3016 2209,2995 2265,3024 2353,2993 2452,3030 2568,3001 2570,2947 2528,2980 2343,2936 2235,2958 2140,2933 2104,2962 1938,2925 1804,2925 1765,2956 1593,2939"/>
                <Baseline points="1599,2969 1647,2969 1695,2970 1743,2970 1791,2970 1839,2972 1887,2973 1936,2975 1984,2976 2032,2978 2080,2980 2128,2982 2176,2984 2224,2985 2273,2987 2321,2990 2369,2991 2417,2993 2465,2996 2513,2997 2562,2997"/>
                <TextEquiv>
                    <Unicode>Darauf die tochter gesagt, eß seyen allzeit</Unicode>
                </TextEquiv>
            </TextLine>
            <TextLine id="r6l47" custom="readingOrder {index:27;}">
                <Coords points="1600,3034 1665,3056 1708,3019 1805,3061 1923,3024 2021,3066 2150,3032 2277,3078 2437,3034 2537,3066 2539,3010 2511,3002 2453,3026 2315,2994 2263,3022 1904,3008 1827,2976 1602,2987"/>
                <Baseline points="1607,3012 1653,3014 1699,3017 1745,3019 1791,3020 1838,3023 1884,3023 1930,3024 1976,3026 2022,3027 2069,3029 2115,3030 2161,3032 2207,3033 2253,3035 2300,3036 2346,3038 2392,3041 2438,3042 2484,3045 2531,3048"/>
                <TextEquiv>
                    <Unicode>lüth daselbsten, man möchte sy sachen.</Unicode>
                </TextEquiv>
            </TextLine>
            <TextLine id="r6l48" custom="readingOrder {index:28;}">
                <Coords points="1587,3097 1673,3136 1881,3097 2079,3154 2461,3168 2447,3098 2351,3064 2238,3077 2153,3033 2044,3075 1971,3041 1909,3080 1840,3048 1787,3068 1690,3033 1590,3042"/>
                <Baseline points="1595,3084 1638,3087 1681,3088 1724,3090 1767,3092 1810,3092 1853,3093 1896,3095 1939,3095 1982,3096 2025,3098 2068,3100 2111,3102 2154,3104 2197,3107 2240,3110 2283,3115 2326,3119 2369,3124 2412,3129 2456,3137"/>
                <TextEquiv>
                    <Unicode>uß dorcht und angst der schandt und schmach da etc.</Unicode>
                </TextEquiv>
            </TextLine>
            <TextLine id="line_1675774637999_2172" custom="readingOrder {index:29;} person {offset:30; length:6;}">
                <Coords points="2340,1466 2354,1459 2367,1466"/>
                <TextEquiv>
                    <Unicode>Alß erstlichen, so habendt sy plomen</Unicode>
                </TextEquiv>
            </TextLine>
            <TextLine id="r6l2" custom="readingOrder {index:30;} person {offset:9; length:14;} place {offset:28; length:8;}">
                <Coords points="1620,739 2137,687 2299,708 2376,678 2458,712 2573,687 2572,654 2431,626 1961,648 1925,675 1616,665"/>
                <Baseline points="1625,716 1672,713 1719,711 1766,709 1813,706 1860,703 1907,701 1954,698 2001,695 2048,693 2096,690 2143,687 2190,686 2237,683 2284,681 2331,681 2378,680 2425,680 2472,680 2519,680 2567,681"/>
                <TextEquiv>
                    <Unicode>junckern Johan Rudollff von Dießbach herren</Unicode>
                </TextEquiv>
            </TextLine>
            <TextLine id="r6l3" custom="readingOrder {index:31;} person {offset:0; length:25;} person {offset:32; length:6; continued:true;}">
                <Coords points="1611,789 2092,736 2207,763 2280,729 2485,748 2539,731 2537,693 2429,712 2373,679 2210,712 2136,688 1820,734 1665,713 1609,752"/>
                <Baseline points="1616,767 1661,764 1707,759 1753,756 1799,753 1845,751 1890,747 1936,744 1982,742 2028,740 2074,737 2119,735 2165,734 2211,731 2257,729 2303,728 2348,726 2394,726 2440,725 2486,723 2532,723"/>
                <TextEquiv>
                    <Unicode>Johan Friderich Willading herre sammel</Unicode>
                </TextEquiv>
            </TextLine>
            <TextLine id="r6l4" custom="readingOrder {index:32;} person {offset:0; length:7; continued:true;} person {offset:22; length:18; continued:true;}">
                <Coords points="1622,836 1800,797 1909,822 2046,794 2087,820 2189,787 2341,805 2575,775 2573,742 2432,731 1620,782"/>
                <Baseline points="1628,815 1677,812 1726,809 1776,807 1825,804 1875,801 1924,798 1973,795 2023,791 2072,789 2122,786 2171,782 2221,780 2270,777 2319,776 2369,773 2418,771 2468,770 2517,768 2567,767"/>
                <TextEquiv>
                    <Unicode>Lehrber unnd junckern Johan Bernhart von</Unicode>
                </TextEquiv>
            </TextLine>
            <TextLine id="r6l5" custom="readingOrder {index:33;} person {offset:0; length:6; continued:true;} organization {offset:27; length:12;}">
                <Coords points="1623,877 2164,842 2223,867 2581,820 2578,775 2529,771 2424,806 2229,789 1885,831 1799,798 1621,835"/>
                <Baseline points="1629,864 1676,863 1723,860 1770,858 1818,855 1865,854 1912,851 1959,848 2007,846 2054,843 2101,841 2148,838 2196,836 2243,834 2290,831 2337,830 2385,827 2432,825 2479,822 2526,821 2574,819"/>
                <TextEquiv>
                    <Unicode>Muralt großweibel, all deß großen rahts</Unicode>
                </TextEquiv>
            </TextLine>
            <TextLine id="r6l6" custom="readingOrder {index:34;}">
                <Coords points="1617,943 1888,909 1965,937 2110,898 2374,914 2467,877 2542,890 2563,829 2230,874 1614,875"/>
                <Baseline points="1622,914 1668,914 1715,912 1762,911 1809,910 1856,908 1902,906 1949,905 1996,903 2043,900 2090,899 2136,896 2183,893 2230,891 2277,888 2324,886 2370,884 2417,882 2464,879 2511,878 2558,875"/>
                <TextEquiv>
                    <Unicode>Ir g beuelchen gemäß ernstwörtig unndt</Unicode>
                </TextEquiv>
            </TextLine>
            <TextLine id="r6l7" custom="readingOrder {index:35;}">
                <Coords points="1616,965 1680,988 1802,956 1860,992 1968,952 2575,943 2585,884 1615,942"/>
                <Baseline points="1622,957 1669,957 1717,957 1765,956 1813,954 1861,953 1909,951 1956,949 2004,947 2052,945 2100,942 2148,941 2196,939 2244,936 2291,936 2339,934 2387,933 2435,932 2483,932 2531,932 2579,932"/>
                <TextEquiv>
                    <Unicode>auch mit bethreyung der Marter examinie</Unicode>
                </TextEquiv>
            </TextLine>
            <TextLine id="r6l8" custom="readingOrder {index:36;}">
                <Coords points="1592,1029 2589,982 2587,942 2474,930 2019,978 1968,951 1863,996 1590,972"/>
                <Baseline points="1598,1017 1647,1016 1696,1013 1745,1011 1794,1009 1844,1007 1893,1004 1942,1001 1991,997 2040,995 2090,992 2139,989 2188,986 2237,984 2286,982 2336,980 2385,978 2434,977 2483,977 2532,977 2582,977"/>
                <TextEquiv>
                    <Unicode>ren laßen. Die dan uff ernstliches zusprechen</Unicode>
                </TextEquiv>
            </TextLine>
            <TextLine id="r6l9" custom="readingOrder {index:37;} person {offset:0; length:15;}">
                <Coords points="1605,1081 1704,1101 1788,1068 1851,1096 1969,1057 2089,1080 2272,1033 2574,1028 2325,982 2220,1015 1603,1035"/>
                <Baseline points="1611,1074 1658,1069 1706,1065 1754,1061 1802,1058 1850,1054 1897,1052 1945,1047 1993,1045 2041,1042 2089,1040 2136,1037 2184,1035 2232,1034 2280,1031 2328,1030 2375,1028 2423,1027 2471,1026 2519,1024 2567,1023"/>
                <TextEquiv>
                    <Unicode>gott dem Herren die ehrzugeben und die</Unicode>
                </TextEquiv>
            </TextLine>
            <TextLine id="r6l10" custom="readingOrder {index:38;}">
                <Coords points="1614,1148 1866,1138 1921,1104 1975,1133 2157,1094 2232,1126 2317,1085 2602,1090 2555,1032 2459,1028 2084,1080 1956,1064 1915,1093 1611,1091"/>
                <Baseline points="1619,1125 1667,1122 1716,1119 1765,1116 1814,1112 1862,1109 1911,1105 1960,1102 2009,1099 2057,1095 2106,1093 2155,1091 2204,1088 2252,1085 2301,1083 2350,1081 2399,1080 2447,1079 2496,1078 2545,1077 2594,1079"/>
                <TextEquiv>
                    <Unicode>warheit irer begangnen mißhandlungen, ze</Unicode>
                </TextEquiv>
            </TextLine>
            <TextLine id="r6l11" custom="readingOrder {index:39;}">
                <Coords points="1635,1205 1751,1172 1833,1208 1919,1160 2087,1174 2191,1141 2291,1180 2345,1138 2605,1144 2602,1095 2349,1082 2213,1128 2163,1089 1975,1134 1923,1106 1789,1148 1631,1143"/>
                <Baseline points="1640,1176 1687,1173 1735,1171 1783,1167 1831,1164 1879,1160 1927,1158 1974,1155 2022,1151 2070,1148 2118,1145 2166,1142 2214,1140 2262,1137 2309,1135 2357,1133 2405,1131 2453,1130 2501,1128 2549,1127 2597,1127"/>
                <TextEquiv>
                    <Unicode>bekennen, dardurch desto mehr gnad vnndt</Unicode>
                </TextEquiv>
            </TextLine>
            <TextLine id="r6l12" custom="readingOrder {index:40;}">
                <Coords points="1578,1268 1852,1266 1999,1216 2442,1219 2565,1188 2563,1150 2478,1169 2346,1138 2295,1182 2189,1140 2084,1177 1915,1161 1830,1209 1742,1176 1575,1211"/>
                <Baseline points="1583,1242 1631,1239 1680,1236 1729,1231 1778,1227 1826,1224 1875,1222 1924,1218 1973,1217 2021,1213 2070,1210 2119,1208 2168,1205 2216,1203 2265,1201 2314,1199 2363,1196 2411,1193 2460,1190 2509,1187 2558,1184"/>
                <TextEquiv>
                    <Unicode>Verzychung irer sunden, vom Gott vnndt</Unicode>
                </TextEquiv>
            </TextLine>
            <TextLine id="r6l13" custom="readingOrder {index:41;}">
                <Coords points="1623,1334 2047,1276 2103,1303 2157,1268 2611,1275 2610,1224 2375,1195 2321,1226 2111,1209 1855,1266 1619,1262"/>
                <Baseline points="1628,1298 1676,1295 1725,1293 1774,1290 1823,1287 1872,1285 1920,1283 1969,1280 2018,1277 2067,1273 2116,1271 2164,1267 2213,1264 2262,1261 2311,1259 2360,1256 2408,1254 2457,1252 2506,1251 2555,1248 2604,1248"/>
                <TextEquiv>
                    <Unicode>einer hochen oberkeit zu erlangen, vollgender</Unicode>
                </TextEquiv>
            </TextLine>
            <TextLine id="r6l14" custom="readingOrder {index:42;}">
                <Coords points="1596,1376 1790,1389 1873,1348 1925,1374 1959,1344 2003,1366 2276,1323 2602,1343 2598,1267 2563,1255 2480,1288 2399,1258 2310,1290 2202,1267 2141,1301 2040,1277 1780,1331 1593,1322"/>
                <Baseline points="1602,1362 1651,1361 1701,1359 1750,1356 1800,1354 1850,1351 1899,1347 1949,1345 1998,1341 2048,1338 2098,1335 2147,1331 2197,1328 2246,1325 2296,1322 2346,1320 2395,1317 2445,1315 2494,1313 2544,1313 2594,1311"/>
                <TextEquiv>
                    <Unicode>maßen ire Veriicht vndt bekantnußen gethan</Unicode>
                </TextEquiv>
            </TextLine>
            <TextLine id="r6l15" custom="readingOrder {index:43;}">
                <Coords points="1563,1448 2278,1411 2274,1336 2247,1327 2158,1356 2111,1335 2053,1377 1958,1347 1926,1375 1835,1355 1790,1389 1559,1371"/>
                <Baseline points="1569,1424 1604,1422 1639,1421 1674,1418 1709,1417 1744,1415 1779,1413 1814,1411 1849,1408 1884,1407 1919,1404 1954,1403 1989,1401 2024,1398 2059,1397 2094,1394 2129,1392 2164,1390 2199,1388 2234,1386 2270,1385"/>
                <TextEquiv>
                    <Unicode>6 sub 7. Juli 1. vndt 4. Augusti</Unicode>
                </TextEquiv>
            </TextLine>
            <TextEquiv>
                <Unicode>Alß erstlichen, so habendt sy plomen
unnd Anna Prack gent Alß meter unndt
tochter- bekent, daß nach den die tochter
sontags abens-inn währendem gebäth kints
genasen, habindt sy sich mit einanderen
underredt, daß kindt nit abzebindn, vndt
zue todt verbluten ze laßen, also daß der
mutter daß kindt empfangen in einem
lumpen beseitsgelegt und in die Kuchi gangen.
Inzwüschen habe die tochter, wie sy selbs
bekent, daß Kindt bim Armbli genomen, vnd
In den zuber oder handtrübli, darin albereit
Lauswaßer in der stuben gewäsen, gethan,
undt daßelbe zum theil verblüben laßen undt
theils ertränckt habe. Alß nun dee
muter uß der Kuchi bald wider hinyi-in die
stuben kommen und gesächen, daß daß waßer
vom bluth gantz noht wahre, habe sy daß
kindt, so uberal naß gewäsen, imme auch
waßer zum mühli ußgangen und nur noch
einwenig die Ringerli gerührt, inn ein lumpen
genomen, uff den bauw gelegt, und imme vff
der tochter gemähnen- ein truck am hälßli
geben und bfollen getödt, und gesagt syn
wölle daß todtne kindt by der schübli aber
tragen vndt daselbst inß waßer warffen
Darauf die tochter gesagt, eß seyen allzeit
lüth daselbsten, man möchte sy sachen.
uß dorcht und angst der schandt und schmach da etc.
Alß erstlichen, so habendt sy plomen
junckern Johan Rudollff von Dießbach herren
Johan Friderich Willading herre sammel
Lehrber unnd junckern Johan Bernhart von
Muralt großweibel, all deß großen rahts
Ir g beuelchen gemäß ernstwörtig unndt
auch mit bethreyung der Marter examinie
ren laßen. Die dan uff ernstliches zusprechen
gott dem Herren die ehrzugeben und die
warheit irer begangnen mißhandlungen, ze
bekennen, dardurch desto mehr gnad vnndt
Verzychung irer sunden, vom Gott vnndt
einer hochen oberkeit zu erlangen, vollgender
maßen ire Veriicht vndt bekantnußen gethan
6 sub 7. Juli 1. vndt 4. Augusti</Unicode>
            </TextEquiv>
        </TextRegion>
        <TextRegion type="marginalia" id="region_1675244309620_1136" custom="readingOrder {index:2;} structure {type:marginalia;}">
            <Coords points="1602,1972 1464,1972 1464,1779 1602,1779"/>
            <TextLine id="r6l23" custom="readingOrder {index:0;}">
                <Coords points="1472,1884 1522,1886 1584,1873 1604,1878 1603,1808 1566,1810 1528,1843 1515,1839 1498,1847 1471,1841"/>
                <Baseline points="1478,1877 1508,1875 1538,1874 1568,1875 1598,1874"/>
                <TextEquiv>
                    <Unicode> und ab</Unicode>
                </TextEquiv>
            </TextLine>
            <TextLine id="r6l24" custom="readingOrder {index:1;}">
                <Coords points="1488,1941 1505,1936 1514,1944 1538,1930 1559,1948 1599,1951 1593,1874 1572,1875 1557,1885 1551,1880 1531,1881 1511,1894 1484,1885"/>
                <Baseline points="1494,1923 1526,1917 1558,1916 1590,1914"/>
                <TextEquiv>
                    <Unicode>zeschaffen</Unicode>
                </TextEquiv>
            </TextLine>
            <TextEquiv>
                <Unicode> und ab&#13;
zeschaffen</Unicode>
            </TextEquiv>
        </TextRegion>
    </Page>
</PcGts>
