3024 4032
487 1200 672 1232 Dß seye auch bekant, daß sy doch alle
478 441 1378 590 daß bewüßte wrohl daselbsten wider sy eroberen
494 512 1363 633 unnd ußgemacht worden seye, habe der wihrs
493 570 1346 693 zur vrmeltz uß benelch darby geweßner
494 625 1344 720 herren von Biell, fra sollche griesfen, inn
494 676 1345 784 einem sack, und in einen Korb, geben, vnd
482 726 1330 837 gesagt, sy söllesollche brieffen auch nemmen
476 810 1385 918 daß seyen der herren vom Bern hulbtbrieffei
480 865 1376 967 wellche sy also angenommen und inn irem
487 910 1348 1019 hauß (on ein gücklin gethan, darin mann
488 968 1333 1077 kerzet, unnd wylen sy weder schryben
490 1020 1345 1134 noch läsen könne, dieselben nach und nach
493 1074 1335 1181 zum jundel braucht und verbrent, dahar
497 1132 1183 1232 diser resten brieffen noch seye:
485 1232 1309 1340 Dß seye auch bekant, daß sy doch alle
481 1302 1336 1402 sachen verübter ungebühr von irem man
488 1344 1321 1442 und der Martenen, wo sy ebwaß ver¬
485 1394 1332 1504 nemen, vnd erfahren können, Ihnen Vßge¬
493 1454 1306 1549 bracht habe. Und alß sy uff eine
497 1506 1346 1620 zeit vonn dem gott haboldt einen brieff.
494 1567 1339 1665 von der Martenen geschriben, uberkommen.
481 1616 1348 1721 habe sy denselben vor Chorgricht, vnd auch
464 1675 1327 1780 vor raht-vorgewisen, so inn der Cantzley
494 1733 1348 1834 bliben seye, vnnd Ira nicht mehr In dhandt
480 1794 1311 1878 werden mögen. Darinnen seyen neben
470 1858 1344 1946 vilen unverschambten Sachen, auch derglych
1008 1232 1072 1241 diser resten brieffen noch seye:
482 1903 1312 1994 nammen gestanden, die jra gelt zueschickenn
489 1958 1310 2026 söllen, Alß der groß dick by dem Gäßli
479 2007 1320 2091 solle Ira der tochter 2. doblonen geben,
477 2059 1341 2162 wa zuezeschicken, und wann sy eß empfangen
485 2120 1326 2200 sölle die tochter ime sagen, er möge jetz
464 2172 1296 2260 gahn brichten, wo nit so wolle sy inne
463 2223 1308 2307 angeben, Item der mit den Rohten
472 2274 1308 2372 backen, solle geben 3 doblonen, der
470 2327 1333 2423 krauß 3 oder 4 dobolonen. Der Treßi
474 2383 1326 2469 2. ducat. unnd sy habe verstanden
445 2430 1317 2529 daß der läng, ira der tochter umb 7 b
449 2494 1332 2583 eine kappenkaufft habe, sy manglete deß
445 2550 1220 2638 gelts beßer, weder sy der käppen.
416 2626 1304 2723 Eß habe auch ein langer dürer Magerer
462 2720 1298 2790 Fra der Martenen Ruch 3 ducate zue
443 2762 1281 2856 schicken söllen. Wüße aber auders
452 2821 1296 2890 nicht wer die jenigen persohnen seyenn,
452 2878 1281 2971 und könne deßhalb gar keinen wyterem
465 2929 781 3013 bericht geben.
1053 3017 1243 3125 Aūff etc.
1521 503 2517 622 Uffwelliches nun sy ganz ynständig anhalten
1547 554 2494 685 thüt, mann wölle wra doch von dem man hellffen
1555 602 2525 741 er schaffe ira weder gelt noch anders zue daß
1551 667 2515 798 sy sich mit iren kinden erhalten könte, sonders wan
1560 731 2491 831 er alhier seye, komme sy synenthalber nur
1550 766 2508 900 alzeit ynschullden. Unnd alß er letstlichen
1550 827 2524 944 vermeint, sich widerumb hinweg ze begeben habe.
1548 880 2542 995 er ira silberne Knöpff, Auch Pistole und Stiffel
1556 956 2535 1070 zeuerkauffen geben, daß er gelt uff die straß
1563 1010 2515 1103 bekommen könne, seye liber daruff in die ge
1539 1078 2499 1187 fänckliche verhaffung genommen worden, wüße
1540 1123 2505 1249 Also vonn denen sachen wyters mit zereden, sy
1554 1187 2466 1289 seye deßhalb gantz unschulldig, mehrerem
1555 1235 2494 1320 bericht aberkonte man uß der chorgrichtlich
1551 1280 2494 1373 proceden unnd den zweÿln Brieffen, So hieuors
1557 1334 2467 1437 vor naht durch sy yngelegt worden vernemmen.
1549 1387 2492 1500 Actum den 5. 7. 8. und 9. januarii Anno 1675.
1505 1676 2509 1780 Alß nun von furgefallner Nothwendigen 1
1532 1763 2526 1856 geschäfften wägen, mhhr nahtsherr im kooff wylen
1545 1819 2526 1914 noch mehrere persohnen zeuernemmen sein söllen, erlaßn
1541 1877 2532 1963 unnd mhhr nahtsherr Tillier zue ußführung diß
1546 1933 2495 2017 Geschäffts, Ansath, zum Excaminatoren Ver¬
1539 1981 2488 2058 geordnet worden, sub 16 januarii zu volle
1551 2030 2499 2119 nun ir g Geuelchs, sindt noch vollgende Per¬
1534 2078 2481 2162 sohnen vernommen worden. da der guchtrucker
1547 2149 2487 2205 Bantzi und Madlena Gutmacher ein dienstmagt
1561 2182 2474 2247 so vor etwaß zeits ußem niderlandt wider alhär
1551 2227 2482 2314 kommen, sich beiderseits vermog vorgeschribner infor
1532 2278 2502 2353 mation ires gegebnn berichts halben, die sach eigentlich
1538 2343 2500 2421 heuernemmen beruffen. deßwegen auch dieselben beschickt
1529 2375 2320 2451 unnd irer wüßenschafft halben verstanden worden.
1535 2422 2475 2508 erstlich ward deß dasell-gotts Conrad Habolldes
1537 2473 2475 2562 sohn befragt, ob er nit unlangst ein gewüßen
1550 2528 2473 2616 Breuff, so von der Martenen geschriben worden, denn
1532 2575 2485 2661 Angliker oder zur seinem hauß zuegetragen habe
1532 2623 2466 2701 vermeldete er daß er daruon mit wüße, dan
1541 2666 2442 2756 daß er vor etwaß wucht zwar ein brieff by
1550 2715 2436 2794 deß Anglickers hauß abgelegt darfür ime
1538 2769 2497 2843 ein baze z'lohen worden. wohar- oder von wein, der
1532 2818 2496 2892 selbige kome, könne er nit sagen, dan sein Vatter
1530 2848 2479 2938 habe imme disen, undt andere brieffen, Ann ge¬
1512 2899 2232 2997 bührende orth zeuersorg- übergeben.
2220 2969 2434 3070 darüber etc.
