3024 4032
620 503 1272 644 Baschi Götz undt Breni
631 581 1083 696 Müller, Eheluth./.
443 675 1368 799 Nash dem Gashi Götz, vndt Vrena
481 754 1339 869 Müller ehelüth von interlacken wegen
473 812 1325 912 villfaltiger Vermnthreüwung, und dieb¬
481 864 1350 965 stählenn, so gedachte Müllerin in der zeit
479 919 1379 1031 Alß sy by herren dauid Lehrber dem schärer
494 973 1343 1081 gedienet, begangen unnd durch iren mann
481 1020 1346 1133 gutten theils henrag-nacher interlacken
474 1080 1361 1192 getragen worden, Nach inhalt berichts- und
478 1130 1318 1245 specification, so von interlacken Ann
479 1184 1333 1293 mahre undt oberen abgangen. Deßweg
470 1240 1333 1361 sy beide- Alhier In daß Schallenwerk
463 1297 1310 1400 gethan und yngeschmidet worden. Alß
475 1349 1318 1458 nun uff wyters erklagen hin sy beider
449 1409 1357 1518 seits mehrers examiniert, und beschaffen
451 1473 1316 1573 heit der sach mahre referiert, sindt
461 1522 1337 1629 sy vollgens mit dem eidt vom eidt von
461 1573 1342 1684 statt-vnndt landt verwisen worden. Actum
460 1626 908 1710 9. Febr. Anno. 1675.
594 2044 1234 2164 Sramination betreffendt.
620 2129 1324 2213 AnnaMaria Von Greyertz.
413 2224 1342 2331 asch dem ein zyt dahero Von Bnder¬
430 2303 1331 2402 schidenlichen persohnen villerleg clegten gehört,
406 2356 1264 2450 undt vernommen worden, waßmaßen Anna
422 2405 1279 2486 Maria Vom Greyertz Hanß Rudollff
413 2461 1324 2565 vom Greyertz se tochter sampt irer schwo
423 2526 1338 2614 ster Rosma mit allerley geschwindigkeit
419 2575 1320 2666 vnndt List vmbgangendt, von ehrlichen lüthen
417 2612 1339 2715 sachen-entlehenndt undt vollgens versetzindt,
398 2683 1309 2774 vom anderen dan Ehml. vnndt Anders Ab¬
421 2733 1295 2825 kauffindt mit glimpfflichem Versprechenn,
402 2792 1293 2870 sy darumb ordenlich ze bezahlen, da aber
398 2838 1305 2929 anders nützit alß bethriegereyen unndt
403 2896 1290 2991 hinderhaltung ires nechsten gutts vnndt
411 2951 1319 3040 nit wenigen verlursts viler-theils ahrmer
1101 3023 1318 3110 persohnen,
1568 487 2551 647 gantz Claghafft erscheinendt, Wie dann Vr G
1584 563 2568 682 mit mehrerem verstendiget worden, also daß
1569 615 2544 741 deroselb ur g belieben wollen, dero dienern
1557 676 2523 807 herren großweibel zebefelchen dieselbig ge¬
1564 728 2561 840 feüwlich ynzuchen ze laßen, sy zur exadminieren
1563 794 2566 888 unnd vollgens dero Vergicht vndt Beckantnus
1567 847 2547 954 ur g zue referieren. zue vollg nun sollchen
1569 906 2519 1019 gnädigen beüelchs, ist gedachte Anna Maria
1552 956 2541 1061 vom Greyertz gantz ernsthafft ermant worden.
1570 1017 2316 1114 deßorts die wahrheit ze bekennen.
1551 1170 2531 1288 Alß nun sy erstlichen befragt worden, umb die
1574 1243 2513 1317 beschaffenheit der dreyen konen, So Marian
1567 1306 2520 1379 mühlisten ira entlehndt. Vermeldet sy
1561 1362 2531 1436 daß ja dise Maria Mühlisten ein wurtzen
1553 1405 2544 1501 gräberin von Ostermundigen wegen eines ver
1550 1459 2507 1554 setzten gotts, daßelbe wider ze lösen, ira
1570 1518 2529 1619 uff ir begähren 3 l gelichen habe, welliches
1577 1579 2529 1679 sy auch ira widerumb gebührlich guth machen
1580 1636 1702 1707 wölle.
1561 1740 2508 1851 Demnach die 44 maß wynn, so sy von der
1557 1820 2511 1912 frauwen vom ehelachmagt empfang, sagt
1565 1877 2502 1969 sy, daß sy syn auch darinn ehrlich bezahlenn
1570 1925 2508 2010 wölle. Waß aber den rock betreffen
1577 1975 2501 2060 thut, so fürgeben worden, ob sollte sy der magt
1554 2026 2497 2117 denselben genomen und versetzt haben, welchen
1570 2065 2488 2164 sy selbs habe wider lösen müßen, thut sy
1562 2119 2122 2210 disers gantz nit gestehen,
1547 2261 2491 2355 Item ob sy nit auch vom Hanß Adams vom
1523 2318 2501 2422 Heinrberg tochter herren schulldtheiß jenners
1557 2370 2494 2463 magt ein hunders ellen wing thuth umb 5t
1561 2431 2485 2510 abkaufft. Ira auch noch, alß sy u thun
1560 2473 2486 2573 uegangen 19 h abgschwätzt mit versprechen
1547 2508 2495 2627 Sy fürderlich darumb ze bezahlen, vnnd aber
1556 2572 2483 2669 nit gehalten, welliches sy auch bekent und
1563 2629 2471 2733 uff nechstkünfftig osteren bezahlen wölle etc.
1548 2679 2462 2801 Item ob sy nit auch einer gewüße fr vom
1559 2743 2472 2838 Killchberg 110 ellen rystig unnd 34 ellen
1566 2782 2460 2892 blächßig thue abkaufft, auch ze bezahlen
1520 2828 2455 2934 versprochen und aber nit gehalten, sollches
1556 2875 2478 2996 bekent sy, wölle aber biß Osteren sy auch
1562 2925 1911 3009 darumb bezahlen
2178 3013 2391 3171 Item .
