3024 4032
653 502 1131 627 Barbara Maser.
438 627 1355 747 dedch dem sy Barbara Maser by
449 682 1358 821 96 jahren Allters, wegen verklagten Vne¬
439 746 1356 870 übten ungebühren und diebstählen, im ge¬
442 823 1348 940 fenckliche Verhafftung gethann, Vnnd vf
455 898 1363 1010 oberkeitliche genelch, durch herrn Groß,
444 967 1279 1069 weibel und grichtschryber exminiert
432 1031 1339 1125 unnd vollgens dero bekantnuß undt ver
432 1087 1349 1197 brächen relatiert worden., Habendt voll
427 1148 1357 1260 gans myhe und oberen erkent, daß sy
437 1225 1371 1332 Maherin wegen irer jugendt inn hoffnung
428 1276 1346 1387 künfftiger beßerung, zur gnädiger Straff,
424 1360 1344 1452 In daß zechthauß alhier gethan, vnndt
442 1421 1378 1522 mit waßer undt groth strengn zur arbeit
429 1467 1309 1585 gehalten werden sölle. Actum 5. julii.
1040 1537 1304 1635 Anno. 1675.
614 2026 1148 2189 Betr Burtner.
400 2192 1309 2304 Aiewyl diser Peter Gurtner alß
403 2277 1318 2367 ein erwütschten wagen hetten dieben vom
409 2322 1361 2432 sossenn gefencklich alhar gebracht worden
398 2387 1334 2486 Alß ist derselbe uff gnad hen, unnd schund
396 2453 1299 2561 bahre beßerung, inß Schallenwerck
391 2514 1284 2611 Erkent, vnnd Auch dahim Vbergebenn
261 2567 1257 2658 worde actum 5 juli ao 1675
1690 494 2574 656 Dorothea Geßner von Zürich.
1514 671 2476 806 vfff mhhl Gordichteren yngelegten
1495 743 2524 884 vortrag, fundent ir gn daß die bißlarige
1524 792 2510 934 vorgenombne procedur zwüschen Dorothea
1534 865 2517 1005 Geßner vom Zürich und hrr. Hanß Rudolff
1536 942 2544 1058 von wehrt, daß sy noch mit mehreren exa-
1525 1003 2532 1116 miniert werden solle, uß waß trib-unndt
1537 1071 2562 1192 anwysung, sy inne herren vag wehrt faltschlich
1527 1130 2556 1265 deß ehebruchs halb beklagt, sy bekenne eß
1546 1202 2565 1296 oder nit, So sölle sy jedoch wegen sollcher
1527 1257 2552 1390 faltschen anklaag zwo stundt zur wollnerdient
1545 1310 2545 1439 traff anß halßysen gestelt werden, So auch
1539 1375 2532 1494 erstattet worden. Actu 20. julii ao 1675.
