3024 4032
613 592 1151 839 Barbars Haut
457 887 1444 1056 Disore Barbara Bautzi Ist den 27 Mat
400 986 1438 1115 anino 1673 wegen zweyen begangnenn
365 1025 1458 1169 sy sy ehebrüshen unnd eines ledigen Fällers nach
503 1109 1452 1243 der ußgestandnen Chorgrichtlichen gefang,
516 1163 1452 1294 schafft, gsatzmeßig vom Statt vnndt Landt¬
516 1231 1398 1363 mit dem eidt verwisen vorden.
509 1514 1420 1663 Aomen ack und
502 1637 1430 1762 Ihrer voepter Cunnemna
773 1716 1137 1840 Enoces.
444 1896 1387 2021 D hat gott derder.
482 1978 1397 2066 alß ein Schöpffer aller dingen Nach
486 2026 1427 2129 syner unerforschlichen vyßheit vom anfang
476 2079 1432 2171 den elteren, die liebe gegen iren kinderen
480 2139 1404 2244 dergestalten yngepflantzet undt befollchenn
477 2197 1420 2291 dieselbigen zue den heren ehren ires schöpffers
482 2258 1428 2357 uffzuerhuchen, sy zue lieben zu Rehren unndt
471 2315 1422 2411 zuerhalten und vor allen widrigen und ver
472 2368 1396 2467 derblichen begegnußen zuebeschirmen, wie
477 2420 1329 2515 dan auch sollches an den unnernüfftigen
474 2474 1371 2572 undt Willden thieren ze sächen ist, daß sy uß
473 2526 1399 2627 Der Nathur Für ire jungen sorg zetragen
476 2590 1370 2697 ihnen angelegen synn laßendt. So nun
495 2641 1390 2756 sollches an den vernunfftlosen- vndt willden
489 2696 1393 2815 creaturen geschicht, wie vill mehr wirt
474 2762 1418 2870 daßelbige vonn den menschen undt gethreüwen
488 2825 1409 2915 ellteren erforderet, alß denen ire kinder
481 2868 1393 2971 undt lybsfrucht, vonn dem allerhöchstenn
482 2908 1418 3030 Alß ein theüre- undt wärte bylag glyche
471 2976 1420 3079 samb zue threüwen handen anuerthrauwet
1186 3026 1374 3132 werden.
1575 2132 2587 2253 Nasch dem Bor Etwaß Berwichner Buch,
1588 2224 2541 2314 einem ehrsammen chorgricht alhier vorkommen.
1516 2236 2580 2373 I sie daß Anna Bonwon, sonst gut Pracken Frantz
1595 2334 2573 2424 Bonrbons deß Wullenkammers se tochter ein
1595 2378 2536 2475 Krößlern undt wöscherin Alhier, sich allein
1596 2444 2550 2526 Ansechen nach schwangeren lybs befinde, vnnd
1598 2486 2554 2580 zebesorgen, sy nit mit nechten sachen umbgehen
1598 2543 2527 2626 derowegen sy beschickt, vndt ernstlichen zue
1606 2597 2566 2682 red gestelt, unnd zur bekantnuß der Warheit
1583 2637 2527 2734 vermant worden, hat sy sich entschulldiget, daß
1604 2695 2530 2778 schonn sith verschunnen herpst, vranckmutig
1582 2754 2527 2852 unnd wegen ire zeiten sich by ira verschlagen
1524 2811 2565 2904 sy so geschwullen seye, Vnd Also vngeacht Ange¬
1571 2866 2551 2940 wenter gefangenschafft, keinßwegs gestehenn
1495 2914 2543 3020 u wöllen, daß sy schwangeren lybs seye. Darauf
2367 3013 2522 3115 sy etc.
1617 646 2581 778 under den ellteren aber, ist sollche liebe, sonder
1618 729 2581 826 lich den mutteren zur dem endt yngepflantzet
1610 787 2566 888 daß sy ungeacht villfaltiger sorg müy undt
1615 823 2589 941 ahrbeit irer kinderen pflägen undt threüwlich
1612 881 2574 1001 warten sollen. Also daß auch gott der herr
1608 938 2565 1065 selbsten, sollcher mutter liebe-dorten by dem
1601 996 2571 1121 Propheten haia Am 49. Cap. v. 15. gedenckt
1600 1057 2565 1164 da er Fragswys durch den mundt deß propheten
1615 1113 2567 1205 also spricht kan buch ein mutter ires kindts
1599 1177 2561 1282 vergeßen, daß sy sich mit erbarme uber den
1598 1231 2551 1340 sohni ires lybs etc. Ungeacht deßen aber
1605 1287 2566 1380 werden leider by disen letsten verkürten und bisen
1591 1343 2607 1438 zeiten, sollche uebarmhertzige elteren und mütere
1600 1393 2584 1493 Auch under den Christen selbsten angetrosfen
1590 1443 2599 1566 wellche iren ratherlichen kinderen undt erstge
1591 1512 2560 1620 bohrnen lybsfrucht-unmüterlich vergesendt
1608 1566 2577 1677 vndt derselben Vß Anstiffung deß leidigenn
1612 1626 2578 1737 Satans Abzekommen vnderfargindt, Wie dan
1600 1687 2553 1790 die beseuffzungs-wurdige erfahrung, vnnd
1615 1751 2576 1835 dißmahlige thraurige exempel, Ain disen beide
1597 1808 2590 1909 vor angen stehenden wybs persohnen, alß mutter
1612 1871 2587 1962 vnd Tochtertgungsamb bezeget, Vnd zeuernemen
1612 1927 2494 2026 ist etc. 4. Namens Plomen und Anna Prack.
