3024 4032
450 364 1365 536 sith seiner letsten anckunfft seye eß widerumb
460 444 1358 586 mit eßen und trüncken gangen, wie zuuor habe
461 494 1358 625 alß baldt yngemetget, unnd sonst allerhandt
466 564 1383 690 znkaufft, auch alzeit sein eigen pferdt den daren
457 619 1364 747 seye aber dismahlen synes wüßens niemahlen
460 668 1387 822 uß der statd geritten, wie hienor, habe imme buch
470 748 1371 848 vorgeben, daß er von der armen komme unndt
469 795 1368 929 selbiger nachgezogen unnd sich mit synen urtzwey
462 848 1006 944 mitlen erhalten habec.
437 1021 1382 1160 mr Hanß Rudollff Hënzi der Buchbinder zuget
456 1104 1370 1214 waß dem ußtrit und sein widerkunfft betrifft
455 1158 1352 1268 ein glyches wie obbemeld unnd berichtet
431 1215 1357 1342 im übrigen, daß ein gewrüße fr die Kaspleren
458 1280 1344 1395 unnd daß Babi Fürstenberger imme gesagt, Eß
458 1350 1334 1454 habe sich ein gewüßer arpotecker von Thuna
464 1399 1324 1499 by deß Anglickers Fr. Angemelt, und ein
443 1451 1341 1558 zinß ablegen wolle vorgebend, daß er von
449 1514 1328 1617 einer gewußen matten herrühre, da doch
462 1566 1335 1665 seines wüßens weder der Anglicker, noch
462 1618 1348 1710 sein fr keine söllche zinst ze bezeichn habindt,
447 1670 1348 1773 Unnd wurdind obige persohnes- villicht eigent-
446 1736 1360 1828 lichen bericht geben können, wer der Jenige
453 1795 1339 1881 gsin, so zinsen wollen, und in weßen Nammen
457 1854 805 1937 eß beschechen etc.
394 2001 1353 2114 er wachtmeister Bauwr züget Auch, daß er
428 2077 1344 2161 hieuor freywillig mit dem herren bermansei
417 2124 1348 2215 vortgeritten sich ein zeit lang drußen ufgehalten,
431 2171 1350 2255 und ungfahr vor einem jahr wider herkommen,
428 2247 1338 2308 und uff dem chorhauß abgebüßt, vollgens
440 2283 1360 2354 sich noch ein guttwyl, hier in der stattherum
436 2330 1347 2401 ungeschücht sechen laßen. Er habe auch von synen
432 2382 1347 2474 Anglickers eignem Bruder gehört, sein ge¬
425 2442 1331 2525 gschweyen habe guttzbauwen, er schicke ira
426 2493 1215 2576 alle jahr etwan 7 oder 800 llb etc.
394 2588 1338 2699 mr Vnnentz Knüßli der schnyder, so auch im
404 2645 1330 2749 der Nachbarschafft Wohnet, berichtete imme
424 2693 1349 2802 seye anders nichts inn wüßen, alß daß sy
412 2762 1351 2834 Allezeit köstlich läbindt unnd zwar die frauw
428 2799 1345 2905 In synem abwasen glychsamb beßer, alß wan
436 2855 1345 2947 er geheimbsch, nemme im also wunder, wo sy
414 2899 1341 2996 doch daß gelt bekommendt, in ansechen, daß sy
409 2956 1321 3063 gar nüt ahrbeitind, undt darneben auch
1201 3014 1342 3091 keine
1539 473 2513 586 mittel habindt, habe auch beobachtet, daß sy nun
1555 539 2513 639 ein zeit dahar zimblich langkilbindt, waß ire ver
1540 581 2376 693 erichtung aber seye imme nit bekant .
1527 708 2506 812 mr Danid vom Greyers der Srompeter, melldet
1534 765 2507 860 daß er inne auchim mahren ehrenfarb forth
1537 823 2489 913 ryten sechen, und alß er vor einem jahr wider
1540 873 2488 962 herkommen, habe er jederzeit zimblich gelt ze hab
1555 913 2522 999 sich vernemmen laßn, also daß er hier umbhern
1540 966 2526 1056 etwan zinßlüth haben müße, anderst könne eß
1546 1020 2504 1107 nit sein, dann er vom synen elberen nichts, vonn
1553 1080 2511 1177 syner fr aber etwaß wenigs, aber schan hieuor
1552 1123 2498 1220 legsten mit dem wynngwahrb durch gesagt habe.
1539 1164 2494 1265 sonsten seye bekant, daß sy zimblich cartishoff
1538 1220 2491 1327 halten und sonderlich die fr die läbe täglich
1550 1268 2505 1376 woll, kome sauberkleit undt schicke doch
1542 1319 2292 1419 darneben ire kindt imn spithall etc.
1520 1449 2502 1537 Madle Buthmacher züget, daß alß eß letstlich
1540 1509 2495 1589 uß dem Niderlandt herauff kommen, da habe eß
1536 1553 2477 1672 zue großen hünig by Basel den Anglicker
1526 1615 2489 1700 unnd die Martenen angetroffen, wellch sich
1528 1663 2496 1764 im wihrtshauß zum hirtzen uffgehalten unnd
1546 1717 2493 1811 mit einanderen geläbt, wie ehelüth, habends
1534 1776 2478 1857 Auch damahlen yngemezget, vnd sonderlich die
1547 1826 2514 1905 Martene aller handt gutte sachen gerüstet unnd
1544 1890 2498 1967 nach dasel gwüßen persohnen zurgeschickt unnd
1535 1928 2510 1998 Alß eß einsmahls dem wihrt angezeigt, wer
1547 1983 2483 2054 sy seyen und daß der mann hier inn berin
1529 2021 2519 2091 wyb unnd kinder habe, seye er darüber bestürkt
1704 1419 1737 1421 darneben ire kindt imn spithall etc.
1554 2071 2480 2139 worden, unnd habe eß nit glauben öllen, mit
1519 2134 2517 2199 vermelden, daß er sy für Ehelübh gehalten, vnndt
1534 2166 2496 2240 ihnen woll derglychen nit zuthrauwet, sonste
1526 2219 2514 2293 habend sy sich dort für doctor undt artzetluts
1529 2265 2490 2346 Außgeben, undt allerley Arzneyen bereitet.
1517 2303 2493 2379 und habe die fr ein kindt uff der pfister zunff
1538 2351 2484 2443 daselbsten curirt, wellchem zueuor niemandts
1535 2404 2521 2487 hellffen können, und alß der anglicker einsmahl
1535 2451 2496 2518 Alhar biß zur papyr-Mühli geritten, gwüßer
1523 2502 2508 2570 sachen wegen und etwaß lang ußblibe, habe sy die
1532 2548 2491 2606 Martenen zuo camentieren angefang  mynn
1536 2600 2484 2655 Herr mein Herr Eß ist ist gwüß etwaß wider
1523 2648 2473 2722 fahren, die oberkeit z Bern habe inn in verhafft
1524 2678 2484 2755 genommen, habind sich zue gnnig den gantzen
1536 2725 2498 2814 somer und winter durch aufgehalten, Eß mel-
1522 2780 2496 2841 debe auch gesechen ze haben, daß deß basel Potts
1547 2823 2469 2903 knab dem Angliker, erst kurtzlich ein Brieff
1535 2875 2454 2931 von der Martenen gebracht, daß sy villicht
1553 2923 2509 3003 than nach im verlange tc. Actum den 27. decemb
2313 2964 2506 3021 Ao 1674.
1758 3006 2312 3106 Bollget die examination.
