3024 4032
502 1016 1421 1189 Deß Küpffer Keßels halben, gibt er Bagelstie
502 1112 1398 1228 Auch sollchen bericht, daß der Poßtert denselben
505 1168 1401 1297 uß seines schwachers herren grobetis hauß selbe
510 1228 1399 1342 In deß damel Stußis hauß getragen, da
522 1290 1391 1402 seye ungfahr umb vier uhren der kupffer¬
492 1337 1393 1453 schmidt Meßmer mit dem färber schor
502 1402 1381 1505 In deß Stüßis hauß, in sein Hagelsteis
505 1467 1381 1577 gmach uffhin komen unnd imme Poßert, den
504 1526 1383 1629 Keßel-daß Pfundt. p. 8 h. Abkaūffenn
514 1580 1381 1695 wöllen. Eß habe auch er Posterth irei
504 1642 1396 1756 verglychselbs uffgeschriben unnd inne Kegd
503 1707 1395 1806 stein zum zügen ynschryben wollen, er aber
514 1770 1411 1864 sich deßen geweigeret, vndt gesagt der Kauff
491 1823 1387 1925 werde doch mit gelten, dann der hr Grobeti
500 1879 1345 1974 werde den keßell wider wöllen haben.
500 1940 1366 2030 da seye her robeti kommen und also nüt
500 1988 1392 2076 uß dem märikh worden. er vermeine aber
501 2038 1380 2136 der keßel werde in deß huttmacher
493 2104 1388 2184 Renckers hauß sein undt er ihmme Poßerth
489 2147 1386 2235 villicht etwaß gelts daruff geben haben
492 2201 1368 2295 wüße also deßorts anders mit zeüer
478 2259 1372 2353 melden, dann er sich sein poßerts nit vill
483 2309 1369 2399 angenommen, seye imme hertzlich lendt, daß
499 2362 1364 2466 er dißmahls doch unschuldig, in ein so uns
487 2425 1362 2532 gluckhafftige stundt gefallen. Alß nun
478 2481 1375 2572 die bewandtnuß der sach mahre und oberen
498 2530 1374 2629 relatiert worden. Ist er Hagelstein mit
493 2579 1380 2698 erlag deß kefikostens widerumb liberiert,
477 2626 1376 2761 und ledig gelaßeworden. Ootl 2. septembri.
1107 2691 1357 2776 Anno 1674.
524 328 1425 537 unnd alß er Poßerth ninmahl in der vaght
503 413 1404 580 zu ihme Hägelstein für die kefikommen, habe
510 469 1401 622 er vor dem Pfenster imme hergeruffen, vnndt
507 529 1399 677 gesagt, sy segendt woll naeren gsn, daß sy
497 589 1396 734 haben im die kefen thun laßen, vogte erkaget.
505 649 1372 766 stein, er solle nur nit lenge zeiten habenn
524 702 1400 832 werde auch balld by ihnen sein, daruff er
520 767 1394 904 Poßert geantwortet, wan schon ire sacht
512 820 1406 936 waren, So werde man inne doch nit uberkommen
509 872 1382 995 dan eß seye imme umb etwaß anders sonsten
513 925 1279 1030 könte er die Fisch noch woll bezahlen
1678 428 2472 586 Daßydlsf Boßert.
1567 596 2563 715 UßMyhren undt Oberen Beuelch ist den 33.
1578 654 2564 775 Dctobri anno 1674 durch herren Großweibel
1582 709 2567 832 Willadung mr Hanß Rudollff Poßert der gerben
1601 761 2576 869 wegen bewußter geklagter Fischdieberey ernstlich
1596 818 2554 928 befragt worden, wie eß hergange die warheit
1581 866 2573 994 anzezeigen. At er fößert daruff den anfan
1563 922 2562 1039 und die ursach vermeldet, daß er von synen nach-
1580 993 2550 1099 buhren mr Danid schär unnd mr Sammel Hegge
1594 1046 2568 1138 beid gerber handtwercks offt beschimpffet worden.
1588 1082 2553 1202 da imme von ihnen mit irem Glooß sein bäckenn
1575 1141 2562 1244 so er mit einen züheli inn die ahren hinauß
1571 1203 2501 1316 gemacht, daselbsten ze fischen, verderbt habendt
1576 1251 2565 1366 So seye imme auch sein schwartze katz, durenbutzt
1595 1310 2556 1404 worden, da er den ballg in deß Heggishauß
1585 1357 2565 1465 gesecben hangen, imme auch ein weidling abgelaßen
1585 1413 2570 1510 worden unnd also mit derglychen unnd anderen imme
1570 1462 2568 1564 angethanen vertruß, inne zum unwillen gebracht,
1570 1524 2558 1616 daß vollgens er getrachtet sich ann ihnen zu dächen
1576 1556 2556 1662 wellches er dem damel Stüßi seinem nachbahren
1579 1606 2567 1705 angezeigt habe, unnd er Poßert vermeint ihnen
1588 1665 2513 1768 daß floßschifft aabgelaßen, sagt Stüßi Daruff
1579 1721 2481 1820 kein wir wöllen darfür ein bar äßen disch
1592 1773 2517 1870 nemmen, wellcher auch daß schloß am Blooß
1587 1825 2508 1919 selbs geöffnet unnd sy mit einanderen die Fisch
1584 1883 2531 1963 theilt, Darüber seye auch er unnd der mr Dauw
1580 1930 2532 2001 Schär und Heggei sampt iren wyberen in strytig
1581 1983 2539 2067 keit und scheltwort gegen einanderen ußgebrocht
1584 2026 2543 2117 so auch für chorgricht kommen unnd ußgemacht worden
1563 2201 2496 2316 Demnach seye er vndt bemelter Stüßi, gegen
1565 2274 2503 2357 Sommer, alß albereit gartnet wahre, aber
1566 2321 2546 2403 imahl über daß bloßgangen unnd by 35 oder 36 stuck
1577 2366 2536 2442 wellche sy in ein sack genommen, hinauf in sein
1573 2420 2519 2497 Poßerts stuben getragen, da habe sein fr die
1592 2486 2521 2553 thoen zue betth gsin wahre noch selbige nacht, die
1586 2515 2532 2599 disch getödt unnd mornderst ime Stußi sein theil
1574 2567 2528 2655 Auch daruon geben, wellichen seinen theil Fischwylen
1578 2606 2517 2694 dieselben albereit zur fast gestuncken, nit nießen
1583 2663 2517 2746 können, sonder dieselben wider in die ahren geworffe
1577 2704 2527 2789 ußert etlich dischen, die sein frauw grad mornderst
1577 2759 2537 2846 gekochet unnd geßen, welliches mahls aucher
1562 2810 2535 2901 Stüßi zur erst mit einem stein am schloß geklopffet
1578 2859 2539 2943 vollgens mit einem schlüßeli zeöffnen vermeindt
1582 2900 2528 2966 Wylen aber er nüt schaffen können, habe er Stüßi
1570 2962 2532 3014 mit dem nagell, so sein poßerss fr ime geben geöffe
1571 2995 2529 3084 enet wahre alsollum einem frytag nachts geschechen.
2241 3107 2460 3193 en etc.
