3024 4032
452 568 1465 713 Daß dise beide wybs-persohnen mutter
431 665 1423 778 Vndt tochter, (nebend empfelchung irer
472 717 1437 838 seelen gott dem herren) dem nachrichter
477 769 1436 901 söllindt anbefollchen werden, der sy oben
461 835 1409 958 auß uff gewohnliche richtstatt führen
444 892 1401 1012 Inen daselbestes mit dem schwart daß
456 945 1405 1073 haupt Abschlagen, vndt Also Sy beiden¬
463 1009 1400 1143 nach diser loblichen statt derin oechten
413 1067 1397 1210 vom leben zum todt- hinrichten sölle.
427 1254 1408 1401 Disere Vrtheil Ist den 9. augusti 1673.
347 1333 1106 1445 an ihnen exequirt worden.
869 1699 1444 1987 Ad Bachl
392 2002 1385 2129 Diser Bauid Bachli ein Satther vor
437 2077 1387 2193 Brugg, ist wegen zwifachen Bächer-dieb,
428 2152 1353 2252 gstahls, im ansechen er ungeacht ihme
449 2205 1368 2300 harter bethreüwung, anders nichts
458 2260 1407 2363 bekenne wollen mit einer guten Censur¬
466 2317 1384 2420 sich inßkünfftig frömmer zeuerhalten,
433 2374 1397 2465 wo nicht werde ihmme Altes vndt neuwes
431 2433 1399 2528 zuesamen geben werden, inn ansechen auch
440 2490 1389 2586 syner Verwandtschafft zwar ledig ge¬
459 2542 1372 2642 laßen, jedoch mit dem eidt vonn der
454 2599 1395 2695 statt Beran undt dero Burgeren zihl
433 2653 1335 2749 vff gnad him verwisen worden.
446 2709 1357 2820 Actum d. 21. Augus ti. Annd 11673.
1990 774 2608 907 gneyeig.
1625 880 2605 1005 Diser Beß Schneberger von Herzohen,
1617 948 2589 1068 Buchsee, Ist In Gorgrichtlicher gefangen,
1621 1007 2582 1124 schafft bestimpte zeit lang enthalten worden.
1539 1067 2584 1197 zegen er nebend Anna Loüw, die imme am
1635 1107 2591 1228 ehorgricht rechtlich zuerkent, Auch der mar
1623 1155 2580 1266 greth khuret mit dem byschlaff, die ehe ver
1614 1207 2586 1336 sprochen, vnnd darüber noch ein dritte Vmb
1636 1270 2610 1384 die ehe ersucht. alß wellicher synes unuer
1609 1330 2595 1446 gschampten lebens unnd verbrechens zue woll-
1618 1378 2601 1485 uerdienter Straff, zwo Stundt Lang. Ann daß
1605 1433 2577 1543 halßysein mit entdecktem haupt-gestelt
1624 1494 2586 1593 worden. Actum 8. octobris anno 1673.
1852 1939 2552 2181 asb
1526 2159 2600 2278 Wisn dae ffei Ior Baselen
1599 2232 2589 2329 Ist inn den anderen ehebruch gefallen, deßwege
1615 2293 2551 2385 er die bestimpte zeit der chorgrichtlichen
1610 2363 2571 2456 gefangenschafft ußgestandn, Vndt Vollgens
1612 2410 2554 2496 vermög gsatzes vonn mahren undt oberen
1621 2463 2562 2563 dahin condamnirt worden, inne stempffli
1624 2513 2567 2618 mit dem eidt vom dero Statd- vndt Landt
1603 2584 2553 2676 zeverwysen. Der meynang, daß er vermog
1613 2625 2583 2731 gsatzes, by syner begnadigung zur depraecation
1600 2680 2569 2776 gehalten, undt Ir NB. den zuemahlen desen
1608 2736 2590 2838 erjnneret werde söllindt. Actum. 13. Novembr
2336 2798 2569 2876 Anno 1673.
