3024 4032
466 432 1395 604 Darüber aber bekente er, alss ir mann Heini
351 528 1403 662 Stydler mit dem vych uff die ussweidt oder
457 585 1391 715 vorsatz gsin, seye sy zue ihmme inn sein hauss
464 643 1396 767 kommen, da habe er sich widerumb zum an¬
459 690 1401 800 deren mahl mit ira vertrabt, hernacher
465 745 1385 855 aber habe er nüt wyters mehr mit ira
449 783 1382 915 zethun gehabt, sonders sich baldt hernach
464 843 957 933 wider verehelichet etc.
414 1402 574 1408 Demnach ward er auch dess droben zu
446 898 1370 1026 Unnd bekent, alss er droben zue Hassli inn
458 970 1345 1070 gefencklicher verhafftung gsin, habe er
467 1032 1346 1145 sein vetter Hanss Egger, der inne auch
452 1078 1365 1183 gehollffen verwachen, zue diser syner miss¬
434 1137 1355 1255 brauchten basen geschickt, ira anzezeigen,
461 1195 1321 1289 wan man sy gewüsser sachen halben fragen
466 1253 1342 1367 thueye, sölle sy alles verlaugnen unnd
454 1303 852 1386 nüt bekennen etc.
413 1408 1360 1521 Demnach ward er auch dess droben zu
454 1484 1362 1590 Hassle entwenten reissgelts halben befragt,
445 1534 1357 1629 ob er nit auch darmit gemeintschhafft ge¬
443 1584 1330 1684 habt unnd darzue raht unnd that gebenn
444 1633 1344 1733 und verschaffet dass der im zig gewässne
434 1686 1314 1778 verhaffte Michel Thommeth aussryssen
440 1739 1357 1832 können. vermeldet er, dass der herr
443 1785 1339 1877 predicant droben imme werde zügnuss geben,
437 1835 1357 1923 dass er allewyl befollchen, man sölle inne
428 1902 1309 1975 woll verwahren und binden unnd er seye
431 1944 1244 2033 synes ussryssens gar kein ursach etc.
401 2069 1306 2157 Dess Stock-Allpers halben ward er befragt,
413 2129 1302 2225 wass sy mit einanderen für gemeintschafft
410 2187 1317 2280 gehabt und ob sy nit einanderen vill zue¬
402 2241 1299 2343 geschriben? vermeldete bim wenigsten
411 2301 1308 2397 einiche gemeintschafft mit imme gehabt
397 2359 1301 2448 zehaben und dass sy einanderen nüt zue¬
397 2421 1317 2510 geschriben, dan er so schlecht schrybe, dass mans
401 2473 796 2560 nit läsen könne.
374 2527 1297 2635 Verners, ob er nit offtmahlen oberkeitliche
397 2607 1292 2700 madat lang uffgehalten und nit von cantzlen
389 2657 1285 2745 habe verläsen lassen. vermeldete er
383 2701 1323 2798 er trage dessen kein schulldt, dan söllche seyent
385 2755 1328 2852 imme allwegen lang hinderhalten, also dass
388 2809 1284 2900 sy imme gmeinlich gantz besudlet übergeben
398 2871 1289 2948 worden, die er dan alssballdt dem herren
383 2908 1056 2997 predicanten yngehendiget etc.
1032 3046 1259 3158 Item etc.
1519 477 2562 633 Item ward er befragt, ob er nit wüsse wie ess mit
1536 536 2584 660 denen 9 doblonen inn der salltz cammeren, so wägkommen
1546 586 2595 712 seyen, hergangen. vermeldete er, er seye in besagte
1539 635 2572 747 saltz cammeren ein nambhaffte summa schulldig gsinn,
1526 685 2532 794 da habe herr Rubi vonn Thun imme 4 oder 5
1542 735 2565 847 gültbrieffen uff gnugsamme versicherung hin geben,
1529 792 2544 892 dieselben zeuerkauffen, damit er ann besagtem
1542 839 2547 931 orth bezahlen könne. vonn wellchen brieffen
1534 892 2540 996 auch mghr. schulldtheiss Frisching einen kaufft, da
1528 937 2550 1038 ir gn. dass gelt durch den weibel Fohrer inn
1533 973 2579 1087 die saltz cammeren tragen lassen, allwo man dass
1536 1042 2561 1150 golldt gewogen und zwo doblonen drunder zliecht
1518 1091 2539 1201 gsin, die imme Forer wider geben worden, so er
1531 1133 2532 1253 gesächen. vonn verlohrnen 9 doblonen wüsse
1530 1181 2529 1288 er gahr nüt, ess könte villichter er Fohrer
1525 1231 2331 1339 dessorts mehreren bericht geben etc.
1497 1317 2534 1432 Vonn den 12. doblonen, so herren Friderich vonn
1522 1381 2484 1472 Graffenriedts knecht wegen eines rosses
1523 1442 2525 1516 droben im landt in seinem bywesen dargezelt und also
1502 1487 2506 1586 balld daruon 4 doblonen unsichtbar worden, will er
1517 1565 1837 1653 gar nüt wüssen.
1465 1663 2512 1754 Unnd letstlichen ward er auch befragt, ob er nit auch von
1498 1722 2534 1800 dess Hanss Zängers unthaten wüsse, sagte er, dass er
1515 1764 2532 1857 woll wüsse, dass er mit zweyen wybs persohnen offtmahl
1518 1815 2538 1904 nächtlicherwyl mit ässen und trincken vill gemeint¬
1510 1870 2531 1964 schafft gehabt, die einte heisse Anna Michel, welche
1517 1923 2516 2029 vonn irem eheman wegen unküeschen thaten gescheiden
1517 1974 2501 2064 worden, da habe er Zänger uff ein gewüsse zeit,
1517 2034 2491 2111 sy in dess Peter Wittwers hauss gesucht, alss sy
1511 2076 2494 2166 nit verhanden wahre sagte er Wittwer, sy seye
1518 2134 2502 2206 gahn Benigen gegen Undersewen zue, waruff Zänger
1495 2167 2493 2264 imme Wittwer gesagt, er sölle verschaffen unnd an¬
1508 2228 2430 2314 ordnung thun, dass sy sich also balldt ussem landt
1505 2275 2480 2374 mache, ob aber Wittwer oder Zänger selbs die
1494 2329 2373 2432 anordnung gethann, könne er nit wüssen etc.
1473 2422 2458 2536 Die andere dan seye dess Jacob Thommeths dess
1493 2500 2461 2566 schumachers ehefrauw, get. Madlena Goniuss,
1497 2545 2496 2637 bywellcheren er Zänger offtmahlen, wann er Thommeth
1482 2595 2482 2688 uff der stöhr gsinn, zue ira inss hauss gangen, mit
1502 2646 2499 2733 ira gässen undt truncken, alss aber er Thommeth
1496 2691 2482 2779 ein mahl inne Zänger by syner fren. also antroffen,
1495 2741 2504 2823 seye er unwillig worden, vermeint inne abzetröch¬
1487 2787 2491 2874 nen, aber er Zänger wahre imme z'mann unndt
1502 2822 2448 2924 entrunnen. ob aber er Zänger mit disen beiden
1483 2881 2478 2976 wybs persohnen etwass begangen oder zethun gehabt,
1503 2932 2475 3019 wüsse er nit etc. Actum 20. 23 26. 27. febr.
1495 2978 1776 3068 anno 1675.
2287 3061 2473 3163 Verte etc.
