3024 4032
627 458 1382 636 Mellcher an der Eggs be¬
666 546 1217 636 kantnuss unnd vergicht.
415 618 1380 781 Nach dem auch Mellcher an der Egg
313 661 1387 808 synes alters der verstossne landt amman zue Hassle syner
303 737 1377 882 58 jahren begangnen schandtlichen thaten unnd misshand¬
466 798 1395 939 lungen halben die wahrheit zebekennen gantz
470 850 1384 983 ernsthafft ermant worden, hat er vollgens
454 902 1367 1010 angezeigt und vermeldet wie dass dise
476 962 1362 1085 seynn basen Elssbeth ab Egglen nach dem
451 1015 1357 1134 irer ellteren todt vonn Riedt der killchhöri
459 1074 1363 1171 Brientz und amptheyung Interlackenn
443 1121 1376 1224 ungefahr ires alters, by 6 oder 7 jahren,
451 1165 1366 1304 alss ein weissli syner frauwen se. schwöster
463 1220 1342 1328 tochter, sy zuerzüchen imme übergebenn
454 1276 1373 1389 worden, so er auch gutwillig uff und ange¬
434 1333 1353 1431 nommen unnd auch biss sy sich vor ungfahr
458 1382 1345 1482 6. jahren, nach der schwinten oder
446 1435 1345 1525 pest, mit dem Heini Stydler zue Ober¬
422 1486 1342 1587 hassle verehelichet, by 8 oder 9 jahren
434 1540 1350 1643 lang erhalten und hiemit bekent, alss
442 1613 1354 1710 sein fren. sel. inn Walliss ein baden cur gehabt,
431 1660 1351 1757 habe er dise sein basen by sich zu hauss
443 1705 1336 1805 gehabt, wahre umb die zeit ungfahr einem
427 1761 1325 1865 jahr vor der pest, ires alters by 15
434 1815 1305 1910 oder 16 jahren unnd alss er einmahl
432 1875 1310 1968 truncken gewäsen, habe sy sich zue imme
428 1931 1317 2013 inn sein betth gelegt, ob er aber sy darzu
419 2004 1312 2072 beredt könne er nit eigentlich wüssen,
418 2033 1312 2134 alss er aber morgens erwachet, habe
428 2081 1318 2148 er sich alss zum ersten mahl mit ira
408 2129 1261 2230 in fleischlicher unzucht vertrabt etc.
401 2223 1313 2337 Sy aber seye auch zimblich rauw gewäsen
420 2316 1314 2390 und ihnen offtmahlen unbewusst z'torff und
395 2353 1307 2446 ann die killbenen gangen und wass sy mit
392 2410 1324 2500 anderen möchte begangen haben, könne er nit
392 2461 1302 2553 wüssen, habe inne gedunckt, dass kindt
403 2512 1027 2606 möge sich imme nit züchen etc.
374 2584 1292 2706 Zum anderen mahl seye er zue ira, alss
395 2678 1278 2756 sy inn irer ruhw gewäsen, inn ir gmach
389 2723 1283 2808 zum bett gangen, sy angeredt unnd gesagt,
395 2773 1290 2853 sölle imme z'willen werden, ess seye nit so
382 2826 1286 2904 grosse sündt, er wölle sy alzeit mit
391 2873 1278 2954 hüpschem gwandt versechen und wylen er
384 2917 1333 2999 ein thuchgwärb habe, könne sy selbs abhauwen
364 2969 1271 3029 und ira kleider machen lassen wie sy wölle,
358 3015 1311 3095 darüber sy synes willens imme willfahret.
1165 3078 1304 3187 Nach etc.
1967 1090 2044 1092 Alss er vonn der baden cur wider nacher hauss
1536 485 2579 617 Nach syner frauwen baden cur habe er sich wegenn
1531 549 2578 680 imme begegneten unglücks etwass ehr dann inn einem
1535 574 2592 719 jahr, ungfahr noch im meyen, nacher Walliss inss
1533 638 2555 761 baad begeben und dise sein basen imme abzewarten
1543 674 2578 803 mitgenommen, allwo sy inn eines bauren hauss ein
1555 740 2537 848 gar klein gmächli gehabt und nur ein gütschli
1524 778 2566 907 darin gsin seye, seyendt sy underschidenliche mahl by
1546 830 2578 943 einanderen gelägen und iren muttwillen leider ver¬
1539 883 2564 988 bracht, sonsten seye sy andere mahl daselbstenn
1536 938 2562 1048 uff einem sack gelägen, habe auch etliche mahl
1546 1001 2003 1092 mit imme gebadet etc.
1519 1092 2556 1211 Alss er vonn der baden cur wider nacher hauss
1530 1149 2552 1248 kommen seye etwass zeits ungfahr 5 wuchenn
1524 1194 2560 1320 hernach syne basen uss irem betth nachts uffge¬
1522 1260 2543 1364 standen und in dass gadi aben gangen, niemandt
1533 1308 2533 1414 nichts gesagt, da seye sy kindts genäsen unnd sich
1522 1359 2534 1446 wider hinauf inn die stuben hinderen ofenn
1528 1404 2547 1490 begeben, alwo sein frauw, da sy uffgestanden, sy
1525 1452 2526 1538 daselbsten gefunden und befragt, wass sy alda
1531 1503 2540 1590 mache, habe sy ira angezeigt, dass sy kindts
1523 1556 2546 1633 genäsen und dass kindt so todt worden seye drunden
1513 1598 2549 1696 in dem gadi, darauf seye sein frauw se. (alss
1531 1652 2535 1730 wellche woll gewüsst, dass sy Ellssbeth vonn imme
1533 1701 2534 1786 schwanger seye) inn dass gadi hinunder gangen
1533 1748 2531 1839 unnd er bald nach ira, da habe sy dass totne
1520 1799 2531 1894 kindt inn thuechli yngewiglet unnd die anstalt
1514 1854 2533 1930 gethan, dass sein vetter weibel Brügger se. ess
1523 1895 2475 1987 nachts uff dem kirchhoff inn ein früsch grab,
1517 1944 2536 2038 dar ein wybs persohnn vergraben wahre, ynge¬
1505 2000 2520 2078 legt undt begraben, für synn lohnn habe er imme
1517 2042 2529 2123 thuch zue einer gasaggen geben und inne gebätten,
1518 2097 1966 2179 sölle es geheimb hallten.
1696 2435 1755 2440 Warauf er auch befragt worden, ob er nit dise
1499 2168 2500 2251 Bekent dass das kindt alss ein knäbli zeitig unnd
1523 2224 2476 2284 usstragen gewäsen, ob aber dasselbe todt oder
1516 2261 2440 2343 läbendig worden seye könne er nit wüssenn,
1522 2323 2500 2406 sy aber seye allzeit kranckmuetig gsin allwyl
1507 2349 2125 2440 sy mit dem kindt gangen etc.
1487 2440 2492 2545 Warauf er auch befragt worden, ob er nit dise
1501 2523 2470 2606 sein basen vor der g'nisst habe wöllen ussem
1501 2563 2480 2649 landt ann Papischische Orth verschicken? hat
1514 2619 2439 2698 er sollches verlaugnet, sy aber imme under
2023 2440 2123 2448 sy mit dem kindt gangen etc.
1513 2654 2456 2728 augen starck undt beständig zugeredt unndt
1505 2704 2317 2793 dass demme also seye sy erhalten wölle.
1486 2752 2451 2836 Item ob er nit auch schonn zueuor im sommer
1488 2815 2498 2884 sy mit einem hölltzenen gschir oder brentli geschickt,
1496 2844 2483 2922 underem schynn wasser zereichen, dass sy sich alss dan
1495 2907 2473 2962 erträncken sölle, sollches thut er auch gentzlichen
1486 2944 2460 3020 verneinen. sy aber blybt auch dises punctenss
1499 2979 1894 3062 halben beständig etc.
2161 3055 2449 3175 Darüber etc.
