<?xml version="1.0" encoding="UTF-8" standalone="yes"?>
<PcGts xmlns="http://schema.primaresearch.org/PAGE/gts/pagecontent/2013-07-15" xmlns:xsi="http://www.w3.org/2001/XMLSchema-instance" xsi:schemaLocation="http://schema.primaresearch.org/PAGE/gts/pagecontent/2013-07-15 http://schema.primaresearch.org/PAGE/gts/pagecontent/2013-07-15/pagecontent.xsd">
    <Metadata>
        <Creator>prov=University of Rostock/Institute of Mathematics/CITlab|PLANET AI GmbH/Gundram Leifert/gundram.leifert@planet-ai.de:name=Turmbücher_Test_Christa_II(htr_id=40608)::::v=2.6.7
prov=University of Rostock/Institute of Mathematics/CITlab|PLANET AI GmbH/Tobias Gruening/tobias.gruening@planet-ai.de:name=de.uros.citlab.module.baseline2polygon.B2PSeamMultiOriented:v=2.6.7
prov=University of Rostock/Institute of Mathematics/CITlab|PLANET AI GmbH/Gundram Leifert/gundram.leifert@planet-ai.de:name=German_Kurrent_XVI-XVIII_M1(htr_id=19584)::::v=2.6.7
prov=University of Rostock/Institute of Mathematics/CITlab|PLANET AI GmbH/Tobias Gruening/tobias.gruening@planet-ai.de:name=de.uros.citlab.module.baseline2polygon.B2PSeamMultiOriented:v=2.6.7
prov=University of Rostock/Institute of Mathematics/CITlab|PLANET AI GmbH/Tobias Gruening/tobias.gruening@planet-ai.de:name=/net_tf/LA73_249_0mod360.pb:de.uros.citlab.segmentation.CITlab_LA_ML:v=2.6.7
Transkribus</Creator>
        <Created>2021-02-10T22:18:46.876+01:00</Created>
        <LastChange>2023-06-13T14:56:29.091+02:00</LastChange>
        <TranskribusMetadata docId="1334837" pageId="52361376" pageNr="8" tsid="126833925" status="IN_PROGRESS" userId="42748" imgUrl="https://files.transkribus.eu/Get?id=YRSVVUAFMXDDSRMAFLJVWUQA&amp;fileType=view" xmlUrl="https://files.transkribus.eu/Get?id=YIKRWCLLPMTKQWWBAOTVNANP" imageId="18549684"/>
    </Metadata>
    <Page imageFilename="IMG_9651.jpeg" imageWidth="3024" imageHeight="4032">
        <ReadingOrder>
            <OrderedGroup id="ro_1687513693237" caption="Regions reading order">
                <RegionRefIndexed index="0" regionRef="TextRegion_1675239482006_466"/>
                <RegionRefIndexed index="1" regionRef="TextRegion_1675239482006_465"/>
                <RegionRefIndexed index="2" regionRef="TextRegion_1686660950458_159"/>
                <RegionRefIndexed index="3" regionRef="TextRegion_1686660984399_173"/>
            </OrderedGroup>
        </ReadingOrder>
        <TextRegion orientation="0.0" type="heading" id="TextRegion_1675239482006_466" custom="readingOrder {index:0;} structure {type:heading;}">
            <Coords points="336,487 1425,501 1427,972 354,935"/>
            <TextLine id="r2l1" custom="readingOrder {index:0;} person {offset:0; length:11;}">
                <Coords points="733,772 878,739 991,793 1049,764 1097,804 1242,823 1349,793 1363,638 1279,669 1247,636 1188,657 1145,629 1097,648 1017,609 923,614 815,584 748,599"/>
                <Baseline points="741,753 771,750 801,749 831,749 861,750 891,752 921,754 952,757 982,761 1012,765 1042,769 1072,774 1102,777 1132,782 1163,785 1193,787 1223,788 1253,789 1283,789 1313,788 1344,785"/>
                <TextEquiv>
                    <Unicode>lsbeth Gölt</Unicode>
                </TextEquiv>
            </TextLine>
            <TextLine id="r2l4" custom="readingOrder {index:1;} person {offset:0; length:7;} person {offset:9; length:7; continued:true;}">
                <Coords points="563,819 823,884 903,851 931,876 1077,867 1317,913 1392,892 1394,862 1275,802 1066,808 1015,776 983,800 821,739 770,772 715,735 567,759"/>
                <Baseline points="570,809 610,814 651,821 692,825 733,830 774,833 814,837 855,840 896,844 937,848 978,851 1018,854 1059,855 1100,858 1141,861 1182,864 1222,867 1263,869 1304,872 1345,875 1386,879"/>
                <TextEquiv>
                    <Unicode>Hhoffer, eiminar</Unicode>
                </TextEquiv>
            </TextLine>
            <TextLine id="line_1675239482092_469" custom="readingOrder {index:2;} person {offset:0; length:6; continued:true;}">
                <Coords points="852,858 904,852 934,879 984,865 1029,893 1134,876 1177,895 1191,888 1217,900 1212,962 1159,972 1064,972 1040,953 1010,966 976,953 916,955 891,940 844,951"/>
                <Baseline points="852,935 877,935 902,936 927,937 953,939 978,941 1003,944 1029,946 1054,948 1079,951 1104,953 1130,955 1155,957 1180,959 1206,959"/>
                <TextEquiv>
                    <Unicode>Exoels</Unicode>
                </TextEquiv>
            </TextLine>
            <TextEquiv>
                <Unicode>lsbeth Gölt&#13;
Hhoffer, eiminar&#13;
Exoels</Unicode>
            </TextEquiv>
        </TextRegion>
        <TextRegion orientation="0.0" type="paragraph" id="TextRegion_1675239482006_465" custom="readingOrder {index:1;} structure {type:paragraph;}">
            <Coords points="352,939 1427,972 1439,3232 364,3235"/>
            <TextLine id="r2l8" custom="readingOrder {index:0;} person {offset:0; length:16;}">
                <Coords points="403,1105 843,1104 1158,1158 1300,1142 1387,1179 1406,1090 1293,1046 1103,1064 847,1009 739,1052 581,989 409,1032"/>
                <Baseline points="411,1091 460,1087 509,1086 558,1085 607,1086 657,1088 706,1090 755,1093 804,1097 853,1102 903,1107 952,1112 1001,1117 1050,1122 1099,1127 1149,1131 1198,1136 1247,1140 1296,1143 1345,1146 1395,1148"/>
                <TextEquiv>
                    <Unicode>Seyeeisten Visen be</Unicode>
                </TextEquiv>
            </TextLine>
            <TextLine id="r2l9" custom="readingOrder {index:1;}">
                <Coords points="467,1165 784,1157 1365,1224 1427,1195 1300,1142 1159,1158 797,1104 724,1128 692,1097 471,1104"/>
                <Baseline points="474,1154 521,1152 568,1152 615,1153 663,1154 710,1155 757,1157 804,1160 852,1162 899,1166 946,1169 993,1172 1041,1177 1088,1180 1135,1185 1182,1189 1230,1194 1277,1198 1324,1204 1371,1209 1419,1214"/>
                <TextEquiv>
                    <Unicode>bruhten Liebhohsen undt zuo Eidt</Unicode>
                </TextEquiv>
            </TextLine>
            <TextLine id="r2l10" custom="readingOrder {index:2;}">
                <Coords points="473,1211 597,1233 795,1210 839,1243 977,1215 1052,1252 1091,1233 1357,1288 1418,1275 1422,1219 477,1153"/>
                <Baseline points="480,1205 526,1206 573,1208 619,1209 666,1211 713,1213 759,1215 806,1217 852,1220 899,1223 946,1225 992,1227 1039,1232 1085,1234 1132,1239 1179,1243 1225,1247 1272,1252 1318,1257 1365,1263 1412,1269"/>
                <TextEquiv>
                    <Unicode>lauffenden zyten lasst der lydige¬</Unicode>
                </TextEquiv>
            </TextLine>
            <TextLine id="r2l11" custom="readingOrder {index:3;}">
                <Coords points="488,1268 653,1268 703,1310 818,1264 841,1289 1113,1289 1141,1319 1291,1319 1414,1364 1431,1288 1092,1234 1062,1254 980,1218 838,1242 795,1216 491,1213"/>
                <Baseline points="495,1259 541,1260 587,1260 634,1261 680,1262 726,1264 773,1265 819,1268 865,1271 912,1274 958,1276 1004,1280 1051,1283 1097,1287 1143,1291 1190,1296 1236,1301 1282,1305 1329,1310 1375,1316 1422,1322"/>
                <TextEquiv>
                    <Unicode>Satan, dass ist die alle schlang Wie dy</Unicode>
                </TextEquiv>
            </TextLine>
            <TextLine id="r2l12" custom="readingOrder {index:4;}">
                <Coords points="478,1341 636,1315 819,1351 1069,1342 1107,1385 1192,1369 1229,1402 1312,1372 1431,1392 1434,1348 1164,1326 1053,1283 819,1269 708,1311 670,1274 563,1303 482,1271"/>
                <Baseline points="485,1320 532,1320 579,1320 626,1322 673,1323 720,1325 767,1327 814,1329 861,1331 908,1335 955,1338 1002,1341 1049,1346 1096,1348 1143,1353 1190,1357 1237,1361 1284,1365 1331,1371 1378,1375 1425,1379"/>
                <TextEquiv>
                    <Unicode>jm 1. buchetohts dem 3. hr 7 rn genennt</Unicode>
                </TextEquiv>
            </TextLine>
            <TextLine id="r2l13" custom="readingOrder {index:5;} person {offset:33; length:8;}">
                <Coords points="454,1395 667,1428 751,1390 858,1421 976,1387 1159,1446 1225,1413 1263,1443 1430,1449 1396,1386 1108,1385 1070,1343 706,1347 634,1315 456,1369"/>
                <Baseline points="461,1383 509,1383 557,1383 605,1383 653,1383 702,1385 750,1386 798,1387 846,1389 894,1391 943,1394 991,1397 1039,1400 1087,1403 1135,1407 1184,1411 1232,1416 1280,1420 1328,1426 1376,1431 1425,1437"/>
                <TextEquiv>
                    <Unicode>wirt, vnndt inn der offenbahrung Jolanise</Unicode>
                </TextEquiv>
            </TextLine>
            <TextLine id="r2l14" custom="readingOrder {index:6;}">
                <Coords points="488,1458 662,1455 735,1496 797,1455 937,1482 1008,1461 1038,1492 1190,1473 1245,1510 1349,1488 1436,1518 1438,1457 1265,1447 1225,1413 1167,1451 1131,1416 1024,1438 980,1395 798,1426 752,1390 681,1434 491,1389"/>
                <Baseline points="494,1449 540,1449 587,1448 634,1448 681,1448 728,1448 774,1449 821,1451 868,1452 915,1454 962,1455 1008,1458 1055,1461 1102,1464 1149,1468 1196,1472 1242,1475 1289,1479 1336,1482 1383,1487 1430,1491"/>
                <TextEquiv>
                    <Unicode>Am 12. 1p. 7 3. ei grosser rehter Trach</Unicode>
                </TextEquiv>
            </TextLine>
            <TextLine id="r2l15" custom="readingOrder {index:7;}">
                <Coords points="486,1539 611,1512 665,1550 777,1511 1042,1561 1187,1565 1229,1537 1425,1573 1442,1519 1204,1515 1010,1465 960,1505 805,1456 739,1496 661,1456 490,1459"/>
                <Baseline points="495,1505 544,1506 593,1506 643,1508 692,1508 742,1509 791,1511 840,1512 890,1514 939,1515 989,1517 1038,1520 1088,1522 1137,1526 1186,1530 1236,1534 1285,1539 1335,1546 1384,1551 1434,1559"/>
                <TextEquiv>
                    <Unicode>senne lissigenit unnde bluothgyrige grausamb¬</Unicode>
                </TextEquiv>
            </TextLine>
            <TextLine id="r2l16" custom="readingOrder {index:8;}">
                <Coords points="464,1587 561,1580 602,1612 686,1573 759,1608 839,1577 1071,1622 1140,1587 1345,1634 1446,1617 1448,1567 1243,1541 1200,1571 1019,1562 812,1517 735,1551 657,1555 590,1511 465,1540"/>
                <Baseline points="470,1575 518,1574 566,1574 615,1572 663,1572 712,1572 760,1572 809,1572 857,1574 906,1575 954,1577 1002,1578 1051,1581 1099,1583 1148,1586 1196,1590 1245,1592 1293,1596 1342,1602 1390,1606 1439,1611"/>
                <TextEquiv>
                    <Unicode>bnit jn mehr unndt mehr verspühren wyl</Unicode>
                </TextEquiv>
            </TextLine>
            <TextLine id="r2l17" custom="readingOrder {index:9;}">
                <Coords points="497,1642 682,1628 771,1668 838,1639 886,1665 1076,1644 1147,1682 1289,1647 1346,1691 1431,1669 1432,1642 1381,1618 1283,1636 1215,1599 1161,1625 930,1585 760,1615 692,1585 602,1612 559,1582 498,1593"/>
                <Baseline points="503,1635 549,1634 595,1634 641,1634 687,1634 733,1634 779,1634 825,1634 871,1634 917,1635 964,1635 1010,1637 1056,1638 1102,1640 1148,1641 1194,1644 1240,1647 1286,1650 1332,1654 1378,1658 1425,1662"/>
                <TextEquiv>
                    <Unicode>er wol weiss dass nr wenig zeit mehr</Unicode>
                </TextEquiv>
            </TextLine>
            <TextLine id="r2l18" custom="readingOrder {index:10;}">
                <Coords points="479,1733 972,1693 1180,1707 1217,1738 1301,1720 1352,1756 1421,1744 1423,1668 1347,1691 1225,1655 1154,1687 1038,1644 883,1666 804,1642 764,1670 572,1631 481,1657"/>
                <Baseline points="486,1700 532,1697 579,1695 625,1695 672,1694 718,1694 765,1694 811,1695 858,1695 904,1696 951,1697 997,1698 1044,1700 1090,1701 1137,1703 1183,1704 1230,1707 1276,1708 1323,1710 1369,1712 1416,1715"/>
                <TextEquiv>
                    <Unicode>hat, in diser Welldt die menschen durch</Unicode>
                </TextEquiv>
            </TextLine>
            <TextLine id="r2l19" custom="readingOrder {index:11;}">
                <Coords points="478,1770 1167,1759 1248,1794 1293,1769 1332,1801 1381,1776 1417,1796 1417,1750 972,1693 852,1732 814,1706 479,1732"/>
                <Baseline points="485,1764 531,1761 577,1760 623,1758 670,1757 716,1755 762,1754 808,1754 855,1754 901,1754 947,1754 993,1755 1040,1755 1086,1757 1132,1758 1178,1760 1225,1761 1271,1764 1317,1766 1363,1769 1410,1772"/>
                <TextEquiv>
                    <Unicode>Allerhändt anreitzende sünden inn syne</Unicode>
                </TextEquiv>
            </TextLine>
            <TextLine id="r2l20" custom="readingOrder {index:12;}">
                <Coords points="485,1853 903,1809 976,1848 1080,1815 1271,1864 1314,1832 1404,1842 1405,1794 1200,1803 1119,1763 1059,1785 990,1757 905,1784 858,1755 485,1775"/>
                <Baseline points="492,1826 537,1824 582,1821 627,1819 673,1818 718,1817 763,1815 809,1815 854,1815 899,1815 945,1815 990,1815 1035,1817 1080,1817 1126,1819 1171,1820 1216,1821 1262,1823 1307,1824 1352,1827 1398,1829"/>
                <TextEquiv>
                    <Unicode>garn undt Antze zebringen unndt synem</Unicode>
                </TextEquiv>
            </TextLine>
            <TextLine id="r2l21" custom="readingOrder {index:13;}">
                <Coords points="451,1926 592,1883 687,1912 903,1876 1257,1918 1421,1890 1421,1841 1270,1865 1147,1860 1080,1814 1019,1854 782,1818 697,1861 568,1832 451,1868"/>
                <Baseline points="458,1886 505,1884 553,1882 601,1881 649,1879 697,1878 745,1878 792,1877 840,1877 888,1877 936,1877 984,1878 1032,1878 1080,1878 1127,1879 1175,1880 1223,1880 1271,1881 1319,1881 1367,1882 1415,1883"/>
                <TextEquiv>
                    <Unicode>hellischenn keifer der ehewigen fyn undt</Unicode>
                </TextEquiv>
            </TextLine>
            <TextLine id="r2l22" custom="readingOrder {index:14;}">
                <Coords points="473,1953 1443,1965 1443,1923 1399,1901 1151,1922 1018,1877 896,1907 591,1883 540,1921 473,1910"/>
                <Baseline points="479,1944 526,1941 574,1940 622,1938 670,1937 718,1937 766,1937 814,1937 862,1937 910,1937 958,1938 1005,1938 1053,1940 1101,1941 1149,1941 1197,1942 1245,1943 1293,1943 1341,1943 1389,1941 1437,1941"/>
                <TextEquiv>
                    <Unicode>mnal zeurfüllen, durowegen ni umbher</Unicode>
                </TextEquiv>
            </TextLine>
            <TextLine id="r2l23" custom="readingOrder {index:15;}">
                <Coords points="471,2029 969,2038 1078,1990 1288,2020 1415,1998 1415,1964 1204,1945 1151,1979 960,1940 850,1976 799,1939 470,1986"/>
                <Baseline points="477,2009 523,2007 570,2004 616,2003 663,2001 710,2000 756,1998 803,1997 849,1996 896,1995 943,1994 989,1994 1036,1994 1082,1992 1129,1992 1176,1992 1222,1992 1269,1992 1315,1992 1362,1992 1409,1992"/>
                <TextEquiv>
                    <Unicode>laufft tag unndt rachs unndt sucht wege</Unicode>
                </TextEquiv>
            </TextLine>
            <TextLine id="line_1675239387089_450" custom="readingOrder {index:16;}">
                <Coords points="491,2024 559,2012 1334,1993 1390,2000 1436,2012 1437,2065 1184,2082 538,2093 492,2076"/>
                <Baseline points="498,2067 524,2066 551,2066 577,2064 604,2064 630,2063 657,2063 683,2061 710,2061 736,2060 763,2059 789,2058 816,2057 842,2057 869,2055 895,2055 922,2054 948,2054 975,2052 1001,2052 1028,2051 1154,2051 1179,2052 1204,2052 1229,2052 1254,2052 1279,2051 1305,2051 1330,2049 1355,2048 1380,2048 1405,2049 1431,2049"/>
                <TextEquiv>
                    <Unicode>er verschlingen möge, Fürnemblich</Unicode>
                </TextEquiv>
            </TextLine>
            <TextLine id="r2l27" custom="readingOrder {index:17;}">
                <Coords points="482,2160 625,2170 984,2115 1131,2153 1237,2113 1275,2143 1408,2136 1430,2077 1211,2059 1175,2082 1107,2054 959,2082 921,2051 834,2087 716,2072 640,2113 480,2090"/>
                <Baseline points="488,2133 534,2133 581,2133 628,2132 675,2130 722,2129 768,2127 815,2125 862,2123 909,2121 956,2118 1002,2117 1049,2114 1096,2112 1143,2111 1190,2109 1236,2108 1283,2108 1330,2106 1377,2106 1424,2106"/>
                <TextEquiv>
                    <Unicode>aber sichet er uff die ruchlosen menschen</Unicode>
                </TextEquiv>
            </TextLine>
            <TextLine id="r2l28" custom="readingOrder {index:18;} person {offset:18; length:6;}">
                <Coords points="474,2232 591,2213 694,2237 750,2198 916,2178 1307,2189 1405,2145 1232,2117 1132,2152 985,2115 831,2131 782,2175 702,2147 471,2177"/>
                <Baseline points="479,2204 525,2203 571,2201 617,2198 663,2196 709,2193 755,2190 801,2188 847,2185 893,2181 939,2178 985,2175 1031,2172 1077,2171 1123,2168 1169,2166 1215,2164 1261,2163 1307,2162 1353,2162 1400,2163"/>
                <TextEquiv>
                    <Unicode>by wellchen keine Gottes dorcht noch</Unicode>
                </TextEquiv>
            </TextLine>
            <TextLine id="r2l29" custom="readingOrder {index:19;}">
                <Coords points="471,2281 685,2295 982,2240 1049,2276 1186,2229 1394,2249 1416,2166 1202,2201 954,2179 859,2220 782,2197 739,2235 586,2214 468,2239"/>
                <Baseline points="477,2271 523,2268 570,2265 617,2263 664,2260 710,2257 757,2254 804,2250 851,2247 897,2244 944,2241 991,2237 1038,2235 1084,2232 1131,2228 1178,2226 1225,2225 1271,2223 1318,2221 1365,2219 1412,2219"/>
                <TextEquiv>
                    <Unicode>anhörung synes göttlichen willnuss so</Unicode>
                </TextEquiv>
            </TextLine>
            <TextLine id="r2l30" custom="readingOrder {index:20;}">
                <Coords points="465,2355 849,2325 899,2354 1057,2299 1351,2281 1440,2318 1433,2227 1151,2234 1050,2275 990,2254 957,2291 820,2256 751,2292 461,2292"/>
                <Baseline points="470,2337 518,2336 566,2334 614,2332 662,2330 710,2327 758,2323 806,2321 854,2316 902,2314 950,2310 998,2307 1046,2303 1094,2299 1142,2295 1190,2291 1238,2287 1286,2283 1334,2279 1382,2275 1430,2271"/>
                <TextEquiv>
                    <Unicode>er durch die fredig synes hr. worts tägliche</Unicode>
                </TextEquiv>
            </TextLine>
            <TextLine id="r2l31" custom="readingOrder {index:21;}">
                <Coords points="460,2438 622,2430 737,2382 840,2411 966,2373 1366,2356 1419,2336 1416,2293 1064,2303 940,2357 853,2324 741,2368 542,2333 454,2353"/>
                <Baseline points="464,2405 511,2401 558,2398 606,2396 653,2392 701,2389 748,2385 795,2382 843,2379 890,2375 938,2372 985,2368 1032,2364 1080,2361 1127,2357 1175,2354 1222,2349 1269,2346 1317,2341 1364,2337 1412,2333"/>
                <TextEquiv>
                    <Unicode>durch seine gethrauwe diener verkündig</Unicode>
                </TextEquiv>
            </TextLine>
            <TextLine id="r2l32" custom="readingOrder {index:22;}">
                <Coords points="457,2495 508,2507 553,2473 667,2499 855,2442 993,2464 1057,2428 1262,2439 1420,2407 1414,2335 1040,2403 994,2372 839,2427 737,2382 690,2416 452,2445"/>
                <Baseline points="462,2478 509,2474 557,2468 604,2463 652,2458 699,2454 747,2450 794,2446 842,2443 889,2439 937,2435 984,2431 1032,2427 1079,2423 1127,2420 1174,2416 1222,2411 1269,2407 1317,2403 1364,2399 1412,2394"/>
                <TextEquiv>
                    <Unicode>lasst, zefinden noch zeuerspährnn, sonders</Unicode>
                </TextEquiv>
            </TextLine>
            <TextLine id="r2l33" custom="readingOrder {index:23;}">
                <Coords points="471,2578 826,2509 922,2532 1094,2482 1176,2515 1223,2476 1302,2493 1437,2460 1433,2418 1278,2420 1244,2449 1057,2428 997,2463 932,2445 881,2483 683,2502 542,2474 509,2507 463,2495"/>
                <Baseline points="474,2541 521,2537 569,2533 617,2529 665,2526 713,2522 760,2517 808,2514 856,2509 904,2504 952,2499 999,2495 1047,2490 1095,2485 1143,2481 1191,2475 1238,2471 1286,2465 1334,2460 1382,2455 1430,2450"/>
                <TextEquiv>
                    <Unicode>sich villmehr nach ires verkhürtn hertzuns</Unicode>
                </TextEquiv>
            </TextLine>
            <TextLine id="r2l34" custom="readingOrder {index:24;}">
                <Coords points="471,2616 656,2639 754,2605 820,2624 870,2574 943,2609 1226,2584 1302,2530 1420,2519 1415,2471 1263,2476 1177,2515 1125,2486 947,2510 891,2556 842,2529 468,2582"/>
                <Baseline points="476,2604 522,2601 569,2598 616,2594 663,2590 710,2587 756,2583 803,2579 850,2575 897,2570 944,2567 990,2562 1037,2557 1084,2553 1131,2547 1178,2542 1224,2535 1271,2530 1318,2523 1365,2517 1412,2510"/>
                <TextEquiv>
                    <Unicode>begirden jnn bunden mit zluchen unndt</Unicode>
                </TextEquiv>
            </TextLine>
            <TextLine id="r2l35" custom="readingOrder {index:25;}">
                <Coords points="479,2728 570,2678 669,2708 703,2678 777,2696 917,2643 1095,2656 1142,2619 1425,2584 1419,2532 1333,2532 1224,2588 469,2638"/>
                <Baseline points="479,2676 528,2672 577,2668 627,2664 676,2660 726,2656 775,2652 824,2647 874,2642 923,2639 973,2633 1022,2628 1072,2622 1121,2616 1170,2610 1220,2604 1269,2597 1319,2590 1368,2583 1418,2574"/>
                <TextEquiv>
                    <Unicode>schweren auch anderen greuelen vndt</Unicode>
                </TextEquiv>
            </TextLine>
            <TextLine id="r2l36" custom="readingOrder {index:26;}">
                <Coords points="471,2754 577,2747 627,2778 712,2741 762,2768 803,2735 896,2748 956,2691 1032,2731 1145,2698 1229,2713 1395,2646 1392,2618 1268,2604 1142,2619 1095,2656 978,2644 906,2677 874,2653 775,2698 554,2684 467,2713"/>
                <Baseline points="476,2741 521,2739 567,2736 612,2733 658,2730 704,2726 749,2723 795,2719 840,2715 886,2712 932,2708 977,2702 1023,2697 1068,2692 1114,2686 1160,2679 1205,2672 1251,2666 1296,2658 1342,2650 1388,2640"/>
                <TextEquiv>
                    <Unicode>Caturnn ergeben, ir hurtz zur syner</Unicode>
                </TextEquiv>
            </TextLine>
            <TextLine id="r2l37" custom="readingOrder {index:27;}">
                <Coords points="459,2811 533,2838 592,2798 797,2828 891,2782 993,2795 1159,2742 1213,2778 1419,2734 1408,2638 1330,2690 1114,2726 1071,2705 969,2753 806,2735 759,2770 690,2742 627,2778 577,2747 455,2776"/>
                <Baseline points="465,2804 512,2804 559,2802 606,2799 653,2798 701,2794 748,2792 795,2787 842,2783 889,2778 937,2773 984,2768 1031,2761 1078,2756 1125,2749 1173,2742 1220,2734 1267,2727 1314,2718 1361,2710 1409,2702"/>
                <TextEquiv>
                    <Unicode>wöhnung ynzeienen, dardurch dan er</Unicode>
                </TextEquiv>
            </TextLine>
            <TextLine id="r2l38" custom="readingOrder {index:28;} person {offset:4; length:7;}">
                <Coords points="463,2891 617,2903 710,2860 1185,2822 1250,2842 1432,2782 1427,2738 1224,2780 1097,2749 1001,2801 929,2780 876,2828 574,2805 533,2838 453,2807"/>
                <Baseline points="468,2880 515,2876 563,2872 611,2868 659,2864 707,2859 754,2855 802,2851 850,2846 898,2841 946,2837 993,2832 1041,2825 1089,2820 1137,2813 1185,2806 1232,2799 1280,2791 1328,2782 1376,2772 1424,2762"/>
                <TextEquiv>
                    <Unicode>dem Thrinen mit dem sündenn gifft dn</Unicode>
                </TextEquiv>
            </TextLine>
            <TextLine id="r2l39" custom="readingOrder {index:29;}">
                <Coords points="455,2984 585,2938 1158,2916 1231,2877 1271,2907 1339,2855 1406,2873 1426,2787 1022,2870 713,2862 494,2920 444,2894"/>
                <Baseline points="458,2954 506,2947 554,2942 602,2935 651,2929 699,2925 747,2920 796,2915 844,2911 892,2906 941,2901 989,2896 1037,2891 1085,2886 1134,2880 1182,2873 1230,2867 1279,2857 1327,2848 1375,2839 1424,2828"/>
                <TextEquiv>
                    <Unicode>gesteckten meüschen, inn synem gwalt</Unicode>
                </TextEquiv>
            </TextLine>
            <TextLine id="r2l40" custom="readingOrder {index:30;}">
                <Coords points="465,3026 727,2988 864,3008 957,2962 1243,2932 1291,2957 1344,2916 1392,2936 1381,2876 1220,2919 1114,2897 1041,2931 966,2908 931,2940 836,2918 758,2953 578,2941 460,2982"/>
                <Baseline points="471,3018 516,3013 562,3008 607,3003 653,2998 698,2994 744,2990 789,2985 835,2980 880,2977 926,2972 972,2967 1017,2961 1063,2956 1108,2950 1154,2944 1199,2937 1245,2929 1290,2920 1336,2912 1382,2901"/>
                <TextEquiv>
                    <Unicode>undt banden fuhrt zun vollbringenn</Unicode>
                </TextEquiv>
            </TextLine>
            <TextLine id="r2l41" custom="readingOrder {index:31;}">
                <Coords points="472,3098 676,3097 887,3039 1116,3059 1430,2978 1415,2911 1295,2958 1257,2932 1054,2984 1006,2958 914,3014 794,3027 728,2988 568,3038 463,3025"/>
                <Baseline points="477,3087 524,3082 571,3077 618,3071 665,3066 713,3061 760,3057 807,3052 854,3046 901,3041 949,3036 996,3030 1043,3023 1090,3018 1137,3010 1185,3003 1232,2995 1279,2987 1326,2978 1373,2968 1421,2957"/>
                <TextEquiv>
                    <Unicode>Allerley unrenngkeiten, hurerny undt</Unicode>
                </TextEquiv>
            </TextLine>
            <TextLine id="r2l42" custom="readingOrder {index:32;}">
                <Coords points="453,3161 601,3144 697,3176 765,3130 904,3136 1053,3079 1152,3107 1189,3071 1413,3030 1408,2997 1304,3023 1254,3001 1181,3051 1016,3070 970,3042 901,3086 841,3062 655,3118 535,3083 450,3135"/>
                <Baseline points="459,3155 506,3150 553,3144 601,3140 648,3136 695,3131 743,3126 790,3121 837,3115 885,3109 932,3104 979,3098 1027,3091 1074,3085 1121,3076 1169,3069 1216,3061 1263,3052 1311,3043 1358,3033 1406,3023"/>
                <TextEquiv>
                    <Unicode>ehebruch ja Auch darzun grausammen</Unicode>
                </TextEquiv>
            </TextLine>
            <TextLine id="r2l43" custom="readingOrder {index:33;}">
                <Coords points="470,3238 744,3225 794,3187 1112,3180 1203,3128 1343,3117 1365,3051 1186,3074 1153,3106 1117,3081 764,3130 699,3174 597,3144 463,3189"/>
                <Baseline points="473,3218 517,3212 562,3207 606,3202 651,3198 695,3192 740,3186 784,3181 829,3176 873,3170 918,3164 963,3159 1007,3152 1052,3146 1096,3139 1141,3133 1185,3126 1230,3118 1274,3110 1319,3102 1364,3093"/>
                <TextEquiv>
                    <Unicode>mördereyen unndt tödtschleg, alles</Unicode>
                </TextEquiv>
            </TextLine>
            <TextEquiv>
                <Unicode>Seyeeisten Visen be&#13;
bruhten Liebhohsen undt zuo Eidt&#13;
lauffenden zyten lasst der lydige¬&#13;
Satan, dass ist die alle schlang Wie dy&#13;
jm 1. buchetohts dem 3. hr 7 rn genennt&#13;
wirt, vnndt inn der offenbahrung Jolanise&#13;
Am 12. 1p. 7 3. ei grosser rehter Trach&#13;
senne lissigenit unnde bluothgyrige grausamb¬&#13;
bnit jn mehr unndt mehr verspühren wyl&#13;
er wol weiss dass nr wenig zeit mehr&#13;
hat, in diser Welldt die menschen durch&#13;
Allerhändt anreitzende sünden inn syne&#13;
garn undt Antze zebringen unndt synem&#13;
hellischenn keifer der ehewigen fyn undt&#13;
mnal zeurfüllen, durowegen ni umbher&#13;
laufft tag unndt rachs unndt sucht wege&#13;
er verschlingen möge, Fürnemblich&#13;
aber sichet er uff die ruchlosen menschen&#13;
by wellchen keine Gottes dorcht noch&#13;
anhörung synes göttlichen willnuss so&#13;
er durch die fredig synes hr. worts tägliche&#13;
durch seine gethrauwe diener verkündig&#13;
lasst, zefinden noch zeuerspährnn, sonders&#13;
sich villmehr nach ires verkhürtn hertzuns&#13;
begirden jnn bunden mit zluchen unndt&#13;
schweren auch anderen greuelen vndt&#13;
Caturnn ergeben, ir hurtz zur syner&#13;
wöhnung ynzeienen, dardurch dan er&#13;
dem Thrinen mit dem sündenn gifft dn&#13;
gesteckten meüschen, inn synem gwalt&#13;
undt banden fuhrt zun vollbringenn&#13;
Allerley unrenngkeiten, hurerny undt&#13;
ehebruch ja Auch darzun grausammen&#13;
mördereyen unndt tödtschleg, alles</Unicode>
            </TextEquiv>
        </TextRegion>
        <TextRegion type="marginalia" id="TextRegion_1686660950458_159" custom="readingOrder {index:2;} structure {type:other;}">
            <Coords points="1482,940 1603,940 1628,1608 1628,2279 1439,2279 1439,1608"/>
            <TextLine id="r4l1" custom="readingOrder {index:0;}">
                <Coords points="1478,1010 1515,1026 1546,1002 1558,1004 1584,1021 1595,1012 1608,1010 1608,956 1600,957 1586,948 1577,957 1566,957 1538,938 1531,945 1478,952"/>
                <Baseline points="1484,1002 1513,1001 1542,999 1571,1001 1601,1002"/>
                <TextEquiv>
                    <Unicode>&amp;. 13. 4.</Unicode>
                </TextEquiv>
            </TextLine>
            <TextEquiv>
                <Unicode>&amp;. 13. 4.</Unicode>
            </TextEquiv>
        </TextRegion>
        <TextRegion orientation="0.0" type="paragraph" id="TextRegion_1686660984399_173" custom="readingOrder {index:3;}">
            <Coords points="1581,597 2608,574 2609,1379 2609,3121 1605,3123 1581,1379"/>
            <TextLine id="r5l2" custom="readingOrder {index:0;} person {offset:31; length:4;}">
                <Coords points="1624,807 1668,775 1882,790 2139,728 2236,751 2517,726 2566,713 2559,625 2310,688 2195,666 2034,717 1806,692 1618,734"/>
                <Baseline points="1628,771 1674,769 1721,766 1767,763 1814,761 1860,758 1907,754 1953,750 2000,746 2046,742 2093,738 2139,734 2186,729 2232,726 2279,723 2325,719 2372,716 2418,712 2465,709 2511,705 2558,704"/>
                <TextEquiv>
                    <Unicode>hirmellschreynnde sünde dahuro Gott der</Unicode>
                </TextEquiv>
            </TextLine>
            <TextLine id="r5l3" custom="readingOrder {index:1;}">
                <Coords points="1632,839 2421,791 2563,770 2559,724 1628,795"/>
                <Baseline points="1637,827 1682,824 1728,820 1774,816 1820,813 1866,810 1912,807 1958,803 2004,799 2050,795 2096,791 2141,788 2187,785 2233,781 2279,777 2325,773 2371,769 2417,765 2463,761 2509,756 2555,752"/>
                <TextEquiv>
                    <Unicode>hinerhefftig erzürnet wirt unndt syner</Unicode>
                </TextEquiv>
            </TextLine>
            <TextLine id="r5l4" custom="readingOrder {index:2;}">
                <Coords points="1650,890 2366,856 2598,818 2612,770 2169,789 1939,816 1903,847 1645,833"/>
                <Baseline points="1655,881 1702,876 1750,874 1798,871 1845,867 1893,864 1941,859 1988,856 2036,852 2084,848 2132,843 2179,840 2227,836 2275,832 2322,828 2370,824 2418,821 2465,817 2513,813 2561,810 2609,807"/>
                <TextEquiv>
                    <Unicode>statthalterin der oberkeit inn diser welldt</Unicode>
                </TextEquiv>
            </TextLine>
            <TextLine id="r5l5" custom="readingOrder {index:3;}">
                <Coords points="1635,947 1688,966 1901,926 1979,958 2025,920 2291,930 2598,888 2580,832 2468,863 2395,841 1992,867 1865,911 1631,889"/>
                <Baseline points="1640,939 1687,938 1735,935 1782,932 1830,929 1877,926 1925,923 1972,920 2020,916 2067,914 2115,909 2163,906 2210,903 2258,899 2305,895 2353,892 2400,889 2448,885 2495,883 2543,879 2591,876"/>
                <TextEquiv>
                    <Unicode>dass schwart gegeben, sollche greüwel uss¬</Unicode>
                </TextEquiv>
            </TextLine>
            <TextLine id="r5l6" custom="readingOrder {index:4;}">
                <Coords points="1639,1029 1982,978 2183,997 2339,965 2383,994 2428,958 2598,948 2596,908 2479,895 2371,933 2326,905 2139,944 2031,922 1988,958 1911,927 1634,951"/>
                <Baseline points="1643,995 1690,992 1737,990 1785,987 1832,984 1880,981 1927,979 1974,977 2022,975 2069,971 2117,969 2164,966 2211,963 2259,960 2306,958 2354,955 2401,951 2448,948 2496,944 2543,941 2591,938"/>
                <TextEquiv>
                    <Unicode>zerübhen. win dan ein sehe grausamb</Unicode>
                </TextEquiv>
            </TextLine>
            <TextLine id="r5l7" custom="readingOrder {index:5;}">
                <Coords points="1621,1102 1710,1062 1773,1099 1829,1054 1877,1076 1937,1042 2000,1069 2050,1034 2208,1056 2247,1028 2613,1011 2591,973 2439,959 2384,994 2341,968 2146,1003 2065,976 1617,1025"/>
                <Baseline points="1625,1061 1674,1059 1723,1056 1772,1053 1821,1050 1870,1046 1919,1044 1968,1040 2017,1037 2066,1034 2115,1031 2164,1028 2213,1025 2262,1022 2311,1019 2360,1016 2409,1013 2458,1011 2507,1008 2556,1006 2606,1004"/>
                <TextEquiv>
                    <Unicode>unmenschliche stath unndt Fhrauriges exem¬</Unicode>
                </TextEquiv>
            </TextLine>
            <TextLine id="r5l8" custom="readingOrder {index:6;}">
                <Coords points="1615,1161 1970,1100 2156,1124 2243,1089 2567,1080 2600,1068 2596,1008 2215,1054 2066,1038 2001,1068 1934,1043 1877,1078 1843,1053 1772,1100 1705,1065 1612,1109"/>
                <Baseline points="1619,1124 1667,1122 1716,1119 1765,1117 1814,1113 1862,1110 1911,1106 1960,1104 2009,1101 2057,1098 2106,1094 2155,1090 2204,1086 2252,1082 2301,1080 2350,1077 2399,1073 2447,1071 2496,1068 2545,1065 2594,1062"/>
                <TextEquiv>
                    <Unicode>als vonn diser vor Rugen stehenden alten</Unicode>
                </TextEquiv>
            </TextLine>
            <TextLine id="r5l9" custom="readingOrder {index:7;}">
                <Coords points="1617,1191 1794,1210 1822,1180 1907,1196 2122,1148 2265,1184 2508,1137 2505,1094 2429,1076 2365,1112 2237,1087 2159,1124 2086,1095 2018,1126 1971,1101 1895,1136 1722,1125 1615,1160"/>
                <Baseline points="1623,1185 1666,1184 1710,1182 1754,1180 1798,1178 1842,1174 1886,1172 1930,1168 1974,1164 2018,1161 2062,1157 2105,1153 2149,1151 2193,1147 2237,1143 2281,1141 2325,1137 2369,1134 2413,1132 2457,1130 2501,1128"/>
                <TextEquiv>
                    <Unicode>wybs pursohnn unndt Mateficantin</Unicode>
                </TextEquiv>
            </TextLine>
            <TextLine id="r5l10" custom="readingOrder {index:8;} person {offset:0; length:21;}">
                <Coords points="1591,1275 1954,1269 2131,1214 2378,1239 2595,1187 2592,1142 2265,1182 2122,1148 1960,1190 1833,1178 1792,1212 1727,1183 1585,1196"/>
                <Baseline points="1595,1248 1644,1246 1694,1244 1743,1241 1793,1237 1843,1234 1892,1230 1942,1226 1992,1223 2041,1219 2091,1215 2141,1211 2190,1207 2240,1203 2290,1201 2339,1197 2389,1194 2439,1191 2488,1188 2538,1187 2588,1184"/>
                <TextEquiv>
                    <Unicode>Elssbeth Gutigkhoffer begangen lider</Unicode>
                </TextEquiv>
            </TextLine>
            <TextLine id="r5l11" custom="readingOrder {index:9;}">
                <Coords points="1637,1347 1676,1334 1703,1342 1735,1308 1768,1319 1819,1290 1857,1289 1921,1319 1969,1310 1995,1328 2050,1302 2048,1247 1999,1244 1936,1272 1783,1265 1730,1283 1678,1249 1632,1244"/>
                <Baseline points="1641,1302 1666,1300 1691,1299 1716,1297 1741,1296 1766,1293 1791,1292 1816,1290 1842,1289 1867,1287 1892,1286 1917,1286 1942,1284 1967,1283 1992,1283 2017,1283 2043,1284"/>
                <TextEquiv>
                    <Unicode>zuvernemen .</Unicode>
                </TextEquiv>
            </TextLine>
            <TextLine id="r5l12" custom="readingOrder {index:10;} person {offset:21; length:8; continued:true;}">
                <Coords points="1579,1563 1879,1531 1940,1565 1990,1524 2081,1546 2147,1513 2384,1529 2426,1496 2557,1499 2552,1421 2306,1409 2173,1476 2065,1430 1971,1434 1577,1539"/>
                <Baseline points="1584,1554 1632,1550 1680,1545 1728,1541 1777,1537 1825,1534 1873,1530 1921,1526 1970,1524 2018,1520 2066,1518 2114,1515 2163,1512 2211,1509 2259,1506 2307,1503 2356,1500 2404,1497 2452,1494 2500,1490 2549,1487"/>
                <TextEquiv>
                    <Unicode>Nach dem jetzgemelte Elssbeth</Unicode>
                </TextEquiv>
            </TextLine>
            <TextLine id="r5l13" custom="readingOrder {index:11;} person {offset:0; length:12; continued:true;} place {offset:18; length:8;}">
                <Coords points="1634,1644 1821,1607 1879,1628 1946,1589 2050,1618 2093,1584 2135,1611 2385,1606 2598,1567 2596,1533 2460,1513 2422,1552 2303,1525 2052,1564 1971,1540 1939,1566 1884,1531 1629,1561"/>
                <Baseline points="1638,1617 1685,1613 1733,1609 1780,1606 1828,1602 1876,1599 1923,1596 1971,1593 2019,1589 2066,1587 2114,1584 2162,1581 2209,1579 2257,1577 2305,1573 2352,1571 2400,1569 2448,1566 2495,1564 2543,1562 2591,1559"/>
                <TextEquiv>
                    <Unicode>Bütigkhoffer vonn Allenwyl ein by un¬</Unicode>
                </TextEquiv>
            </TextLine>
            <TextLine id="r5l14" custom="readingOrder {index:12;}">
                <Coords points="1577,1722 1802,1680 1843,1711 2022,1706 2161,1651 2462,1671 2505,1636 2596,1643 2593,1585 2250,1618 2093,1585 2052,1619 1717,1615 1574,1663"/>
                <Baseline points="1581,1682 1631,1676 1681,1673 1732,1670 1782,1665 1833,1662 1883,1659 1933,1656 1984,1655 2034,1652 2085,1649 2135,1647 2185,1646 2236,1644 2286,1641 2337,1640 2387,1638 2437,1636 2488,1634 2538,1632 2589,1631"/>
                <TextEquiv>
                    <Unicode>gefahr Sibundig jähriges wyb die hieuor</Unicode>
                </TextEquiv>
            </TextLine>
            <TextLine id="r5l15" custom="readingOrder {index:13;}">
                <Coords points="1632,1763 1696,1786 2189,1714 2235,1746 2348,1713 2444,1745 2603,1709 2602,1679 2497,1643 2329,1685 2184,1651 2011,1709 1861,1714 1790,1682 1710,1723 1630,1711"/>
                <Baseline points="1638,1740 1688,1739 1738,1736 1789,1733 1839,1731 1890,1728 1940,1725 1991,1722 2041,1719 2092,1716 2142,1713 2193,1711 2243,1709 2294,1707 2344,1706 2395,1704 2445,1704 2496,1704 2546,1704 2597,1706"/>
                <TextEquiv>
                    <Unicode>jm gezig einer unhollden gewäsen dero¬</Unicode>
                </TextEquiv>
            </TextLine>
            <TextLine id="r5l16" custom="readingOrder {index:14;}">
                <Coords points="1608,1821 1697,1846 2003,1792 2586,1779 2483,1723 2211,1762 2117,1721 1922,1770 1606,1785"/>
                <Baseline points="1614,1812 1662,1810 1710,1808 1758,1806 1807,1803 1855,1800 1903,1797 1951,1794 2000,1791 2048,1787 2096,1785 2144,1782 2193,1780 2241,1776 2289,1775 2337,1773 2386,1772 2434,1770 2482,1770 2530,1770 2579,1770"/>
                <TextEquiv>
                    <Unicode>wegen sy schonn zum anderen mahl inn</Unicode>
                </TextEquiv>
            </TextLine>
            <TextLine id="r5l17" custom="readingOrder {index:15;}">
                <Coords points="1626,1884 1849,1895 2054,1855 2112,1887 2213,1843 2364,1837 2418,1870 2489,1833 2595,1838 2575,1790 2400,1774 2371,1803 2145,1795 2103,1831 2031,1806 1996,1835 1951,1813 1624,1843"/>
                <Baseline points="1632,1872 1679,1871 1727,1868 1775,1866 1823,1864 1871,1862 1918,1859 1966,1856 2014,1854 2062,1851 2110,1848 2157,1846 2205,1844 2253,1840 2301,1839 2349,1836 2396,1835 2444,1833 2492,1833 2540,1832 2588,1832"/>
                <TextEquiv>
                    <Unicode>oberkeitlichen banden gsin, sonderlichen aben</Unicode>
                </TextEquiv>
            </TextLine>
            <TextLine id="r5l18" custom="readingOrder {index:16;}">
                <Coords points="1639,1948 1772,1932 1841,1958 2034,1912 2132,1940 2276,1897 2519,1927 2576,1908 2574,1850 2492,1842 2438,1882 2372,1843 2312,1868 2213,1843 2112,1888 2054,1855 1858,1899 1636,1882"/>
                <Baseline points="1644,1931 1690,1928 1736,1925 1782,1922 1829,1920 1875,1917 1921,1915 1968,1913 2014,1911 2060,1910 2107,1908 2153,1906 2199,1904 2245,1903 2292,1901 2338,1900 2384,1898 2431,1896 2477,1895 2523,1893 2570,1892"/>
                <TextEquiv>
                    <Unicode>jüngst verschinnen Herpst jmo. 1612. Alss</Unicode>
                </TextEquiv>
            </TextLine>
            <TextLine id="r5l19" custom="readingOrder {index:17;} person {offset:14; length:9;}">
                <Coords points="1626,1988 2009,2003 2291,1951 2446,1988 2588,1960 2586,1911 2210,1907 2124,1941 1625,1964"/>
                <Baseline points="1632,1985 1679,1982 1727,1980 1774,1978 1822,1976 1869,1974 1917,1973 1964,1971 2012,1969 2059,1967 2107,1965 2154,1964 2202,1962 2249,1961 2297,1959 2344,1958 2392,1956 2439,1956 2487,1955 2534,1953 2582,1952"/>
                <TextEquiv>
                    <Unicode>wann dieselbe wahnsinng seye alhar in die</Unicode>
                </TextEquiv>
            </TextLine>
            <TextLine id="r5l20" custom="readingOrder {index:18;}">
                <Coords points="1637,2049 1721,2071 1881,2032 1932,2063 2129,2020 2503,2041 2571,2015 2570,1975 2373,1992 2132,1964 2061,1999 1852,1980 1769,2010 1635,1990"/>
                <Baseline points="1643,2034 1689,2033 1735,2031 1781,2030 1827,2029 1873,2027 1919,2025 1965,2024 2011,2024 2057,2022 2103,2021 2149,2019 2195,2018 2241,2016 2287,2015 2333,2013 2379,2012 2425,2012 2471,2010 2517,2010 2564,2009"/>
                <TextEquiv>
                    <Unicode>insull gethan worden vnndt vollgens nach</Unicode>
                </TextEquiv>
            </TextLine>
            <TextLine id="r5l21" custom="readingOrder {index:19;}">
                <Coords points="1602,2131 1960,2077 2163,2112 2254,2079 2576,2099 2585,2038 2536,2058 2383,2021 2280,2059 2129,2020 1931,2063 1872,2035 1701,2076 1600,2055"/>
                <Baseline points="1607,2097 1655,2094 1704,2091 1752,2088 1801,2087 1850,2085 1898,2082 1947,2081 1995,2079 2044,2079 2093,2078 2141,2078 2190,2076 2238,2076 2287,2076 2336,2075 2384,2075 2433,2075 2481,2074 2530,2073 2579,2073"/>
                <TextEquiv>
                    <Unicode>ungefahr nün oder zechen wuchen widerum</Unicode>
                </TextEquiv>
            </TextLine>
            <TextLine id="r5l22" custom="readingOrder {index:20;} person {offset:39; length:5; continued:true;}">
                <Coords points="1626,2180 2599,2140 2598,2096 2524,2076 2439,2120 1958,2080 1740,2140 1625,2123"/>
                <Baseline points="1632,2157 1680,2156 1728,2153 1776,2150 1824,2148 1872,2147 1920,2145 1968,2144 2016,2142 2064,2141 2112,2141 2160,2139 2208,2139 2256,2138 2304,2138 2352,2136 2400,2136 2448,2135 2496,2135 2544,2133 2592,2133"/>
                <TextEquiv>
                    <Unicode>ledig gelassen also dass ir Tochterman Hanss</Unicode>
                </TextEquiv>
            </TextLine>
            <TextLine id="r5l23" custom="readingOrder {index:21;} person {offset:0; length:7; continued:true;} place {offset:12; length:8;} person {offset:32; length:9;}">
                <Coords points="1635,2236 1742,2263 1861,2208 2304,2233 2454,2195 2526,2237 2568,2228 2567,2155 2151,2172 2056,2141 1847,2194 1805,2168 1772,2194 1681,2166 1634,2186"/>
                <Baseline points="1641,2223 1687,2219 1733,2217 1779,2214 1825,2211 1871,2210 1917,2208 1963,2205 2009,2204 2055,2203 2101,2202 2147,2202 2193,2201 2239,2201 2285,2201 2331,2199 2377,2199 2423,2199 2469,2201 2515,2201 2562,2201"/>
                <TextEquiv>
                    <Unicode>Witsche zum Sundorff, dise sein Schiriger zuo sich</Unicode>
                </TextEquiv>
            </TextLine>
            <TextLine id="r5l24" custom="readingOrder {index:22;}">
                <Coords points="1643,2299 1944,2269 2006,2298 2058,2267 2143,2294 2177,2266 2586,2276 2585,2238 2512,2241 2461,2203 2301,2235 2196,2207 2117,2237 1837,2216 1774,2262 1642,2254"/>
                <Baseline points="1649,2280 1695,2278 1742,2276 1788,2274 1835,2271 1881,2270 1928,2268 1974,2265 2021,2264 2067,2262 2114,2261 2160,2259 2207,2259 2253,2258 2300,2258 2346,2258 2393,2258 2439,2259 2486,2261 2532,2261 2579,2264"/>
                <TextEquiv>
                    <Unicode>genommen, dess vorhabens jra gebuhrenden</Unicode>
                </TextEquiv>
            </TextLine>
            <TextLine id="r5l25" custom="readingOrder {index:23;} person {offset:36; length:5; continued:true;}">
                <Coords points="1635,2358 1707,2343 1799,2373 1940,2331 2045,2368 2206,2334 2543,2349 2543,2284 2435,2293 2399,2261 2295,2320 2177,2266 2143,2295 2056,2267 1996,2300 1635,2307"/>
                <Baseline points="1641,2340 1685,2337 1730,2336 1775,2334 1820,2333 1865,2333 1909,2331 1954,2331 1999,2331 2044,2331 2089,2331 2133,2333 2178,2333 2223,2333 2268,2334 2313,2334 2357,2334 2402,2336 2447,2336 2492,2336 2537,2334"/>
                <TextEquiv>
                    <Unicode>underhaltung zelichten, alss nun sy Bütig</Unicode>
                </TextEquiv>
            </TextLine>
            <TextLine id="r5l26" custom="readingOrder {index:24;} person {offset:0; length:9; continued:true;}">
                <Coords points="1631,2419 2171,2389 2346,2423 2541,2403 2562,2342 2341,2359 2302,2336 2212,2371 2086,2343 2047,2369 1631,2356"/>
                <Baseline points="1637,2397 1682,2395 1728,2394 1774,2393 1820,2391 1866,2390 1912,2390 1958,2390 2004,2390 2050,2390 2096,2390 2141,2391 2187,2391 2233,2391 2279,2393 2325,2393 2371,2393 2417,2393 2463,2393 2509,2393 2555,2393"/>
                <TextEquiv>
                    <Unicode>Shofferin montags den 14. aprilis Akorl</Unicode>
                </TextEquiv>
            </TextLine>
            <TextLine id="r5l27" custom="readingOrder {index:25;}">
                <Coords points="1608,2486 2040,2441 2157,2484 2346,2443 2567,2479 2579,2403 2305,2426 2178,2390 1991,2425 1874,2395 1607,2432"/>
                <Baseline points="1613,2456 1661,2451 1709,2448 1757,2445 1805,2444 1853,2442 1901,2441 1949,2441 1997,2441 2045,2441 2093,2441 2141,2441 2189,2442 2237,2442 2285,2442 2333,2443 2381,2444 2429,2443 2477,2442 2525,2442 2573,2441"/>
                <TextEquiv>
                    <Unicode>umb zwey jhren nach mittag vermerckt, daß</Unicode>
                </TextEquiv>
            </TextLine>
            <TextLine id="r5l28" custom="readingOrder {index:26;}">
                <Coords points="1614,2545 1843,2500 1887,2523 2149,2503 2189,2529 2580,2508 2579,2475 2512,2456 2158,2484 2040,2441 1902,2486 1802,2459 1613,2484"/>
                <Baseline points="1620,2514 1667,2511 1715,2509 1762,2508 1810,2507 1858,2505 1905,2505 1953,2504 2001,2504 2048,2504 2096,2502 2144,2502 2191,2502 2239,2502 2287,2502 2334,2501 2382,2500 2430,2499 2477,2498 2525,2496 2573,2495"/>
                <TextEquiv>
                    <Unicode>ire tochter neben den überigen haussgenossen</Unicode>
                </TextEquiv>
            </TextLine>
            <TextLine id="r5l29" custom="readingOrder {index:27;}">
                <Coords points="1632,2584 1757,2613 1864,2563 1888,2585 2511,2565 2510,2525 2384,2514 2326,2545 2149,2503 2077,2527 1862,2510 1821,2546 1631,2529"/>
                <Baseline points="1638,2573 1681,2569 1724,2565 1767,2562 1811,2561 1854,2559 1897,2559 1941,2558 1984,2558 2027,2558 2071,2559 2114,2559 2157,2559 2200,2561 2244,2561 2287,2561 2330,2561 2374,2561 2417,2559 2460,2558 2504,2556"/>
                <TextEquiv>
                    <Unicode>sich samptlich uff daß Selldt, zun ihrer</Unicode>
                </TextEquiv>
            </TextLine>
            <TextLine id="r5l30" custom="readingOrder {index:28;} person {offset:31; length:14;}">
                <Coords points="1622,2639 2458,2651 2591,2620 2590,2573 2537,2563 2194,2567 2130,2598 1852,2563 1760,2612 1707,2583 1622,2614"/>
                <Baseline points="1629,2631 1676,2628 1724,2627 1772,2624 1820,2623 1868,2622 1915,2621 1963,2621 2011,2621 2059,2621 2107,2621 2154,2621 2202,2621 2250,2620 2298,2619 2346,2619 2393,2619 2441,2618 2489,2616 2537,2615 2585,2613"/>
                <TextEquiv>
                    <Unicode>Acheur ehrbiit begeben, hat sy Butigkhofferin</Unicode>
                </TextEquiv>
            </TextLine>
            <TextLine id="r5l32" custom="readingOrder {index:29;} person {offset:22; length:7;}">
                <Coords points="1639,2721 1774,2691 2064,2726 2105,2691 2232,2681 2349,2716 2391,2682 2593,2680 2558,2638 2516,2660 2484,2633 1638,2647"/>
                <Baseline points="1644,2693 1691,2690 1738,2688 1785,2687 1832,2685 1879,2684 1926,2682 1973,2681 2020,2681 2067,2679 2115,2679 2162,2678 2209,2678 2256,2678 2303,2678 2350,2678 2397,2678 2444,2678 2491,2678 2538,2678 2586,2679"/>
                <TextEquiv>
                    <Unicode>uss trib des leidigen Sathans, vor irer Stuben</Unicode>
                </TextEquiv>
            </TextLine>
            <TextLine id="r5l33" custom="readingOrder {index:30;}">
                <Coords points="1635,2791 2589,2739 2588,2706 2506,2719 2392,2681 2301,2727 2195,2689 2064,2725 1759,2733 1677,2702 1634,2724"/>
                <Baseline points="1641,2757 1688,2755 1735,2753 1782,2751 1829,2750 1876,2748 1923,2747 1970,2745 2017,2745 2064,2744 2111,2743 2158,2742 2205,2741 2252,2741 2299,2741 2346,2739 2393,2739 2440,2738 2487,2738 2534,2738 2582,2736"/>
                <TextEquiv>
                    <Unicode>thüren im gang ein biel erwüsscht, vnndt</Unicode>
                </TextEquiv>
            </TextLine>
            <TextLine id="r5l34" custom="readingOrder {index:31;}">
                <Coords points="1635,2845 1758,2825 1821,2848 1962,2811 2268,2837 2371,2811 2425,2839 2568,2812 2567,2771 2488,2752 1986,2748 1842,2792 1800,2764 1634,2793"/>
                <Baseline points="1641,2828 1687,2825 1733,2822 1779,2819 1825,2818 1871,2817 1917,2814 1963,2813 2009,2813 2055,2811 2101,2811 2147,2810 2193,2809 2239,2808 2285,2807 2331,2807 2377,2805 2423,2805 2469,2804 2515,2802 2561,2801"/>
                <TextEquiv>
                    <Unicode>darmit inn die andern stuben, da daß vn¬</Unicode>
                </TextEquiv>
            </TextLine>
            <TextLine id="r5l35" custom="readingOrder {index:32;}">
                <Coords points="1631,2915 2015,2875 2330,2910 2374,2869 2507,2872 2506,2846 2361,2816 2291,2843 2243,2815 2098,2813 1954,2854 1794,2857 1748,2825 1630,2852"/>
                <Baseline points="1637,2883 1680,2882 1723,2880 1766,2879 1809,2879 1853,2877 1896,2876 1939,2876 1982,2874 2025,2873 2069,2873 2112,2871 2155,2871 2198,2870 2241,2870 2285,2868 2328,2868 2371,2867 2414,2865 2457,2865 2501,2864"/>
                <TextEquiv>
                    <Unicode>schulldige junge knäbli sich verschinnem</Unicode>
                </TextEquiv>
            </TextLine>
            <TextLine id="r5l36" custom="readingOrder {index:33;}">
                <Coords points="1640,2951 1763,2967 1848,2935 1912,2973 2088,2931 2290,2965 2357,2930 2405,2957 2578,2946 2577,2885 2530,2877 2421,2908 1939,2877 1873,2911 1794,2889 1640,2914"/>
                <Baseline points="1646,2939 1692,2937 1738,2937 1784,2937 1831,2936 1877,2936 1923,2934 1969,2934 2016,2933 2062,2933 2108,2931 2154,2931 2201,2931 2247,2930 2293,2930 2339,2930 2386,2930 2432,2930 2478,2930 2524,2931 2571,2931"/>
                <TextEquiv>
                    <Unicode>dienacht alt jnn der wiegen gelegen, dass</Unicode>
                </TextEquiv>
            </TextLine>
            <TextLine id="r5l37" custom="readingOrder {index:34;}">
                <Coords points="1649,3015 2072,2984 2506,3007 2571,2996 2571,2946 2404,2957 2365,2932 2289,2965 2085,2934 1911,2972 1864,2939 1810,2977 1648,2949"/>
                <Baseline points="1656,2996 1701,2994 1746,2993 1792,2993 1837,2991 1883,2990 1928,2988 1974,2987 2019,2985 2065,2984 2110,2984 2155,2982 2201,2982 2246,2982 2292,2982 2337,2982 2383,2982 2428,2982 2474,2984 2519,2985 2565,2987"/>
                <TextEquiv>
                    <Unicode>selbe gantz grausammer unmenschlicherwyss</Unicode>
                </TextEquiv>
            </TextLine>
            <TextLine id="r5l38" custom="readingOrder {index:35;}">
                <Coords points="1637,3068 2586,3063 2584,2988 2460,3019 2379,2985 1636,3023"/>
                <Baseline points="1643,3048 1689,3048 1736,3048 1783,3048 1830,3047 1877,3047 1923,3045 1970,3044 2017,3044 2064,3041 2111,3041 2157,3039 2204,3038 2251,3038 2298,3036 2345,3036 2391,3036 2438,3036 2485,3036 2532,3036 2579,3038"/>
                <TextEquiv>
                    <Unicode>ermordet jnn dem sy dass khrine unmändige</Unicode>
                </TextEquiv>
            </TextLine>
            <TextLine id="r5l39" custom="readingOrder {index:36;}">
                <Coords points="2410,3119 2461,3123 2479,3114 2508,3133 2519,3126 2530,3135 2536,3128 2564,3150 2581,3150 2582,3063 2572,3060 2553,3074 2529,3069 2519,3059 2479,3060 2455,3047 2419,3071 2410,3068"/>
                <Baseline points="2417,3108 2443,3107 2470,3107 2496,3107 2523,3108 2549,3108 2576,3108"/>
                <TextEquiv>
                    <Unicode>Knäbli </Unicode>
                </TextEquiv>
            </TextLine>
            <TextEquiv>
                <Unicode>hirmellschreynnde sünde dahuro Gott der
hinerhefftig erzürnet wirt unndt syner
statthalterin der oberkeit inn diser welldt
dass schwart gegeben, sollche greüwel uss¬
zerübhen. win dan ein sehe grausamb
unmenschliche stath unndt Fhrauriges exem¬
als vonn diser vor Rugen stehenden alten
wybs pursohnn unndt Mateficantin
Elssbeth Gutigkhoffer begangen lider
zuvernemen .
Nach dem jetzgemelte Elssbeth
Bütigkhoffer vonn Allenwyl ein by un¬
gefahr Sibundig jähriges wyb die hieuor
jm gezig einer unhollden gewäsen dero¬
wegen sy schonn zum anderen mahl inn
oberkeitlichen banden gsin, sonderlichen aben
jüngst verschinnen Herpst jmo. 1612. Alss
wann dieselbe wahnsinng seye alhar in die
insull gethan worden vnndt vollgens nach
ungefahr nün oder zechen wuchen widerum
ledig gelassen also dass ir Tochterman Hanss
Witsche zum Sundorff, dise sein Schiriger zuo sich
genommen, dess vorhabens jra gebuhrenden
underhaltung zelichten, alss nun sy Bütig
Shofferin montags den 14. aprilis Akorl
umb zwey jhren nach mittag vermerckt, daß
ire tochter neben den überigen haussgenossen
sich samptlich uff daß Selldt, zun ihrer
Acheur ehrbiit begeben, hat sy Butigkhofferin
uss trib des leidigen Sathans, vor irer Stuben
thüren im gang ein biel erwüsscht, vnndt
darmit inn die andern stuben, da daß vn¬
schulldige junge knäbli sich verschinnem
dienacht alt jnn der wiegen gelegen, dass
selbe gantz grausammer unmenschlicherwyss
ermordet jnn dem sy dass khrine unmändige
Knäbli </Unicode>
            </TextEquiv>
        </TextRegion>
    </Page>
</PcGts>
