<?xml version="1.0" encoding="UTF-8" standalone="yes"?>
<PcGts xmlns="http://schema.primaresearch.org/PAGE/gts/pagecontent/2013-07-15" xmlns:xsi="http://www.w3.org/2001/XMLSchema-instance" xsi:schemaLocation="http://schema.primaresearch.org/PAGE/gts/pagecontent/2013-07-15 http://schema.primaresearch.org/PAGE/gts/pagecontent/2013-07-15/pagecontent.xsd">
    <Metadata>
        <Creator>prov=University of Rostock/Institute of Mathematics/CITlab|PLANET AI GmbH/Gundram Leifert/gundram.leifert@planet-ai.de:name=German_Kurrent_XVI-XVIII_M1(htr_id=19584)::::v=2.6.7
prov=University of Rostock/Institute of Mathematics/CITlab|PLANET AI GmbH/Tobias Gruening/tobias.gruening@planet-ai.de:name=de.uros.citlab.module.baseline2polygon.B2PSeamMultiOriented:v=2.6.7
prov=University of Rostock/Institute of Mathematics/CITlab|PLANET AI GmbH/Tobias Gruening/tobias.gruening@planet-ai.de:name=/net_tf/LA73_249_0mod360.pb:de.uros.citlab.segmentation.CITlab_LA_ML:v=2.6.7
Transkribus</Creator>
        <Created>2021-02-10T22:18:47.921+01:00</Created>
        <LastChange>2023-06-15T11:22:14.929+02:00</LastChange>
        <TranskribusMetadata docId="1334837" pageId="52361704" pageNr="61" tsid="127026315" status="IN_PROGRESS" userId="42748" imgUrl="https://files.transkribus.eu/Get?id=UGZCMSEZFZMXVJFZOCFAVYQI&amp;fileType=view" xmlUrl="https://files.transkribus.eu/Get?id=UZEKXWGPBDNZXXAYNAVNIUZC" imageId="18550163"/>
    </Metadata>
    <Page imageFilename="IMG_9704.jpeg" imageWidth="3024" imageHeight="4032">
        <ReadingOrder>
            <OrderedGroup id="ro_1687513697632" caption="Regions reading order">
                <RegionRefIndexed index="0" regionRef="r2"/>
                <RegionRefIndexed index="1" regionRef="TextRegion_1684178203526_5157"/>
            </OrderedGroup>
        </ReadingOrder>
        <TextRegion orientation="0.0" type="paragraph" id="r2" custom="readingOrder {index:0;} structure {type:paragraph;}">
            <Coords points="337,385 268,3032 1354,3029 1433,493"/>
            <TextLine id="r2l1" custom="readingOrder {index:0;}">
                <Coords points="454,522 704,542 797,512 909,552 1098,521 1406,601 1419,551 1148,459 584,466 460,425"/>
                <Baseline points="462,510 509,512 556,512 604,512 651,513 699,513 746,513 793,513 841,514 888,515 936,517 983,518 1030,522 1078,525 1125,530 1173,536 1220,543 1267,551 1315,561 1362,572 1410,585"/>
                <TextEquiv>
                    <Unicode>Über vorbeschribne relationen beider verhaffter</Unicode>
                </TextEquiv>
            </TextLine>
            <TextLine id="r2l2" custom="readingOrder {index:1;}">
                <Coords points="460,600 1105,578 1401,646 1403,594 1332,564 1098,521 997,552 943,523 909,552 745,515 704,543 463,523"/>
                <Baseline points="468,572 514,572 560,572 607,572 653,572 699,572 746,570 792,570 838,570 885,570 931,572 977,573 1024,575 1070,577 1116,581 1163,586 1209,592 1255,598 1302,606 1348,615 1395,627"/>
                <TextEquiv>
                    <Unicode>persohnen gethanen bekantnussen undt vergicht,</Unicode>
                </TextEquiv>
            </TextLine>
            <TextLine id="r2l3" custom="readingOrder {index:2;}">
                <Coords points="459,631 559,633 615,675 810,629 1232,640 1300,697 1395,705 1397,651 1215,591 460,600"/>
                <Baseline points="465,626 511,627 557,629 603,629 649,629 696,629 742,629 788,627 834,627 880,627 927,629 973,629 1019,630 1065,633 1111,636 1158,640 1204,646 1250,653 1296,660 1342,670 1389,681"/>
                <TextEquiv>
                    <Unicode>so durch mhhren. examinatoren ür. gn. abgelegt</Unicode>
                </TextEquiv>
            </TextLine>
            <TextLine id="r2l4" custom="readingOrder {index:3;}">
                <Coords points="462,689 1212,707 1389,748 1390,714 1281,690 1230,642 995,670 811,629 663,637 621,668 464,635"/>
                <Baseline points="468,683 513,683 559,684 605,684 651,684 696,684 742,684 788,684 834,684 879,684 925,684 971,686 1017,687 1062,690 1108,692 1154,696 1200,701 1245,707 1291,715 1337,722 1383,732"/>
                <TextEquiv>
                    <Unicode>worden, habend ür. gn. in gewüssen puncten</Unicode>
                </TextEquiv>
            </TextLine>
            <TextLine id="r2l5" custom="readingOrder {index:4;}">
                <Coords points="461,748 535,786 598,747 894,782 936,752 981,782 1115,767 1388,827 1391,758 1278,717 464,692"/>
                <Baseline points="468,740 513,741 559,742 605,743 651,743 696,743 742,743 788,744 834,744 879,744 925,746 971,747 1017,750 1062,752 1108,756 1154,760 1200,765 1245,771 1291,778 1337,785 1383,795"/>
                <TextEquiv>
                    <Unicode>noch etwelche unglychheiten irer bekantnuss</Unicode>
                </TextEquiv>
            </TextLine>
            <TextLine id="r2l6" custom="readingOrder {index:5;}">
                <Coords points="437,815 582,835 832,801 1396,862 1406,809 941,755 874,781 750,743 706,773 590,747 513,788 439,755"/>
                <Baseline points="444,806 491,806 539,804 587,803 634,803 682,801 730,801 777,800 825,800 873,800 921,801 968,802 1016,804 1064,807 1111,811 1159,815 1207,821 1254,827 1302,834 1350,843 1398,854"/>
                <TextEquiv>
                    <Unicode>vernommen, da dann deroselb gnädig belieben</Unicode>
                </TextEquiv>
            </TextLine>
            <TextLine id="r2l7" custom="readingOrder {index:6;}">
                <Coords points="449,894 593,859 644,883 888,859 946,887 1019,862 1389,919 1377,844 1312,862 825,800 451,836"/>
                <Baseline points="456,864 502,864 548,863 595,861 641,860 687,860 734,858 780,857 826,857 873,857 919,857 965,857 1012,858 1058,861 1104,864 1151,869 1197,874 1243,879 1290,887 1336,896 1383,905"/>
                <TextEquiv>
                    <Unicode>wöllen mhhren. examinatoren wyters in be¬</Unicode>
                </TextEquiv>
            </TextLine>
            <TextLine id="r2l8" custom="readingOrder {index:7;}">
                <Coords points="446,941 528,970 613,932 787,959 873,918 1021,972 1098,930 1377,980 1378,924 1179,872 1139,896 1075,865 947,888 886,858 699,860 655,896 593,858 561,888 447,884"/>
                <Baseline points="453,924 498,926 544,926 590,926 636,926 682,924 728,924 774,923 820,921 866,920 912,920 957,918 1003,919 1049,920 1095,922 1141,924 1187,929 1233,933 1279,939 1325,947 1371,957"/>
                <TextEquiv>
                    <Unicode>uelch uffzetragen, beide persohnen solcher un¬</Unicode>
                </TextEquiv>
            </TextLine>
            <TextLine id="r2l9" custom="readingOrder {index:8;}">
                <Coords points="461,1014 612,983 741,1022 866,990 891,1016 1082,1003 1110,1030 1159,998 1209,1028 1312,1004 1365,1035 1366,979 1281,942 1176,959 1092,930 1031,970 850,923 801,965 617,933 536,967 463,951"/>
                <Baseline points="468,983 512,984 557,986 601,986 646,986 690,986 735,986 779,986 824,986 868,986 913,986 958,986 1002,986 1047,987 1091,989 1136,991 1180,993 1225,997 1269,1002 1314,1008 1359,1014"/>
                <TextEquiv>
                    <Unicode>glychheiten eigentlicher zuerforschen, sonder¬</Unicode>
                </TextEquiv>
            </TextLine>
            <TextLine id="r2l10" custom="readingOrder {index:9;} person {offset:12; length:10;}">
                <Coords points="442,1061 497,1087 696,1043 1299,1096 1344,1075 1317,1005 1124,1034 1083,1005 889,1015 865,990 830,1018 655,1016 611,984 443,1015"/>
                <Baseline points="449,1047 493,1047 537,1047 582,1046 626,1046 671,1046 715,1044 760,1044 804,1044 849,1044 893,1044 937,1046 982,1046 1026,1047 1071,1049 1115,1050 1160,1053 1204,1056 1249,1060 1293,1062 1338,1067"/>
                <TextEquiv>
                    <Unicode>lichen inne An der Egg, ob er syne in sollchen</Unicode>
                </TextEquiv>
            </TextLine>
            <TextLine id="r2l11" custom="readingOrder {index:10;}">
                <Coords points="455,1120 784,1125 842,1100 995,1142 1066,1107 1124,1146 1289,1122 1359,1143 1360,1094 1257,1072 1085,1083 820,1043 754,1069 620,1052 558,1085 457,1063"/>
                <Baseline points="462,1101 506,1100 551,1100 595,1098 640,1098 684,1098 729,1098 773,1098 818,1098 862,1098 907,1100 952,1101 996,1103 1041,1104 1085,1107 1130,1110 1174,1113 1219,1117 1263,1121 1308,1125 1353,1131"/>
                <TextEquiv>
                    <Unicode>sünden missbrauchte basen habe ussem landt</Unicode>
                </TextEquiv>
            </TextLine>
            <TextLine id="r2l12" custom="readingOrder {index:11;}">
                <Coords points="457,1171 580,1159 678,1191 834,1150 981,1193 1092,1166 1135,1195 1188,1168 1376,1220 1378,1151 1306,1125 1123,1146 1075,1111 1006,1141 842,1100 786,1126 459,1119"/>
                <Baseline points="465,1155 510,1157 555,1157 600,1155 646,1155 691,1155 736,1154 782,1154 827,1153 872,1152 918,1152 963,1154 1008,1154 1053,1156 1099,1157 1144,1160 1189,1164 1235,1168 1280,1174 1325,1181 1371,1188"/>
                <TextEquiv>
                    <Unicode>verschicken wöllen, auch sya angemant, dass</Unicode>
                </TextEquiv>
            </TextLine>
            <TextLine id="r2l13" custom="readingOrder {index:12;} DIWO {offset:18; length:14;}">
                <Coords points="464,1252 536,1217 742,1242 909,1211 1350,1264 1351,1214 1284,1214 1252,1181 1128,1196 1042,1164 982,1194 865,1162 785,1198 730,1168 677,1192 585,1158 518,1193 466,1173"/>
                <Baseline points="471,1215 514,1215 558,1215 601,1214 645,1214 689,1213 732,1212 776,1212 820,1212 863,1212 907,1212 951,1214 994,1214 1038,1217 1082,1218 1125,1221 1169,1225 1213,1229 1256,1234 1300,1240 1344,1247"/>
                <TextEquiv>
                    <Unicode>sy underem schynn wasserreichens sich er¬</Unicode>
                </TextEquiv>
            </TextLine>
            <TextLine id="r2l14" custom="readingOrder {index:13;}">
                <Coords points="462,1277 574,1266 635,1306 746,1258 1018,1267 1218,1312 1326,1309 1357,1268 1192,1258 1095,1218 961,1239 907,1211 744,1242 601,1213 462,1252"/>
                <Baseline points="468,1268 512,1268 556,1266 600,1266 644,1265 688,1265 732,1263 776,1263 820,1263 864,1263 909,1263 953,1263 997,1265 1041,1266 1085,1268 1129,1271 1173,1273 1217,1277 1261,1281 1305,1286 1350,1292"/>
                <TextEquiv>
                    <Unicode>träncken sölle unnd dan auch wegen dess</Unicode>
                </TextEquiv>
            </TextLine>
            <TextLine id="r2l15" custom="readingOrder {index:14;} place {offset:11; length:6;}">
                <Coords points="461,1334 587,1355 674,1320 892,1316 1358,1354 1308,1295 1128,1305 1018,1267 954,1299 876,1266 823,1292 696,1271 647,1301 574,1266 462,1277"/>
                <Baseline points="468,1322 512,1321 556,1320 600,1320 644,1320 689,1319 733,1319 777,1319 821,1319 865,1319 910,1319 954,1319 998,1320 1042,1322 1086,1323 1131,1325 1175,1328 1219,1332 1263,1335 1307,1340 1352,1344"/>
                <TextEquiv>
                    <Unicode>troben zue Hassli entwenten reissgellts</Unicode>
                </TextEquiv>
            </TextLine>
            <TextLine id="line_1675760978827_1153" custom="readingOrder {index:15;}">
                <Coords points="450,1332 482,1328 674,1319 823,1320 937,1322 1111,1327 1226,1333 1346,1356 1345,1393 1216,1419 449,1411"/>
                <Baseline points="456,1374 484,1374 512,1375 540,1377 568,1379 596,1380 624,1380 652,1378 680,1373 699,1368 732,1368 766,1368 799,1368 833,1368 867,1370 900,1370 934,1371 968,1371 1001,1372 1035,1374 1068,1376 1102,1377 1136,1379 1169,1380 1203,1382 1237,1385 1270,1386 1304,1389 1338,1391"/>
                <TextEquiv>
                    <Unicode>halben. unnd dan auch sy Elssbeth ab</Unicode>
                </TextEquiv>
            </TextLine>
            <TextLine id="r2l18" custom="readingOrder {index:16;} person {offset:0; length:6;}">
                <Coords points="438,1448 1185,1442 1374,1475 1375,1408 1035,1413 1002,1378 957,1412 837,1382 774,1406 492,1383 438,1410"/>
                <Baseline points="444,1430 490,1431 536,1431 582,1431 628,1430 675,1430 721,1430 767,1430 813,1430 859,1431 906,1431 952,1431 998,1433 1044,1434 1090,1436 1137,1437 1183,1440 1229,1443 1275,1447 1321,1452 1368,1457"/>
                <TextEquiv>
                    <Unicode>Egglen noch mehrers zebefragen, ob dass kindt</Unicode>
                </TextEquiv>
            </TextLine>
            <TextLine id="r2l19" custom="readingOrder {index:17;}">
                <Coords points="446,1492 596,1516 630,1486 1047,1492 1182,1530 1311,1500 1371,1523 1372,1476 1184,1442 1006,1459 965,1431 873,1462 771,1434 727,1465 678,1437 637,1467 526,1438 446,1458"/>
                <Baseline points="452,1485 497,1484 543,1482 588,1482 634,1481 680,1481 725,1481 771,1481 817,1482 862,1482 908,1484 954,1485 999,1487 1045,1488 1091,1490 1136,1493 1182,1495 1228,1497 1273,1499 1319,1501 1365,1503"/>
                <TextEquiv>
                    <Unicode>läbendig oder todt worden unnd sy desselben</Unicode>
                </TextEquiv>
            </TextLine>
            <TextLine id="r2l20" custom="readingOrder {index:18;}">
                <Coords points="452,1548 825,1530 884,1558 967,1518 1336,1563 1366,1502 1247,1530 1070,1489 452,1499"/>
                <Baseline points="458,1536 503,1534 548,1533 593,1532 638,1530 683,1529 728,1529 773,1529 818,1529 863,1529 908,1530 953,1530 998,1532 1043,1533 1088,1535 1133,1538 1178,1539 1223,1542 1268,1545 1313,1548 1358,1553"/>
                <TextEquiv>
                    <Unicode>todts nit eine ursach seye unnd sy hiemit</Unicode>
                </TextEquiv>
            </TextLine>
            <TextLine id="r2l21" custom="readingOrder {index:19;}">
                <Coords points="971,1559 988,1567 1037,1563 1044,1571 1055,1564 1085,1577 1100,1570 1123,1579 1138,1572 1152,1581 1170,1579 1172,1549 1148,1538 1130,1546 1093,1535 1078,1542 1060,1537 1029,1543 1009,1527 983,1539 973,1535"/>
                <Baseline points="978,1559 1004,1560 1031,1561 1057,1563 1084,1563 1110,1566 1137,1568 1164,1571"/>
                <TextEquiv>
                    <Unicode>marter</Unicode>
                </TextEquiv>
            </TextLine>
            <TextLine id="r2l22" custom="readingOrder {index:20;}">
                <Coords points="452,1595 815,1579 1135,1618 1199,1591 1355,1634 1357,1568 989,1567 941,1533 887,1564 826,1532 453,1547"/>
                <Baseline points="459,1583 503,1581 548,1580 592,1580 637,1578 681,1578 726,1580 770,1580 815,1581 859,1583 904,1584 949,1585 993,1587 1038,1589 1082,1591 1127,1593 1171,1595 1216,1597 1260,1599 1305,1601 1350,1602"/>
                <TextEquiv>
                    <Unicode>beiderseits mit anwenderter zur bekant¬</Unicode>
                </TextEquiv>
            </TextLine>
            <TextLine id="line_1675760990026_1157" custom="readingOrder {index:21;}">
                <Coords points="424,1615 534,1586 816,1581 1149,1585 1197,1591 1284,1609 1335,1624 1332,1659 1262,1667 499,1667 424,1663"/>
                <Baseline points="431,1635 466,1634 502,1632 537,1631 573,1630 608,1629 644,1628 679,1628 715,1628 750,1628 786,1628 822,1629 857,1629 893,1630 928,1631 964,1632 999,1634 1035,1636 1070,1637 1106,1640 1142,1643 1157,1641 1185,1642 1213,1643 1241,1645 1269,1648 1297,1651 1326,1655"/>
                <TextEquiv>
                    <Unicode>nuss der warheit zebringen. uff welchen</Unicode>
                </TextEquiv>
            </TextLine>
            <TextLine id="r2l25" custom="readingOrder {index:22;} person {offset:28; length:10; continued:true;}">
                <Coords points="438,1711 492,1721 555,1683 831,1713 1131,1689 1175,1733 1283,1708 1356,1733 1358,1679 1124,1648 987,1673 828,1625 439,1663"/>
                <Baseline points="446,1688 491,1685 536,1683 581,1682 626,1681 672,1680 717,1680 762,1680 807,1680 852,1682 898,1683 943,1683 988,1686 1033,1687 1078,1689 1124,1692 1169,1695 1214,1698 1259,1701 1304,1705 1350,1709"/>
                <TextEquiv>
                    <Unicode>empfangnen beuelch besagter Melcher an</Unicode>
                </TextEquiv>
            </TextLine>
            <TextLine id="r2l26" custom="readingOrder {index:23;} person {offset:0; length:7; continued:true;}">
                <Coords points="443,1761 507,1739 554,1781 654,1748 749,1771 778,1744 1351,1765 1351,1733 1285,1708 1210,1728 1136,1688 980,1729 890,1694 693,1725 443,1709"/>
                <Baseline points="450,1743 494,1742 539,1742 584,1740 628,1740 673,1740 718,1739 762,1739 807,1739 852,1740 897,1740 941,1740 986,1741 1031,1742 1075,1743 1120,1743 1165,1745 1209,1746 1254,1748 1299,1749 1344,1751"/>
                <TextEquiv>
                    <Unicode>der Egg zum ersten mahl lähr und zum an¬</Unicode>
                </TextEquiv>
            </TextLine>
            <TextLine id="r2l27" custom="readingOrder {index:24;}">
                <Coords points="427,1814 798,1793 903,1829 950,1797 1172,1837 1348,1809 1348,1764 1306,1748 1217,1775 1062,1745 967,1776 790,1744 710,1776 655,1748 622,1776 427,1764"/>
                <Baseline points="434,1800 479,1798 524,1796 570,1793 615,1793 660,1791 706,1791 751,1791 796,1793 842,1793 887,1794 932,1796 978,1796 1023,1797 1068,1799 1114,1799 1159,1799 1204,1799 1250,1799 1295,1797 1341,1796"/>
                <TextEquiv>
                    <Unicode>deren mahl mit angehencktem 25 pfündigen</Unicode>
                </TextEquiv>
            </TextLine>
            <TextLine id="r2l28" custom="readingOrder {index:25;}">
                <Coords points="434,1868 623,1881 744,1844 1289,1884 1365,1876 1366,1819 1283,1805 1179,1842 1139,1808 952,1799 903,1828 718,1800 625,1824 579,1792 547,1821 434,1815"/>
                <Baseline points="441,1853 486,1851 532,1850 578,1850 624,1848 670,1848 716,1850 762,1850 808,1850 854,1851 900,1851 945,1853 991,1854 1037,1854 1083,1856 1129,1856 1175,1857 1221,1857 1267,1857 1313,1857 1359,1857"/>
                <TextEquiv>
                    <Unicode>stein uffgezogen worden, hat er bekent, das ja</Unicode>
                </TextEquiv>
            </TextLine>
            <TextLine id="r2l29" custom="readingOrder {index:26;}">
                <Coords points="437,1912 608,1906 657,1941 838,1912 1362,1924 1362,1879 1269,1866 1227,1894 1132,1860 932,1858 888,1891 749,1850 645,1890 438,1877"/>
                <Baseline points="444,1901 489,1902 535,1902 580,1902 626,1904 672,1904 717,1904 763,1904 808,1904 854,1905 900,1905 945,1905 991,1905 1036,1907 1082,1908 1128,1908 1173,1910 1219,1911 1264,1914 1310,1916 1356,1917"/>
                <TextEquiv>
                    <Unicode>er leider dise syne basen wöllen ussem landt</Unicode>
                </TextEquiv>
            </TextLine>
            <TextLine id="r2l30" custom="readingOrder {index:27;} place {offset:5; length:8;} place {offset:19; length:17;}">
                <Coords points="437,1988 537,1955 658,1992 898,1961 1111,1993 1341,1978 1341,1931 1243,1912 1160,1907 1122,1940 838,1912 729,1941 565,1903 437,1912"/>
                <Baseline points="444,1958 488,1958 533,1958 577,1959 622,1959 666,1958 711,1958 755,1958 800,1958 844,1957 889,1956 934,1956 978,1956 1023,1956 1067,1956 1112,1956 1156,1958 1201,1958 1245,1959 1290,1961 1335,1964"/>
                <TextEquiv>
                    <Unicode>gahn Lungeren inss Underwalden Landt ver¬</Unicode>
                </TextEquiv>
            </TextLine>
            <TextLine id="r2l31" custom="readingOrder {index:28;}">
                <Coords points="416,2042 502,2010 645,2041 696,2015 763,2041 937,2013 1198,2049 1315,2033 1315,1979 1281,1999 1222,1968 1125,1997 900,1960 823,1994 526,1960 417,1988"/>
                <Baseline points="423,2012 467,2010 511,2009 555,2009 600,2007 644,2007 688,2007 732,2009 777,2009 821,2009 865,2010 909,2011 954,2012 998,2013 1042,2013 1086,2015 1131,2015 1175,2016 1219,2016 1263,2016 1308,2016"/>
                <TextEquiv>
                    <Unicode>schaffen, sya auch geheissen underem schynn</Unicode>
                </TextEquiv>
            </TextLine>
            <TextLine id="r2l32" custom="readingOrder {index:29;} DIWO {offset:7; length:9;}">
                <Coords points="417,2071 711,2093 776,2056 1116,2063 1328,2098 1348,2031 1199,2049 936,2013 646,2041 502,2010 417,2041"/>
                <Baseline points="423,2055 468,2057 514,2058 560,2060 606,2061 652,2061 698,2062 744,2063 790,2063 836,2063 882,2063 927,2063 973,2064 1019,2064 1065,2064 1111,2064 1157,2065 1203,2066 1249,2067 1295,2067 1341,2069"/>
                <TextEquiv>
                    <Unicode>wasser zereichen, wie ire vorgeschribe ver¬</Unicode>
                </TextEquiv>
            </TextLine>
            <TextLine id="r2l33" custom="readingOrder {index:30;}">
                <Coords points="402,2125 467,2143 567,2108 677,2138 706,2114 836,2149 938,2111 1041,2138 1299,2115 1299,2089 1220,2069 1127,2092 981,2060 779,2056 664,2093 402,2072"/>
                <Baseline points="408,2105 452,2107 496,2109 540,2111 584,2112 629,2112 673,2112 717,2112 761,2112 805,2112 850,2112 894,2112 938,2111 982,2111 1026,2111 1071,2111 1115,2111 1159,2111 1203,2112 1247,2114 1292,2115"/>
                <TextEquiv>
                    <Unicode>gicht usswysst, sich selbsten inss wasser</Unicode>
                </TextEquiv>
            </TextLine>
            <TextLine id="r2l34" custom="readingOrder {index:31;}">
                <Coords points="422,2189 536,2164 807,2190 1009,2170 1071,2197 1125,2162 1248,2193 1359,2173 1345,2110 1110,2116 1064,2146 872,2122 798,2152 587,2150 515,2108 468,2143 422,2127"/>
                <Baseline points="428,2160 474,2162 520,2163 566,2165 612,2165 659,2166 705,2166 751,2166 797,2166 843,2166 890,2165 936,2165 982,2164 1028,2163 1074,2162 1121,2160 1167,2160 1213,2159 1259,2157 1305,2156 1352,2154"/>
                <TextEquiv>
                    <Unicode>zestürtzen und zuerträncken. vermeldet</Unicode>
                </TextEquiv>
            </TextLine>
            <TextLine id="r2l35" custom="readingOrder {index:32;}">
                <Coords points="413,2219 671,2248 731,2217 957,2240 1037,2217 1107,2247 1214,2218 1278,2248 1334,2220 1334,2169 1228,2193 1132,2163 1066,2201 1007,2168 891,2194 858,2169 734,2193 535,2165 413,2194"/>
                <Baseline points="420,2211 465,2213 510,2213 556,2213 601,2214 647,2214 692,2214 737,2214 783,2214 828,2216 874,2216 919,2216 964,2214 1010,2214 1055,2214 1101,2213 1146,2213 1191,2211 1237,2211 1282,2209 1328,2207"/>
                <TextEquiv>
                    <Unicode>auch dass er woll erkennen könne, dass er offt</Unicode>
                </TextEquiv>
            </TextLine>
            <TextLine id="r2l36" custom="readingOrder {index:33;} person {offset:24; length:4;}">
                <Coords points="415,2268 610,2305 665,2269 774,2293 867,2263 1167,2293 1350,2275 1328,2220 1278,2248 1194,2223 1081,2247 1038,2218 732,2217 670,2250 592,2220 415,2226"/>
                <Baseline points="422,2261 468,2262 514,2264 560,2265 606,2267 652,2268 698,2268 744,2269 790,2270 836,2270 883,2270 929,2270 975,2270 1021,2268 1067,2268 1113,2267 1159,2266 1205,2265 1251,2264 1297,2261 1344,2259"/>
                <TextEquiv>
                    <Unicode>dass liebe gebäth gegen Gott underlassen unndt</Unicode>
                </TextEquiv>
            </TextLine>
            <TextLine id="r2l37" custom="readingOrder {index:34;}">
                <Coords points="411,2344 441,2320 480,2343 748,2319 780,2345 835,2318 1326,2322 1326,2278 1292,2271 1173,2297 1141,2270 956,2268 758,2304 665,2269 609,2305 411,2266"/>
                <Baseline points="417,2312 462,2313 507,2315 552,2315 597,2316 642,2316 687,2318 733,2318 778,2318 823,2318 868,2319 913,2318 958,2318 1003,2318 1049,2316 1094,2316 1139,2315 1184,2313 1229,2312 1274,2309 1320,2307"/>
                <TextEquiv>
                    <Unicode>hingegen mit gepflägtem woll ässen undt</Unicode>
                </TextEquiv>
            </TextLine>
            <TextLine id="r2l38" custom="readingOrder {index:35;}">
                <Coords points="419,2377 1324,2383 1338,2330 418,2335"/>
                <Baseline points="425,2363 470,2364 515,2366 560,2366 606,2367 651,2368 696,2369 742,2370 787,2370 832,2370 878,2370 923,2370 968,2370 1013,2370 1059,2369 1104,2367 1149,2367 1195,2364 1240,2362 1285,2359 1331,2357"/>
                <TextEquiv>
                    <Unicode>trincken in sollche fleischliche böse begirden</Unicode>
                </TextEquiv>
            </TextLine>
            <TextLine id="r2l39" custom="readingOrder {index:36;}">
                <Coords points="416,2440 631,2406 665,2434 920,2418 1000,2451 1032,2420 1276,2424 1308,2411 1308,2365 1180,2395 691,2365 416,2386"/>
                <Baseline points="422,2411 468,2409 514,2409 560,2409 607,2411 653,2411 699,2412 745,2413 792,2414 838,2415 884,2415 930,2417 977,2417 1023,2417 1069,2415 1115,2414 1162,2412 1208,2410 1254,2406 1301,2402"/>
                <TextEquiv>
                    <Unicode>gerathen und also neben imme auch dise</Unicode>
                </TextEquiv>
            </TextLine>
            <TextLine id="r2l40" custom="readingOrder {index:37;}">
                <Coords points="407,2487 470,2462 635,2492 839,2457 1043,2486 1131,2455 1214,2488 1302,2437 1178,2409 1081,2437 1032,2419 1002,2448 872,2417 784,2443 624,2408 407,2441"/>
                <Baseline points="414,2459 458,2460 502,2462 546,2463 590,2463 634,2463 678,2463 722,2463 766,2463 810,2463 855,2463 899,2462 943,2462 987,2460 1031,2460 1075,2459 1119,2459 1163,2459 1207,2457 1251,2457 1296,2457"/>
                <TextEquiv>
                    <Unicode>seine basen in irer jugendt zue sollcher</Unicode>
                </TextEquiv>
            </TextLine>
            <TextLine id="r2l41" custom="readingOrder {index:38;}">
                <Coords points="393,2521 571,2547 642,2508 747,2534 884,2508 932,2537 1013,2501 1112,2533 1318,2516 1317,2459 1287,2452 850,2494 784,2460 634,2493 392,2464"/>
                <Baseline points="399,2507 444,2507 490,2508 535,2508 581,2508 627,2508 672,2508 718,2508 763,2507 809,2507 855,2507 900,2505 946,2505 991,2504 1037,2503 1083,2502 1128,2501 1174,2501 1219,2500 1265,2499 1311,2499"/>
                <TextEquiv>
                    <Unicode>unzucht gereitzt unnd missbraucht, er seye</Unicode>
                </TextEquiv>
            </TextLine>
            <TextLine id="r2l42" custom="readingOrder {index:39;}">
                <Coords points="399,2566 515,2594 554,2567 586,2595 807,2558 942,2593 1303,2548 1274,2508 1112,2532 1013,2501 932,2537 790,2511 743,2537 642,2507 575,2547 398,2520"/>
                <Baseline points="405,2562 449,2562 494,2561 538,2561 583,2561 627,2561 672,2561 716,2561 761,2559 805,2559 850,2559 895,2558 939,2558 984,2556 1028,2555 1073,2553 1117,2553 1162,2550 1206,2549 1251,2547 1296,2544"/>
                <TextEquiv>
                    <Unicode>auch ires fahls unndt unglücks die ursach</Unicode>
                </TextEquiv>
            </TextLine>
            <TextLine id="r2l43" custom="readingOrder {index:40;}">
                <Coords points="398,2635 517,2604 571,2640 728,2643 823,2608 868,2639 897,2616 1089,2641 1138,2607 1342,2612 1341,2534 941,2592 817,2561 669,2593 397,2572"/>
                <Baseline points="404,2609 450,2609 497,2609 543,2609 590,2610 636,2610 683,2610 729,2610 776,2610 822,2610 869,2610 916,2610 962,2610 1009,2609 1055,2608 1102,2606 1148,2603 1195,2601 1241,2597 1288,2594 1335,2589"/>
                <TextEquiv>
                    <Unicode>bätte derowegen ein gnädige hoche oberkeit,</Unicode>
                </TextEquiv>
            </TextLine>
            <TextLine id="r2l44" custom="readingOrder {index:41;}">
                <Coords points="397,2672 618,2665 740,2698 924,2660 1256,2675 1298,2670 1298,2615 397,2634"/>
                <Baseline points="404,2655 448,2657 492,2657 537,2658 581,2660 626,2660 670,2660 714,2660 759,2660 803,2660 848,2660 892,2660 936,2658 981,2658 1025,2657 1070,2657 1114,2655 1158,2655 1203,2654 1247,2652 1292,2651"/>
                <TextEquiv>
                    <Unicode>man ira wegen iren jung unerzognen</Unicode>
                </TextEquiv>
            </TextLine>
            <TextLine id="r2l45" custom="readingOrder {index:42;}">
                <Coords points="386,2719 612,2749 844,2716 929,2744 970,2714 1166,2702 1276,2734 1275,2666 1167,2653 1076,2681 1031,2657 804,2668 740,2698 616,2664 385,2681"/>
                <Baseline points="392,2711 435,2711 479,2711 523,2711 567,2711 611,2711 654,2711 698,2711 742,2711 786,2709 830,2709 873,2708 917,2708 961,2706 1005,2706 1049,2705 1092,2703 1136,2702 1180,2700 1224,2699 1268,2697"/>
                <TextEquiv>
                    <Unicode>kinderen inn gnaden verschonen wölle etc.</Unicode>
                </TextEquiv>
            </TextLine>
            <TextLine id="r2l46" custom="readingOrder {index:43;}">
                <Coords points="378,2779 561,2772 631,2801 805,2761 997,2784 1308,2759 1307,2720 1185,2703 983,2712 932,2750 834,2720 605,2754 568,2727 509,2752 377,2728"/>
                <Baseline points="384,2769 429,2769 475,2769 521,2768 567,2768 613,2768 659,2768 704,2768 750,2767 796,2766 842,2766 888,2765 934,2765 980,2763 1025,2762 1071,2761 1117,2760 1163,2757 1209,2756 1255,2754 1301,2751"/>
                <TextEquiv>
                    <Unicode>Alss er auch an der marter befragt worden,</Unicode>
                </TextEquiv>
            </TextLine>
            <TextLine id="r2l47" custom="readingOrder {index:44;}">
                <Coords points="377,2825 509,2857 681,2816 893,2812 985,2843 1067,2804 1199,2833 1235,2805 1267,2830 1294,2748 1136,2780 714,2767 630,2801 560,2772 482,2799 376,2777"/>
                <Baseline points="384,2820 429,2819 474,2818 519,2817 565,2816 610,2816 655,2816 700,2815 746,2814 791,2814 836,2814 881,2813 927,2813 972,2813 1017,2811 1062,2810 1108,2810 1153,2808 1198,2807 1243,2805 1289,2804"/>
                <TextEquiv>
                    <Unicode>ob er sich nit auch mit anderen wybsper¬</Unicode>
                </TextEquiv>
            </TextLine>
            <TextLine id="r2l48" custom="readingOrder {index:45;}">
                <Coords points="387,2899 629,2864 758,2896 814,2866 979,2895 1023,2862 1076,2886 1199,2851 1263,2877 1317,2851 1316,2808 652,2851 385,2823"/>
                <Baseline points="393,2870 438,2868 484,2868 530,2867 576,2867 622,2865 668,2865 713,2864 759,2864 805,2864 851,2862 897,2861 943,2860 989,2859 1034,2857 1080,2855 1126,2853 1172,2850 1218,2848 1264,2844 1310,2840"/>
                <TextEquiv>
                    <Unicode>sohnen in unküeschheit vertrabt habe, sagte</Unicode>
                </TextEquiv>
            </TextLine>
            <TextLine id="r2l49" custom="readingOrder {index:46;}">
                <Coords points="384,2922 522,2919 566,2946 671,2911 802,2947 896,2913 944,2944 984,2912 1239,2907 1282,2873 1154,2854 963,2900 839,2871 787,2900 639,2864 383,2899"/>
                <Baseline points="390,2916 434,2915 478,2915 522,2915 567,2915 611,2915 655,2915 699,2915 744,2915 788,2915 832,2915 876,2914 921,2913 965,2912 1009,2912 1053,2909 1098,2907 1142,2905 1186,2902 1230,2897 1275,2892"/>
                <TextEquiv>
                    <Unicode>er nein unnd habe sich sonsten synn läbtag</Unicode>
                </TextEquiv>
            </TextLine>
            <TextLine id="r2l50" custom="readingOrder {index:47;}">
                <Coords points="386,2978 862,2997 940,2953 1209,2977 1321,2943 1320,2891 1117,2928 985,2909 947,2941 385,2922"/>
                <Baseline points="393,2960 439,2960 485,2958 531,2958 577,2958 623,2958 669,2960 715,2960 761,2960 807,2960 853,2960 899,2960 945,2958 991,2957 1037,2955 1083,2953 1129,2950 1175,2947 1221,2942 1267,2936 1314,2930"/>
                <TextEquiv>
                    <Unicode>mit keiner anderen sollcher sünden theilhafft</Unicode>
                </TextEquiv>
            </TextLine>
            <TextLine id="r2l51" custom="readingOrder {index:48;}">
                <Coords points="992,2994 1054,3009 1092,3004 1130,3037 1159,3021 1199,3025 1222,3002 1269,3019 1308,3001 1306,2948 1292,2956 1268,2948 1245,2971 1221,2965 1208,2978 1181,2959 1157,2973 1099,2968 1043,2983 991,2964"/>
                <Baseline points="998,2994 1023,2997 1048,2999 1073,3000 1099,3002 1124,3002 1149,3002 1174,3000 1200,2999 1225,2996 1250,2992 1275,2989 1301,2984"/>
                <TextEquiv>
                    <Unicode>gemacht.</Unicode>
                </TextEquiv>
            </TextLine>
            <TextEquiv>
                <Unicode>Über vorbeschribne relationen beider verhaffter&#13;
persohnen gethanen bekantnussen undt vergicht,&#13;
so durch mhhren. examinatoren ür. gn. abgelegt&#13;
worden, habend ür. gn. in gewüssen puncten&#13;
noch etwelche unglychheiten irer bekantnuss&#13;
vernommen, da dann deroselb gnädig belieben&#13;
wöllen mhhren. examinatoren wyters in be¬&#13;
uelch uffzetragen, beide persohnen solcher un¬&#13;
glychheiten eigentlicher zuerforschen, sonder¬&#13;
lichen inne An der Egg, ob er syne in sollchen&#13;
sünden missbrauchte basen habe ussem landt&#13;
verschicken wöllen, auch sya angemant, dass&#13;
sy underem schynn wasserreichens sich er¬&#13;
träncken sölle unnd dan auch wegen dess&#13;
troben zue Hassli entwenten reissgellts&#13;
halben. unnd dan auch sy Elssbeth ab&#13;
Egglen noch mehrers zebefragen, ob dass kindt&#13;
läbendig oder todt worden unnd sy desselben&#13;
todts nit eine ursach seye unnd sy hiemit&#13;
marter&#13;
beiderseits mit anwenderter zur bekant¬&#13;
nuss der warheit zebringen. uff welchen&#13;
empfangnen beuelch besagter Melcher an&#13;
der Egg zum ersten mahl lähr und zum an¬&#13;
deren mahl mit angehencktem 25 pfündigen&#13;
stein uffgezogen worden, hat er bekent, das ja&#13;
er leider dise syne basen wöllen ussem landt&#13;
gahn Lungeren inss Underwalden Landt ver¬&#13;
schaffen, sya auch geheissen underem schynn&#13;
wasser zereichen, wie ire vorgeschribe ver¬&#13;
gicht usswysst, sich selbsten inss wasser&#13;
zestürtzen und zuerträncken. vermeldet&#13;
auch dass er woll erkennen könne, dass er offt&#13;
dass liebe gebäth gegen Gott underlassen unndt&#13;
hingegen mit gepflägtem woll ässen undt&#13;
trincken in sollche fleischliche böse begirden&#13;
gerathen und also neben imme auch dise&#13;
seine basen in irer jugendt zue sollcher&#13;
unzucht gereitzt unnd missbraucht, er seye&#13;
auch ires fahls unndt unglücks die ursach&#13;
bätte derowegen ein gnädige hoche oberkeit,&#13;
man ira wegen iren jung unerzognen&#13;
kinderen inn gnaden verschonen wölle etc.&#13;
Alss er auch an der marter befragt worden,&#13;
ob er sich nit auch mit anderen wybsper¬&#13;
sohnen in unküeschheit vertrabt habe, sagte&#13;
er nein unnd habe sich sonsten synn läbtag&#13;
mit keiner anderen sollcher sünden theilhafft&#13;
gemacht.</Unicode>
            </TextEquiv>
        </TextRegion>
        <TextRegion orientation="0.0" type="paragraph" id="TextRegion_1684178203526_5157" custom="readingOrder {index:1;} structure {type:paragraph;}">
            <Coords points="1473,515 2606,442 2500,3204 1338,3198 1429,1318"/>
            <TextLine id="r4l2" custom="readingOrder {index:0;}">
                <Coords points="1541,606 1899,555 2509,551 2505,473 2470,466 2395,511 2140,480 2024,525 1954,502 1882,533 1779,509 1538,536"/>
                <Baseline points="1547,587 1594,580 1642,575 1690,570 1737,566 1785,562 1833,558 1880,555 1928,553 1976,551 2024,548 2071,546 2119,544 2167,542 2214,540 2262,539 2310,537 2357,534 2405,532 2453,530 2501,527"/>
                <TextEquiv>
                    <Unicode>Unnd alss auch er dess reissgelts halben gantz</Unicode>
                </TextEquiv>
            </TextLine>
            <TextLine id="r4l3" custom="readingOrder {index:1;}">
                <Coords points="1545,649 1868,643 2036,601 2223,629 2277,586 2579,601 2596,530 2477,562 2425,537 2343,564 2137,542 2028,580 1802,563 1542,607"/>
                <Baseline points="1550,633 1602,630 1654,627 1706,623 1758,619 1810,615 1862,611 1914,608 1966,604 2018,601 2071,597 2123,594 2175,591 2227,588 2279,586 2331,584 2383,582 2435,580 2487,579 2539,579 2592,579"/>
                <TextEquiv>
                    <Unicode>ernsthafft befragt, ob er nit desshalb wüssenschafft</Unicode>
                </TextEquiv>
            </TextLine>
            <TextLine id="r4l4" custom="readingOrder {index:2;}">
                <Coords points="1543,719 1866,675 2043,692 2123,648 2587,639 2584,601 2531,588 2262,589 2222,630 2074,601 1901,646 1539,660"/>
                <Baseline points="1547,690 1598,688 1650,684 1701,681 1753,676 1805,672 1856,668 1908,665 1959,661 2011,657 2063,652 2114,650 2166,645 2217,642 2269,639 2321,636 2372,634 2424,632 2475,630 2527,629 2579,629"/>
                <TextEquiv>
                    <Unicode>habe, wie ess hergangen oder auch selbsten intressirt</Unicode>
                </TextEquiv>
            </TextLine>
            <TextLine id="r4l5" custom="readingOrder {index:3;}">
                <Coords points="1558,756 1837,759 1942,715 2240,723 2298,692 2366,719 2576,674 2574,639 1554,709"/>
                <Baseline points="1563,741 1613,738 1663,735 1714,731 1764,728 1814,724 1865,720 1915,717 1965,713 2016,708 2066,704 2116,701 2167,696 2217,692 2267,688 2318,685 2368,682 2418,678 2469,674 2519,671 2570,668"/>
                <TextEquiv>
                    <Unicode>seye? hat er hoch bedüret, dass imme desshalb</Unicode>
                </TextEquiv>
            </TextLine>
            <TextLine id="r4l6" custom="readingOrder {index:4;} DIWO {offset:15; length:6;}">
                <Coords points="1539,814 2571,739 2484,675 2382,721 1942,715 1845,762 1787,738 1537,782"/>
                <Baseline points="1544,797 1595,794 1646,790 1697,787 1748,783 1799,779 1850,776 1901,771 1952,768 2003,764 2054,760 2105,756 2156,752 2207,749 2258,746 2309,743 2360,739 2411,737 2462,734 2513,732 2564,731"/>
                <TextEquiv>
                    <Unicode>bim geringsten nützit bekant, er also gantz un¬</Unicode>
                </TextEquiv>
            </TextLine>
            <TextLine id="r4l7" custom="readingOrder {index:5;}">
                <Coords points="1520,897 1839,830 2569,798 2566,760 2348,736 2310,772 2246,744 1514,820"/>
                <Baseline points="1523,860 1574,853 1626,848 1678,843 1730,838 1782,833 1834,828 1886,823 1938,819 1990,815 2042,811 2093,808 2145,804 2197,801 2249,798 2301,795 2353,792 2405,790 2457,788 2509,785 2561,783"/>
                <TextEquiv>
                    <Unicode>schulldig seye unnd imme vonn synen widerwer¬</Unicode>
                </TextEquiv>
            </TextLine>
            <TextLine id="r4l8" custom="readingOrder {index:6;}">
                <Coords points="1527,930 1751,887 2000,894 2064,856 2161,894 2309,855 2576,863 2571,794 2439,790 1954,845 1814,826 1525,896"/>
                <Baseline points="1532,914 1583,907 1635,901 1687,895 1739,889 1790,884 1842,879 1894,875 1946,870 1997,866 2049,863 2101,859 2153,857 2204,853 2256,851 2308,848 2360,845 2411,842 2463,839 2515,836 2567,833"/>
                <TextEquiv>
                    <Unicode>tigen und finden diser unguetlichen anklaag unrecht</Unicode>
                </TextEquiv>
            </TextLine>
            <TextLine id="r4l9" custom="readingOrder {index:7;}">
                <Coords points="1533,997 1998,929 2078,963 2202,907 2374,941 2450,899 2531,916 2565,901 2560,830 2391,885 2322,859 2160,894 2064,856 1976,903 1898,879 1765,920 1714,893 1530,942"/>
                <Baseline points="1538,963 1589,956 1640,951 1691,947 1742,942 1793,938 1844,933 1895,929 1946,926 1997,923 2048,919 2099,915 2150,914 2201,911 2252,908 2303,905 2354,902 2405,900 2456,897 2507,896 2558,893"/>
                <TextEquiv>
                    <Unicode>geschäche, welliches er auch, alss er zum dritten</Unicode>
                </TextEquiv>
            </TextLine>
            <TextLine id="r4l10" custom="readingOrder {index:8;}">
                <Coords points="1546,1029 2559,956 2473,897 2389,945 2309,898 2152,914 2094,954 2024,918 1954,966 1764,947 1544,997"/>
                <Baseline points="1551,1014 1601,1008 1651,1005 1701,1001 1751,997 1801,993 1851,989 1901,986 1951,983 2001,980 2051,977 2101,973 2151,970 2201,968 2251,965 2301,963 2351,959 2401,957 2451,954 2501,951 2552,950"/>
                <TextEquiv>
                    <Unicode>mahl mit angehencktem 50 pfundigen stein uffge¬</Unicode>
                </TextEquiv>
            </TextLine>
            <TextLine id="r4l11" custom="readingOrder {index:9;}">
                <Coords points="1537,1088 2001,1029 2131,1052 2239,1007 2354,1038 2542,1019 2539,973 2119,972 2079,1005 2009,980 1533,1030"/>
                <Baseline points="1542,1068 1591,1063 1641,1058 1690,1053 1740,1049 1790,1045 1839,1040 1889,1037 1938,1032 1988,1030 2038,1026 2087,1023 2137,1021 2186,1018 2236,1014 2286,1012 2335,1010 2385,1008 2434,1005 2484,1004 2534,1002"/>
                <TextEquiv>
                    <Unicode>zogen worden, ann der marter erhalten unndt</Unicode>
                </TextEquiv>
            </TextLine>
            <TextLine id="r4l12" custom="readingOrder {index:10;}">
                <Coords points="1526,1146 1969,1092 2031,1119 2069,1081 2532,1075 2534,1035 2445,1009 2182,1054 1836,1043 1774,1081 1665,1063 1523,1101"/>
                <Baseline points="1530,1116 1579,1114 1629,1110 1679,1108 1729,1105 1779,1102 1829,1098 1879,1094 1929,1091 1979,1086 2029,1083 2078,1079 2128,1077 2178,1073 2228,1070 2278,1067 2328,1065 2378,1062 2428,1060 2478,1058 2528,1056"/>
                <TextEquiv>
                    <Unicode>hiemit diss unnd vorige seine bekantnuss</Unicode>
                </TextEquiv>
            </TextLine>
            <TextLine id="r4l13" custom="readingOrder {index:11;}">
                <Coords points="1537,1171 1886,1183 2218,1128 2350,1150 2533,1116 2530,1065 1535,1138"/>
                <Baseline points="1544,1163 1593,1161 1642,1159 1691,1157 1740,1154 1789,1152 1838,1149 1887,1146 1936,1143 1985,1139 2035,1136 2084,1132 2133,1128 2182,1125 2231,1122 2280,1119 2329,1116 2378,1113 2427,1112 2476,1109 2526,1107"/>
                <TextEquiv>
                    <Unicode>by deren er ess gentzlichen bewänden lasse be-</Unicode>
                </TextEquiv>
            </TextLine>
            <TextLine id="r4l14" custom="readingOrder {index:12;}">
                <Coords points="1530,1253 1553,1253 1566,1245 1632,1247 1665,1219 1700,1218 1695,1162 1582,1167 1567,1186 1525,1192"/>
                <Baseline points="1533,1218 1559,1216 1586,1214 1612,1212 1639,1210 1665,1208 1692,1206"/>
                <TextEquiv>
                    <Unicode>stätiget.</Unicode>
                </TextEquiv>
            </TextLine>
            <TextLine id="r4l26" custom="readingOrder {index:13;}">
                <Coords points="1526,2030 2493,2055 2524,2050 2525,1997 1890,1969 1835,2002 1527,1964"/>
                <Baseline points="1532,2021 1581,2021 1630,2021 1679,2022 1729,2022 1778,2024 1827,2024 1876,2025 1926,2026 1975,2027 2024,2028 2073,2030 2123,2030 2172,2031 2221,2033 2270,2034 2320,2036 2369,2037 2418,2039 2467,2039 2517,2040"/>
                <TextEquiv>
                    <Unicode>Disere ire begangne sünden seyendt ihnen beidersyts</Unicode>
                </TextEquiv>
            </TextLine>
            <TextLine id="r4l27" custom="readingOrder {index:14;} person {offset:35; length:17; continued:true;}">
                <Coords points="1520,2084 2023,2075 2102,2101 2276,2075 2497,2103 2518,2052 1521,2040"/>
                <Baseline points="1527,2066 1576,2067 1625,2068 1674,2069 1723,2070 1773,2070 1822,2070 1871,2072 1920,2072 1969,2073 2019,2073 2068,2073 2117,2075 2166,2075 2215,2076 2265,2076 2314,2078 2363,2079 2412,2079 2461,2081 2511,2082"/>
                <TextEquiv>
                    <Unicode>hertzlich leid, bättendt derowegen Gott den Allmech¬</Unicode>
                </TextEquiv>
            </TextLine>
            <TextLine id="r4l28" custom="readingOrder {index:15;} person {offset:0; length:6; continued:true;}">
                <Coords points="1507,2129 2509,2119 2485,2082 2274,2076 1507,2092"/>
                <Baseline points="1514,2111 1563,2111 1612,2111 1662,2112 1711,2112 1761,2112 1810,2112 1859,2113 1909,2114 1958,2114 2008,2114 2057,2114 2106,2115 2156,2115 2205,2115 2255,2116 2304,2117 2353,2117 2403,2118 2452,2118 2502,2120"/>
                <TextEquiv>
                    <Unicode>tigenn unnd ein gnädige hoche oberkeit umb gnad</Unicode>
                </TextEquiv>
            </TextLine>
            <TextLine id="line_1675761127854_1194" custom="readingOrder {index:16;}">
                <Coords points="1506,2124 1576,2118 1710,2115 2404,2122 2505,2141 2505,2187 2323,2202 2134,2201 1530,2181 1505,2167"/>
                <Baseline points="1512,2153 1537,2154 1562,2154 1588,2154 1613,2154 1638,2154 1664,2154 1689,2154 1715,2154 1740,2156 1765,2157 1791,2159 1816,2163 1842,2166 1865,2166 1896,2164 1928,2163 1959,2160 1991,2159 2023,2157 2054,2156 2086,2156 2118,2155 2149,2154 2181,2154 2213,2154 2244,2156 2276,2156 2308,2157 2339,2158 2371,2160 2403,2162 2434,2164 2466,2167 2498,2171"/>
                <TextEquiv>
                    <Unicode>unnd verzychung. actum den 1. martii 1675.</Unicode>
                </TextEquiv>
            </TextLine>
            <TextLine id="r4l31" custom="readingOrder {index:17;} date {offset:5; length:27;}">
                <Coords points="1489,2248 2472,2272 2485,2220 1967,2177 1490,2186"/>
                <Baseline points="1496,2226 1545,2229 1594,2231 1643,2234 1692,2235 1741,2237 1790,2238 1839,2240 1888,2240 1937,2241 1987,2243 2036,2243 2085,2244 2134,2244 2183,2246 2232,2247 2281,2249 2330,2250 2379,2252 2428,2255 2478,2256"/>
                <TextEquiv>
                    <Unicode>Alss frytags den 5. martii 1675. diser beiden ver¬</Unicode>
                </TextEquiv>
            </TextLine>
            <TextLine id="r4l32" custom="readingOrder {index:18;}">
                <Coords points="1497,2314 1858,2287 2229,2334 2326,2303 2362,2332 2482,2313 2483,2281 2245,2249 2198,2275 2124,2245 1993,2269 1499,2247"/>
                <Baseline points="1505,2279 1553,2279 1602,2280 1650,2280 1699,2282 1747,2283 1796,2285 1844,2286 1893,2288 1941,2289 1990,2291 2038,2292 2087,2294 2135,2296 2184,2297 2232,2299 2281,2300 2329,2302 2378,2304 2426,2306 2475,2307"/>
                <TextEquiv>
                    <Unicode>hafften persohnen unnd maleficanten pynnlich er¬</Unicode>
                </TextEquiv>
            </TextLine>
            <TextLine id="r4l33" custom="readingOrder {index:19;}">
                <Coords points="1482,2349 1872,2335 2107,2378 2174,2346 2446,2352 2461,2320 1484,2297"/>
                <Baseline points="1490,2325 1538,2325 1586,2325 1634,2327 1682,2327 1731,2328 1779,2330 1827,2333 1875,2334 1923,2336 1972,2338 2020,2340 2068,2342 2116,2344 2164,2346 2213,2347 2261,2348 2309,2349 2357,2349 2405,2349 2454,2348"/>
                <TextEquiv>
                    <Unicode>haltenn bekantnussen für mghren. wider bracht</Unicode>
                </TextEquiv>
            </TextLine>
            <TextLine id="r4l34" custom="readingOrder {index:20;}">
                <Coords points="1496,2392 2467,2409 2468,2355 2440,2350 2032,2371 1996,2342 1680,2328 1497,2353"/>
                <Baseline points="1503,2375 1550,2375 1598,2375 1646,2376 1694,2376 1742,2378 1790,2379 1837,2381 1885,2381 1933,2384 1981,2385 2029,2387 2077,2388 2125,2390 2172,2390 2220,2391 2268,2393 2316,2393 2364,2393 2412,2393 2460,2393"/>
                <TextEquiv>
                    <Unicode>worden, habend ir gn. darauf erkent, dass sy</Unicode>
                </TextEquiv>
            </TextLine>
            <TextLine id="r4l35" custom="readingOrder {index:21;} person {offset:0; length:17;} place {offset:29; length:6;}">
                <Coords points="1487,2450 1569,2424 1624,2453 2010,2434 2062,2463 2472,2436 2471,2405 2334,2419 2287,2386 2117,2417 1885,2383 1488,2396"/>
                <Baseline points="1494,2420 1542,2420 1591,2420 1639,2421 1688,2421 1736,2423 1785,2423 1833,2424 1882,2426 1930,2427 1979,2429 2028,2430 2076,2432 2125,2432 2173,2433 2222,2435 2270,2435 2319,2435 2367,2435 2416,2435 2465,2435"/>
                <TextEquiv>
                    <Unicode>Elssbeth ab Eglen droben zue Hassli vor der</Unicode>
                </TextEquiv>
            </TextLine>
            <TextLine id="r4l36" custom="readingOrder {index:22;} person {offset:33; length:15;}">
                <Coords points="1499,2489 2512,2488 2452,2435 1499,2450"/>
                <Baseline points="1506,2463 1558,2466 1611,2468 1663,2469 1716,2471 1768,2472 1821,2473 1874,2474 1926,2475 1979,2475 2031,2475 2084,2477 2136,2477 2189,2478 2242,2478 2294,2478 2347,2480 2399,2481 2452,2483 2505,2483"/>
                <TextEquiv>
                    <Unicode>gemeindt einen fussfahl thun und Gott den Herren</Unicode>
                </TextEquiv>
            </TextLine>
            <TextLine id="line_1675761116171_1190" custom="readingOrder {index:23;}">
                <Coords points="1493,2485 1772,2476 2179,2476 2508,2494 2507,2552 2489,2560 2170,2559 2012,2555 1492,2531"/>
                <Baseline points="1499,2513 1538,2513 1577,2514 1616,2516 1655,2516 1695,2517 1734,2519 1773,2519 1812,2520 1851,2521 1891,2522 1930,2522 1969,2523 2008,2523 2047,2523 2087,2525 2126,2525 2165,2525 2204,2526 2243,2526 2283,2526 2300,2532 2325,2528 2350,2526 2375,2525 2400,2525 2425,2525 2450,2526 2475,2529 2501,2532"/>
                <TextEquiv>
                    <Unicode>umb gnad unnd verzychung bätten sölle. demnach</Unicode>
                </TextEquiv>
            </TextLine>
            <TextLine id="r4l39" custom="readingOrder {index:24;}">
                <Coords points="1519,2565 1891,2594 2073,2569 2102,2599 2470,2574 2470,2545 2398,2528 2165,2556 2130,2528 1892,2550 1519,2519"/>
                <Baseline points="1526,2559 1572,2559 1619,2559 1666,2561 1713,2561 1760,2562 1807,2562 1853,2564 1900,2565 1947,2565 1994,2566 2041,2567 2088,2568 2135,2568 2181,2570 2228,2570 2275,2570 2322,2570 2369,2571 2416,2571 2463,2570"/>
                <TextEquiv>
                    <Unicode>sölle sy durch das dorff oder fläcken mit der</Unicode>
                </TextEquiv>
            </TextLine>
            <TextLine id="r4l40" custom="readingOrder {index:25;}">
                <Coords points="1502,2620 2502,2640 2487,2574 2102,2599 2072,2570 2022,2597 1931,2569 1759,2592 1673,2558 1503,2576"/>
                <Baseline points="1509,2600 1558,2601 1607,2603 1657,2604 1706,2606 1755,2607 1805,2609 1854,2610 1903,2611 1953,2612 2002,2612 2051,2613 2101,2613 2150,2615 2199,2615 2249,2615 2298,2615 2347,2616 2397,2616 2446,2616 2496,2616"/>
                <TextEquiv>
                    <Unicode>ruthen ussgeschmeitzt werden unnd söllche verpä¬</Unicode>
                </TextEquiv>
            </TextLine>
            <TextLine id="r4l41" custom="readingOrder {index:26;}">
                <Coords points="1499,2645 1698,2684 1784,2645 1866,2690 1959,2652 2163,2694 2236,2659 2461,2668 2462,2619 2412,2614 2305,2643 2266,2612 1500,2619"/>
                <Baseline points="1506,2645 1553,2646 1600,2646 1648,2648 1695,2648 1743,2649 1790,2651 1837,2651 1885,2652 1932,2654 1980,2655 2027,2655 2074,2657 2122,2658 2169,2658 2217,2660 2264,2660 2311,2660 2359,2660 2406,2660 2454,2660"/>
                <TextEquiv>
                    <Unicode>nigung in ir hauss haben unndt sich an kein</Unicode>
                </TextEquiv>
            </TextLine>
            <TextLine id="r4l42" custom="readingOrder {index:27;}">
                <Coords points="1504,2704 1725,2723 1787,2698 1847,2729 2006,2705 2195,2741 2280,2713 2463,2744 2464,2674 2237,2658 2164,2695 2012,2650 1867,2693 1784,2647 1698,2684 1505,2647"/>
                <Baseline points="1511,2697 1558,2697 1605,2697 1652,2697 1700,2699 1747,2699 1794,2700 1842,2702 1889,2703 1936,2705 1984,2705 2031,2706 2078,2708 2125,2708 2173,2709 2220,2709 2267,2709 2315,2709 2362,2708 2409,2707 2457,2705"/>
                <TextEquiv>
                    <Unicode>ander orth dann in die kirchen zue besuchung</Unicode>
                </TextEquiv>
            </TextLine>
            <TextLine id="r4l43" custom="readingOrder {index:28;} person {offset:0; length:6;}">
                <Coords points="1500,2748 2460,2776 2460,2738 2336,2717 2183,2740 2020,2706 1501,2706"/>
                <Baseline points="1506,2741 1553,2739 1600,2739 1648,2739 1695,2739 1743,2741 1790,2742 1837,2743 1885,2745 1932,2747 1980,2748 2027,2750 2074,2751 2122,2753 2169,2754 2217,2754 2264,2756 2311,2756 2359,2756 2406,2754 2454,2753"/>
                <TextEquiv>
                    <Unicode>Gottes wort unnd widerum heimb inss hauss</Unicode>
                </TextEquiv>
            </TextLine>
            <TextLine id="r4l44" custom="readingOrder {index:29;}">
                <Coords points="1501,2795 1520,2797 1555,2821 1604,2795 1625,2806 1641,2799 1716,2796 1717,2753 1663,2761 1651,2750 1597,2748 1561,2762 1551,2752 1503,2749"/>
                <Baseline points="1508,2784 1533,2783 1558,2783 1583,2784 1609,2785 1634,2786 1659,2787 1684,2787 1710,2786"/>
                <TextEquiv>
                    <Unicode>begeben etc.</Unicode>
                </TextEquiv>
            </TextLine>
            <TextLine id="r4l45" custom="readingOrder {index:30;} person {offset:3; length:17;} place {offset:42; length:6;}">
                <Coords points="1490,2860 1558,2835 2423,2883 2485,2869 2487,2800 2278,2823 1764,2781 1552,2821 1492,2790"/>
                <Baseline points="1497,2832 1546,2835 1595,2837 1644,2840 1693,2842 1742,2844 1791,2846 1840,2847 1889,2849 1938,2850 1987,2852 2036,2853 2085,2855 2134,2855 2183,2856 2232,2858 2281,2858 2330,2859 2379,2859 2428,2860 2478,2861"/>
                <TextEquiv>
                    <Unicode>Er Meller an der Egg aber soll droben zue Hassle</Unicode>
                </TextEquiv>
            </TextLine>
            <TextLine id="r4l46" custom="readingOrder {index:31;}">
                <Coords points="1490,2887 1703,2894 1740,2921 1853,2890 1931,2930 2019,2897 2190,2922 2407,2903 2407,2877 2337,2861 2211,2881 2079,2850 1915,2879 1558,2836 1490,2860"/>
                <Baseline points="1496,2883 1541,2883 1586,2885 1631,2885 1676,2886 1722,2888 1767,2889 1812,2890 1857,2891 1902,2892 1948,2894 1993,2895 2038,2897 2083,2898 2128,2898 2174,2899 2219,2900 2264,2900 2309,2899 2354,2898 2400,2897"/>
                <TextEquiv>
                    <Unicode>wegen syner gross begangnen sünden mit dem</Unicode>
                </TextEquiv>
            </TextLine>
            <TextLine id="r4l47" custom="readingOrder {index:32;}">
                <Coords points="1508,2940 2121,2983 2198,2954 2449,2963 2449,2917 2401,2904 2140,2925 2020,2896 1930,2929 1853,2891 1734,2921 1703,2894 1509,2893"/>
                <Baseline points="1515,2928 1561,2931 1607,2933 1654,2934 1700,2936 1746,2937 1793,2939 1839,2940 1885,2942 1932,2942 1978,2943 2024,2943 2071,2945 2117,2945 2163,2945 2210,2945 2256,2945 2302,2945 2349,2943 2395,2943 2442,2942"/>
                <TextEquiv>
                    <Unicode>schwaert vom läben zum todt hingericht werden.</Unicode>
                </TextEquiv>
            </TextLine>
            <TextLine id="r4l48" custom="readingOrder {index:33;}">
                <Coords points="1499,2991 1535,2981 1578,3018 1609,3000 1629,3013 1667,3002 1704,3012 1736,2986 1764,3010 1776,3000 1817,3006 1837,2998 1839,2950 1792,2942 1777,2951 1762,2938 1724,2936 1708,2948 1666,2930 1624,2960 1571,2937 1551,2954 1529,2932 1501,2942"/>
                <Baseline points="1506,2979 1533,2979 1560,2979 1587,2979 1614,2979 1641,2979 1668,2981 1695,2981 1722,2982 1749,2984 1776,2987 1803,2991 1830,2996"/>
                <TextEquiv>
                    <Unicode>actum obstaht.</Unicode>
                </TextEquiv>
            </TextLine>
            <TextLine id="r4l49" custom="readingOrder {index:34;} place {offset:21; length:6;} date {offset:28; length:24; continued:true;}">
                <Coords points="1493,3079 1733,3080 1786,3114 1896,3083 1935,3114 2003,3081 2116,3113 2349,3093 2447,3133 2467,3037 2249,3012 2114,3064 1850,2999 1749,3044 1710,3011 1599,3039 1495,2997"/>
                <Baseline points="1500,3066 1550,3066 1600,3068 1651,3069 1701,3071 1752,3073 1802,3075 1853,3077 1903,3079 1954,3081 2004,3083 2055,3086 2105,3087 2156,3088 2206,3089 2257,3089 2307,3089 2358,3087 2408,3086 2459,3084"/>
                <TextEquiv>
                    <Unicode>Exequirt, droben zue Hassli sambstags den 13. martii</Unicode>
                </TextEquiv>
            </TextLine>
            <TextLine id="r4l50" custom="readingOrder {index:35;} date {offset:0; length:10; continued:true;}">
                <Coords points="1500,3135 1526,3136 1541,3149 1573,3120 1587,3126 1604,3111 1637,3132 1663,3137 1704,3118 1732,3121 1734,3079 1686,3088 1672,3073 1647,3089 1615,3094 1578,3065 1502,3075"/>
                <Baseline points="1508,3111 1535,3110 1562,3110 1589,3111 1616,3112 1643,3113 1670,3115 1697,3117 1725,3119"/>
                <TextEquiv>
                    <Unicode>anno 1675.</Unicode>
                </TextEquiv>
            </TextLine>
            <TextLine id="r4l51" custom="readingOrder {index:36;} date {offset:6; length:9;}">
                <Coords points="1849,3181 1913,3193 1965,3172 2022,3188 2086,3170 2109,3185 2145,3175 2148,3126 2109,3132 2046,3110 2012,3127 1926,3121 1903,3132 1887,3114 1853,3110"/>
                <Baseline points="1857,3155 1882,3155 1908,3158 1933,3160 1959,3162 1985,3164 2010,3166 2036,3168 2062,3168 2087,3168 2113,3168 2139,3167"/>
                <TextEquiv>
                    <Unicode>nein, april 20.</Unicode>
                </TextEquiv>
            </TextLine>
            <TextLine id="r4l15" custom="readingOrder {index:37;} person {offset:21; length:18;}">
                <Coords points="1475,1480 1849,1458 1883,1484 2257,1431 2538,1448 2536,1397 2339,1364 1734,1427 1473,1397"/>
                <Baseline points="1481,1467 1533,1466 1586,1463 1638,1461 1691,1460 1743,1457 1796,1455 1848,1452 1901,1450 1953,1448 2006,1445 2058,1443 2111,1442 2163,1440 2216,1439 2268,1437 2321,1437 2373,1437 2426,1437 2478,1437 2531,1439"/>
                <TextEquiv>
                    <Unicode>Demnach alss gesagte Elssbeth ab Egglen ver¬</Unicode>
                </TextEquiv>
            </TextLine>
            <TextLine id="r4l16" custom="readingOrder {index:38;}">
                <Coords points="1517,1527 1829,1541 1887,1502 2196,1487 2280,1516 2329,1482 2448,1512 2547,1501 2545,1451 2335,1436 2260,1469 2118,1437 1940,1485 1850,1458 1515,1483"/>
                <Baseline points="1523,1512 1573,1512 1624,1511 1675,1509 1726,1506 1777,1505 1828,1503 1878,1500 1929,1499 1980,1496 2031,1494 2082,1491 2133,1490 2184,1488 2234,1486 2285,1485 2336,1484 2387,1482 2438,1482 2489,1482 2540,1482"/>
                <TextEquiv>
                    <Unicode>meldet, dass sy vermeine schwanger zu sein, wylen</Unicode>
                </TextEquiv>
            </TextLine>
            <TextLine id="r4l17" custom="readingOrder {index:39;}">
                <Coords points="1523,1586 2025,1541 2143,1573 2330,1539 2391,1569 2547,1550 2545,1481 2110,1528 2018,1492 1863,1504 1830,1540 1521,1525"/>
                <Baseline points="1529,1565 1579,1563 1630,1562 1680,1560 1731,1557 1781,1556 1832,1553 1882,1551 1933,1548 1983,1547 2034,1545 2085,1543 2135,1542 2186,1540 2236,1539 2287,1538 2337,1536 2388,1536 2438,1536 2489,1536 2540,1536"/>
                <TextEquiv>
                    <Unicode>sy nun by 15 oder 16 wuchen lang ire monats¬</Unicode>
                </TextEquiv>
            </TextLine>
            <TextLine id="r4l18" custom="readingOrder {index:40;} DIWO {offset:37; length:10;}">
                <Coords points="1530,1640 1655,1609 1729,1641 1828,1610 2110,1623 2239,1590 2415,1621 2532,1594 2531,1555 2386,1569 2330,1540 2256,1573 2205,1543 2136,1576 2088,1542 1528,1588"/>
                <Baseline points="1535,1611 1584,1611 1634,1610 1683,1610 1733,1608 1782,1607 1832,1605 1881,1604 1931,1602 1980,1599 2030,1598 2079,1596 2129,1593 2178,1592 2228,1590 2277,1589 2327,1589 2376,1587 2426,1587 2475,1587 2525,1587"/>
                <TextEquiv>
                    <Unicode>zeiten nit gehabt, so ist sy mit dem dümelysenn</Unicode>
                </TextEquiv>
            </TextLine>
            <TextLine id="r4l19" custom="readingOrder {index:41;} DIWO {offset:0; length:7;} DIWO {offset:27; length:3;}">
                <Coords points="1529,1687 1841,1645 1890,1670 2448,1642 2489,1668 2518,1663 2517,1593 2448,1621 2242,1590 2194,1619 2155,1596 1749,1638 1656,1612 1528,1643"/>
                <Baseline points="1535,1659 1583,1659 1632,1658 1681,1655 1730,1654 1779,1653 1827,1652 1876,1650 1925,1649 1974,1647 2023,1646 2071,1645 2120,1644 2169,1643 2218,1641 2267,1641 2315,1641 2364,1640 2413,1640 2462,1640 2511,1640"/>
                <TextEquiv>
                    <Unicode>gefeckt worden undt anders nüt dan wie sy</Unicode>
                </TextEquiv>
            </TextLine>
            <TextLine id="r4l20" custom="readingOrder {index:42;}">
                <Coords points="1529,1716 1612,1736 1870,1701 2043,1735 2107,1700 2535,1690 2534,1648 2482,1669 2453,1644 2153,1675 1843,1645 1723,1686 1624,1661 1529,1687"/>
                <Baseline points="1535,1709 1584,1707 1634,1706 1683,1704 1733,1703 1783,1703 1832,1701 1882,1701 1932,1701 1981,1700 2031,1700 2081,1700 2130,1698 2180,1698 2230,1698 2279,1697 2329,1697 2379,1695 2428,1694 2478,1692 2528,1691"/>
                <TextEquiv>
                    <Unicode>schon hieuor selbs guetigklich angeben und bekent,</Unicode>
                </TextEquiv>
            </TextLine>
            <TextLine id="r4l22" custom="readingOrder {index:43;}">
                <Coords points="1534,1770 2526,1745 2508,1698 2361,1693 1534,1736"/>
                <Baseline points="1541,1752 1589,1752 1638,1751 1687,1751 1736,1749 1785,1749 1834,1748 1883,1748 1932,1748 1981,1746 2030,1746 2078,1746 2127,1746 2176,1745 2225,1745 2274,1745 2323,1743 2372,1743 2421,1743 2470,1743 2519,1742"/>
                <TextEquiv>
                    <Unicode>by deme sy ess auch bewenden lasse unnd dass sy</Unicode>
                </TextEquiv>
            </TextLine>
            <TextLine id="r4l23" custom="readingOrder {index:44;}">
                <Coords points="1522,1807 1993,1825 2230,1790 2516,1818 2551,1813 2551,1750 1522,1769"/>
                <Baseline points="1529,1796 1579,1796 1630,1796 1681,1794 1732,1794 1782,1794 1833,1793 1884,1793 1935,1793 1985,1793 2036,1793 2087,1793 2138,1793 2188,1793 2239,1793 2290,1793 2341,1793 2391,1793 2442,1793 2493,1794 2544,1794"/>
                <TextEquiv>
                    <Unicode>an dess kindts todt gar keine ursach, sonders dass</Unicode>
                </TextEquiv>
            </TextLine>
            <TextLine id="r4l24" custom="readingOrder {index:45;}">
                <Coords points="1531,1871 1807,1839 2024,1880 2123,1834 2244,1880 2318,1851 2529,1857 2491,1796 1531,1806"/>
                <Baseline points="1538,1845 1587,1844 1636,1842 1685,1840 1735,1839 1784,1838 1833,1838 1882,1836 1932,1836 1981,1836 2030,1836 2079,1836 2129,1838 2178,1838 2227,1838 2276,1838 2326,1839 2375,1839 2424,1839 2473,1839 2523,1838"/>
                <TextEquiv>
                    <Unicode>ess todt vonn ira kommen seye, wellchess sy also</Unicode>
                </TextEquiv>
            </TextLine>
            <TextLine id="r4l25" custom="readingOrder {index:46;}">
                <Coords points="1523,1920 1570,1910 1597,1931 1607,1921 1628,1928 1668,1903 1721,1922 1779,1896 1807,1916 1829,1912 1839,1909 1837,1839 1807,1839 1756,1864 1731,1850 1675,1861 1629,1852 1595,1864 1566,1855 1540,1876 1522,1874"/>
                <Baseline points="1529,1899 1554,1897 1579,1895 1604,1893 1630,1892 1655,1890 1680,1889 1705,1889 1731,1889 1756,1889 1781,1889 1806,1889 1832,1889"/>
                <TextEquiv>
                    <Unicode>pynlich erhalten.</Unicode>
                </TextEquiv>
            </TextLine>
            <TextEquiv>
                <Unicode>Unnd alss auch er dess reissgelts halben gantz
ernsthafft befragt, ob er nit desshalb wüssenschafft
habe, wie ess hergangen oder auch selbsten intressirt
seye? hat er hoch bedüret, dass imme desshalb
bim geringsten nützit bekant, er also gantz un¬
schulldig seye unnd imme vonn synen widerwer¬
tigen und finden diser unguetlichen anklaag unrecht
geschäche, welliches er auch, alss er zum dritten
mahl mit angehencktem 50 pfundigen stein uffge¬
zogen worden, ann der marter erhalten unndt
hiemit diss unnd vorige seine bekantnuss
by deren er ess gentzlichen bewänden lasse be-
stätiget.
Disere ire begangne sünden seyendt ihnen beidersyts
hertzlich leid, bättendt derowegen Gott den Allmech¬
tigenn unnd ein gnädige hoche oberkeit umb gnad
unnd verzychung. actum den 1. martii 1675.
Alss frytags den 5. martii 1675. diser beiden ver¬
hafften persohnen unnd maleficanten pynnlich er¬
haltenn bekantnussen für mghren. wider bracht
worden, habend ir gn. darauf erkent, dass sy
Elssbeth ab Eglen droben zue Hassli vor der
gemeindt einen fussfahl thun und Gott den Herren
umb gnad unnd verzychung bätten sölle. demnach
sölle sy durch das dorff oder fläcken mit der
ruthen ussgeschmeitzt werden unnd söllche verpä¬
nigung in ir hauss haben unndt sich an kein
ander orth dann in die kirchen zue besuchung
Gottes wort unnd widerum heimb inss hauss
begeben etc.
Er Meller an der Egg aber soll droben zue Hassle
wegen syner gross begangnen sünden mit dem
schwaert vom läben zum todt hingericht werden.
actum obstaht.
Exequirt, droben zue Hassli sambstags den 13. martii
anno 1675.
nein, april 20.
Demnach alss gesagte Elssbeth ab Egglen ver¬
meldet, dass sy vermeine schwanger zu sein, wylen
sy nun by 15 oder 16 wuchen lang ire monats¬
zeiten nit gehabt, so ist sy mit dem dümelysenn
gefeckt worden undt anders nüt dan wie sy
schon hieuor selbs guetigklich angeben und bekent,
by deme sy ess auch bewenden lasse unnd dass sy
an dess kindts todt gar keine ursach, sonders dass
ess todt vonn ira kommen seye, wellchess sy also
pynlich erhalten.</Unicode>
            </TextEquiv>
        </TextRegion>
    </Page>
</PcGts>
