3024 4032
485 408 1362 544 drum predgestelt worden, ein glyches wye
479 469 1366 598 gedachter Kupffer, Werk, daß er Anglicker
485 525 1370 646 entschulldigung mhhren rachtsherren nit semnt
481 582 1014 694 ze haben Nüt gedenckt etc.
461 659 1369 794 Herr rahts herr im Hooff berichtete zwar
475 749 1363 846 den Anfang, wie Anglicker daharkomen,
480 802 1350 912 nit gesechen ze haben, biß hernach habe er
478 867 1356 956 Herren samuel Lehrber etwaß horuig mit
485 923 1381 1025 imme reden und inne beschelten gehört, waß
473 980 1368 1082 er für ein gsell, daß er der wacht und den
482 1035 1368 1138 herren hauptman kein despect erwyse und
486 1105 1389 1186 derglychen, halt im überig der schleg und
481 1150 1373 1252 streichen halber obiger ersten ußsaag, in
481 1225 776 1318 allweg by etc.
462 1325 1363 1445 zu Christoffel Grunner zuget, daß er zwey
484 1408 1351 1505 glidt hinder dem herren lehrber gewäsen,
485 1456 1344 1548 hiemit den Anglicker nit daher kome,
488 1505 1387 1595 sechen, hernach abergehört, daß hr lehrber
480 1561 1369 1654 inne zred gestelt, warumb er der wacht
482 1624 1355 1711 keinen respect erzeigt und sonderlich dem
481 1666 1356 1763 here hauptman, Da habe anglicker
500 1724 1356 1820 ich entschulldiget, er habe den herren
481 1781 1332 1865 nitkent oder nit gesechen, darüberhin
480 1826 1355 1913 noch etliche wort gewechßlet, biß herr
469 1892 1355 1974 lehrber inne ergriffen und z'bodem
465 1949 795 2040 gewoffen. etc.
481 1318 524 1320 allweg by etc.
428 2066 1381 2182 Hanß Rudollff Kellenberg berichtete
461 2139 1383 2240 gehört ze haben, daß hr lehrber und Anglicker
468 2205 1362 2294 mit einanderen gewortet, wylen er aber
460 2260 1341 2356 In etwaß entfernet ware die wort
469 2303 1385 2415 nit verstanden, auch gesechen, daß hr lehrber
460 2355 1386 2468 ime einkeher geben, daß er z'boden gefallen.
405 2445 1365 2563 Hr Samuel waltert der schryber züget, daß
449 2514 1377 2608 er den anfang vndt anlaß disers gestuchets
460 2567 1370 2668 nit geseilen. In bedencken, daß so bald er
460 2630 1373 2730 etwaß streichs gehört und sich umbgereit
457 2684 1359 2785 er den anglicker schonen zwirblen unnd zue
459 2726 1372 2853 boden Fallen gesechen, duch gehört, daß herr
453 2768 1378 2893 Lehrber gesagt de lychtfertiger vogel, solte
448 2845 1358 2932 einem sollchen herren nit syne gebührenden
444 2916 1205 3010 ehr erwysen unnd derglychen.
1057 3026 1292 3152 Eß e.
1521 859 2511 978 erstlich vorgedachter Herr fëllenberg, daß alß sie
1546 936 2513 1013 nach obigem gstechel die statt ab Marschiert
1534 966 2523 1082 und ungfahr gegen der stattschloßerin haußkommen,
1547 1018 2497 1132 Da habe er gesechen, den Angliker uff der recht
1556 1065 2545 1186 syten der compagney den tagen ohne blenck sampt
1549 1133 2484 1237 der scheid in der linggen landt die rechte
1871 861 2037 898 zugeten
1556 1182 2535 1308 Ann dem kongelt halltend daher laußen worü
1560 1242 2541 1369 ber hr. schulldtheiß jenners sohn imme gezügen zue-
1533 1307 2542 1421 geschrauwen, er solle sorg haben, da er sich dan also
1548 1347 2535 1470 balldt gewent unnd mit seiner partisamen, imme
1551 1425 2531 1529 einß uber den reggen gezogen, so daß er inne mit
1561 1472 2529 1584 dem Haggen zue Ruck gehalten, darüber habe der fr
1547 1533 2532 1648 stattschloßeren solnn, inne auch ergriffen unnd zu
1549 1594 2517 1684 boden geworffen, da er dan vom Vnderschidenlichen
1561 1651 2528 1749 persohnen zimblich zertömblet worden etc. Darüber
1537 1700 2521 1794 hin habend sy imme in die gefangenschafft geführt,
1544 1744 2544 1848 da er dan nochzimblich trotzig sich gestelt und sonder
1548 1795 2545 1871 lich zur ime gezugen gesagt, e E hr Fellenberg
1538 1860 2312 1952 unnd imme also glychsamb gethreüwt.
1537 2045 2526 2140 Ds samuel walltert zeget disers punckens halben
1517 2114 2531 2198 Daß alß sy die stattsterunder gezogen und unpfar
1534 2171 2516 2224 daß ander hauß ob dem bähren waren, habe er
1540 2206 2519 2276 Abermals etwaß gstüchels gehört unnd im umb
1529 2252 2514 2336 wenden gesechen, daß der heren statsschloßeren sohn
1532 2300 2494 2379 den anglicker uff dem boden gehabt, worüber
1539 2348 2496 2430 Underschidenliche Persohnen zuegeloffen, vnd vff
1525 2394 2250 2484 den Anglicker dapffer zürgeschlagen c.
1508 2525 2459 2641 Herr Christoffel Brunner halt diser deß herre
1507 2603 2483 2696 wallterts ubsaag inn allem by, daß er namblich
1513 2657 2465 2748 gesechen uff den anglicker dapffer zuuschlagen.
1526 2708 2465 2802 So daß wann mhhr nachts herr im kooff nit
1531 2765 2483 2864 daß holla gemacht, sy inne by nach ztodt geschlagen
2151 2894 2351 3021 Mc
1557 857 1654 869 erstlich vorgedachter Herr fëllenberg, daß alß sie
1681 457 2547 590 Deß 2. funktens halben, daß namb
1694 529 2514 644 lich Anglicker, uber empfangne Censur
1710 583 2523 673 und ervollgte streich seinen tagen gehollt
1713 630 2497 741 selbigen in der handt haltendt, uff der
1715 690 2472 805 rechten syten der Compagnei die statt
1727 745 2505 852 herunder uff den herren lehrber zuegeloffen.
1871 815 2038 864 zugeten
