3024 4032
465 455 1406 609 willen werden wöllen, da seye er hernach in
482 513 1394 646 synem hauss, alss sy in irem gmach inn
472 562 1388 700 irer ruhw ware, zue ira zum betth kommen,
459 642 1391 737 sy abermahlen der unzucht angereth undt
466 675 1380 815 gesagt, ess seye kein sündt, er wölle sy auch
442 761 1393 859 allezeit mit schönem gwandt und kleideren
449 809 1393 917 versechen. waruff sy, alss ein junges
452 856 1368 981 mensch by 15 oder 16 jahren allters, sich
445 921 1367 1023 also leider bereden und verfuehren lassen, er
440 972 1373 1101 aber seye domahls nit truncken gewäsenn,
457 1031 1357 1146 seye auch dass erste mahl gsin, alss sy sich
450 1093 1370 1205 mit einanderen inn unküeschheit ver¬
440 1147 1341 1256 gessen. alss aber er sy mehrmahlen
455 1213 1373 1322 missbraucht, seye sy auch vonn imme schwanger
452 1259 654 1346 worden etc.
412 1365 1373 1514 Alss sein frauw vonn Walliss wider heimbkommen,
455 1446 1383 1567 seye er übers jahr doch etwass frueyer, ungfar
445 1497 1349 1607 inn meyen, nacher Walliss gsin und sy mit
446 1559 1379 1654 imme genommen imme abzewarten, der dan vermeint
440 1592 1346 1691 sy allwyl mit imme baden sölle, sy aber seye nit
442 1643 1324 1744 mehr dan zwey mahl by imme im baad gsinn,
441 1697 1337 1782 ir losament ware in einem bauren hauss, alwo
430 1740 1363 1839 sy allwegen inn einem kleinen gmächli by ein¬
413 1792 1319 1898 anderen übernacht wahren, allwo er sy auch
446 1842 925 1934 offtmahlen missbraucht.
419 1915 1351 2042 Nach sollcher seiner baden cur, habe sy imme an¬
409 1991 1340 2092 gezeigt, wie er auchwoll gewüsst, dass sy
413 2038 1341 2131 kindts zegenäsen nächig seye, da er vermeindt
404 2101 1330 2181 die schandt zeuerthüschen, sy hinn und wider
406 2141 1303 2234 ins Papstumb zuuerschicken, sy aber habe
419 2196 790 2288 nit gehen wöllen.
382 2275 1325 2383 In der ärndtzeit habe er ira einmahl ein
390 2332 1323 2409 hölltzin geschir, brentli genambset, gebenn
388 2387 1315 2470 underem schynn wasser zereichen unnd sya
401 2434 1312 2522 angemant, dass sy sich alssdann inss wasser
370 2487 1311 2585 stürtzen und ertrancken sölle, also dass er
382 2549 1332 2642 inzwüschen by einer gewüssen schür gewar¬
377 2597 1327 2695 tet, zue sächen wie ess mit ira gahn wölle.
373 2646 1255 2747 wellichen seinen bösen anmahnungen aber
369 2706 899 2794 sy nit gehorchen wöllen.
376 2753 1292 2851 Unnd alss sy sich uff einmahl übell gehebt,
373 2792 1321 2893 habe ire basen se. sy befragt, wass ira seye,
366 2861 1312 2945 da habe sy ira angezeigt, dass der vetter
367 2908 1342 2998 Melcher, ir mann, sya geschwängeret, welche
1195 2938 1326 3040 sollches
2456 1156 2468 1158 Nach dem aber der herr landtuogt zue Interlaken
1523 483 2573 623 usssorg vollgenden grossen kummers unnd straff, also
1530 559 2196 682 stillschwygendt blyben lassen etc.
1507 613 2512 766 Alss er jetzundt droben zue Hassli inn verhafftung
1539 679 2568 807 kommen, habe er einen wächter, der inne verwachen hellffen,
1529 729 2577 872 nammens Hanss Egger, zue ira geschickt, zeuermelden,
1528 787 2566 923 wann man sy sollcher ira bewussten sach halben fragen
1536 851 2575 961 möchte, sölle sy ess verschwygen und sich anderer¬
1527 905 2574 1038 gestalten versprächen unnd seinerseits nüt bekant¬
1518 954 2566 1089 lich sein, sonders munter laugnen, sonst werde ess
1516 1042 1848 1133 übell gahn etc.
1506 1158 2569 1299 Nach dem aber der herr landtuogt zue Interlaken
1513 1228 2550 1320 und ein erbarkeit zue Hassle sya beschickt unnd
1521 1283 2552 1388 darumb befragt, habe sy ess ihnen also balldt
1525 1326 2529 1438 bekent, wellches sy auch schonn zueuor der
1521 1384 2390 1494 fren. predicantin geoffenbahret habe. etc.
1521 1517 2531 1615 Unnd nach dem sy ann einem morgen, da ess schonn
1519 1577 2533 1672 heiter tag wahre, die kintswehe ankommenn,
1514 1629 2515 1724 habe sy iren vetteren uff der sommer lauben
1528 1674 2521 1775 gehört, seye sy also balldt uffgestanden unnd habe
1519 1730 2511 1822 ess imme angezeigt, der dan sy geheissen inn
1522 1780 2491 1877 dass gadi oder stall hinaben zegahn, allwo sy
1518 1833 2527 1905 auch nach etwass wyhls genäsen unnd dass kindt
1512 1903 2533 1979 an dem boden todt ligendt gesechen, habe aber dass
1520 1937 2443 2026 selbe niemahlen angeruehrt, inn währender
1523 2005 2534 2073 genisst habe sy gedunckt alss wan etwass läbens
1507 2055 2537 2141 noch by imme gsin, jedoch seye ess todt vonn ira kommen,
1503 2109 2517 2183 daruff seye sy wider hinauff inn die stuben gangen
1501 2148 2500 2238 unnd hinder den ofen gesessen, da seye ire basen
1510 2210 2494 2294 sel. zue ira kommen, wellches sy ira angezeigt,
1506 2246 2480 2325 darauf sy und ir mann hinunder gangen unnd
1501 2290 2488 2383 ess also befunden undt vergraben, sy aber ver¬
1502 2337 2498 2431 meine by 4 oder 5 wuchen zue fruey genäsenn
1501 2394 2495 2483 zesein, dann sy seye allwyl sy mit dem kindt
1513 2452 2502 2543 gangen allzeit kranckmuetig gsin, auch woll ge¬
1509 2491 2492 2578 spührt, dass das kindt by ira nit gsundt seye unnd
1490 2554 2462 2647 alss sy ir mann gehabt seye ir vetter noch
1504 2595 2115 2671 zwey mahl by ira gelägen.
1471 2629 2472 2730 dann wann sy ess hätte umbringen wöllen, wäre sy
1502 2690 2404 2784 nit im landt bliben, sonders sich in Walliss oder
1499 2728 2204 2824 anderstwo hin ussem landt begeben.
2318 3232 2454 3313 verte.
