3024 4032
487 364 1421 507 Imme seye auch von Hanß Hösfer sel von Vor¬
503 425 1456 600 und yner tochter einhundert seonen, z gabet
517 493 1413 625 und durch Christen sahli ußgericht worden
515 531 1413 674 da er dan Auch daruon vndt Anderen Ver¬
515 591 1425 729 dienten lidlöhnen, vor ungefahr dreyen jahre
512 657 1425 794 300 lb undt auch dem Ulli Moser, wihrtzu
517 706 1201 821 Rubigen 40 f weg gelichen etc.
470 793 1415 979 Als die junckern Comback verschimertagen
496 893 1424 1010 In synem zinßhauß visitiert, habendt dieselb
506 959 1396 1077 nebent den überigen sachen, so sy daß jrig
514 1012 1413 1138 seye Angesproch, auch ein doblonen, undt ein
501 1064 1406 1191 zwyfache decat, so er lang vs behalt, vndt g
509 1118 1411 1237 spahrt, zue iren hand genomen, da die
503 1168 1403 1290 doplete decat, ir Oberst-Mey sel imme geb
493 1232 1410 1329 ja daß er von ahrbeith wegen von ir mey
509 1267 1419 1392 10. doplet decaten vor ungefahr 14 oder
490 1326 1421 1450 Jahren empfangen, vndt dise eintzige nochbiß
488 1379 1414 1504 datu behalten. Die doblonen dan haben
506 1431 1412 1545 der jetzige Herr Schaffner Lehrber, zu Cösfing
503 1486 1414 1618 sampt anderem gelmehr ime gebenn,
497 1550 1210 1652 wellches also daß synige seye.
480 1689 1384 1813 Bndt wiewol er nun by zweÿen jahren ein
503 1762 1408 1865 bösen schenckel gehabt, so habe er jedoch
493 1831 1410 1934 Allzeit ein gesellen gehabt, vndt so vill mug,
464 1881 1393 1976 liich gewäsen. Auch geahrbeitet, vndt syne
483 1950 1395 2031 Verdienst, in iyne haußhaltung verwendt
470 1986 1398 2071 undt keinen überfluß gebraucht, Wan dan
471 2043 1408 2129 in synem abwäsen, da er offtmahlen dnn
478 2096 1382 2187 anderen örthen geahrbeitet durch synn
484 2144 1386 2238 frauw vndt tochter etwaß schwelgerey
476 2197 1386 2297 mit eßen vndt trincken vorgangen, wüße
477 2268 727 2355 er nit tc.
582 2444 1381 2567 Samielherners herr Bericht
416 2556 1397 2660 Bder diß so ist auch Baniel Berners Frl
460 2624 1387 2703 beschickt, vndt ernsthafft Vermant worden,
454 2659 1392 2762 die warheit anzezeigen, waß sy von disem
453 2708 1395 2812 verhafften persohnen, für sachen empfangenn
460 2750 1404 2865 habe, zuuerkauffen. vermeldete Sÿ,
445 2806 1383 2919 daß ungefahr umb verschinnen Jacobi die
441 2852 1391 2969 Barbel Meyes, der Fr Combachenen Magt,
1200 2922 1362 3000 oderetc.
2171 1640 2278 1646 Waß dann deß frölichs haußhaltung undt ir
1621 440 2531 538 oder Näÿerin zue Ira kommen, undt inn einem
1614 492 2538 605 verpütschiert papyrle, dreü gulldene kettli
1597 539 2523 640 ringli gebracht undt gesagt, der tischmacher
1597 596 2556 715 Frölih habe eß ira geben, sy sölle ira daruff
1609 643 2556 762 etwaß gelts entlehnen, wolle eß jnn 14 tagen
1605 706 2588 806 unfählbar wider lösen. Darauff sy jra 24 b
1608 746 2574 871 geben, Wylen aber sy sollches by 4 oder 5
1599 802 2581 898 wuchen lang hinder ihra gehabt undt sollches
1614 852 2562 946 niemandt widerlösen wöllen, habe sy dem
1602 900 2516 1007 verputschiert Papyrli nit woll thraüwet
1593 950 2559 1055 habe eß gröffnet, zu besächen, waß darin seye
1609 1005 2563 1099 undt hernach zue Jra Meyerin gesagt, wan sy
1615 1058 2554 1153 iß nit lösen wölle, so wöll sy eß verkauffen
1614 1107 2546 1203 dan sy mit deme nüt ze thun wüße. e
1591 1146 2548 1247 wellches sy vollgens der Johanna Shäne von
1594 1201 2586 1323 Fryburg, alß einer jra wollbekanten sampt
1608 1265 2561 1364 noch einem alten gehabten Ringli geben, daß
1602 1326 2556 1414 sy eß ira sölle schmeltzen laßen, darauß habe
1603 1380 2588 1461 sy einiing laßen machen, sonsten habe gedachte
1594 1428 2583 1495 Meyerin, fra niemahlen nützit anders weder
1594 1473 2567 1553 daruff zuentlehnen, noch zeuerkauffen zue¬
1577 1545 1795 1621 gebracht.
1567 1646 2538 1740 Waß dann deß frölichs haußhaltung undt ir
1585 1720 2558 1781 Läbwäsen betraffen thüye, habe sy ian der
1583 1762 2580 1844 Nachbarschafft mit ihnen nit vill gemeintschafft
1577 1820 2545 1903 gehabt, also daß sy von ihnen nit villzeredn
1573 1871 2553 1941 wüße, dan daß sy ihnen woll sein laßen, so
1583 1931 2572 2011 Andere Nachbaūren Aūch offt etwaß verdachts
1572 1987 2545 2066 hinynn begen gesechen, wüße aber nit, waß
1594 2044 1888 2126 iß gsin seye.
1679 2285 2383 2397 Barbara Meyerin an der
1697 2381 2411 2457 Marter erhalten Bekantnuß.
1471 2459 2488 2561 melß nun gedachte Meyerin in den strecki¬
1478 2511 2526 2613 thurn geführt worden, ist ira ganz pferig vnndt
1576 2572 2521 2657 ernsthafft zurgesprochen, vndt sy vermantworde,
1565 2624 2533 2713 die warheit zue bekenne. Darauff dan sy ver
1559 2670 2518 2763 meldet, daß daß Barbli Frölich den großen
1571 2725 2529 2814 trag, inn der hr Lombachin stuben uffgethan
1574 2779 2501 2865 da seyendt uff dem Trogli mit Schublädlenen
1572 2826 2527 2918 darin daß golldt vndt sellt gewäsen, Vill sachen
2297 2901 2534 2985 gelägen etc.
