3024 4032
461 374 1403 536 undt trögen verhandenen Schlüßel herfür ge¬
453 465 1379 585 enomen vndt alßbaldt einen großen trag
440 546 1374 646 Inn der stuben der inwendig Schublädli
454 604 1410 725 habe, uffgethan, vndt uß einem Fürher ge¬
440 666 1387 763 zognen Schublädlin, darin golldtsorten ge
431 721 1372 832 gwäsen ungefahr by 40 stuck, genommen,
449 782 1383 882 wüße aber nit wie vill eßAnn der
454 841 1405 946 summ möchte bracht haben. Eß habe aber
452 896 1388 1017 Die Barbel Meyer, die alzeit darby gsin.
454 965 1378 1060 alß by 3 oder 4 mahlen, eben so woll
459 1013 1408 1134 Alß sy zuegriffen, sy Aber habe etwaß
462 1071 1392 1175 deso mehr gnommen. In dem sy gedacht
458 1125 1377 1232 Die Meyerin seye allzeit-tag und nacht
452 1186 1389 1292 Im hauß, sy könne woll ire sach machen,
460 1242 1117 1349 und nemmen wann sy wölle.
444 1355 1378 1476 So bekent sy auch, daß ire stieff mutter jra
464 1431 1389 1528 einmahl uber den trog kommen seye, da habe
464 1495 1375 1578 sy jra- der tochter etwan 10 l von dem
455 1545 1378 1645 darin gehabten gelt genommen: Vndt sy be¬
443 1618 1352 1699 fragt, wohar sy mit disem gelt kommen
452 1660 1403 1755 Da habe sy eß ira der mutter angezeigt
454 1715 1406 1813 unnd also hiemit sollches vernommen und gewüßt.
428 1845 1387 1961 Berners bekent sy auch uß einem rohten
455 1928 1380 2022 Sekel, gantz vnd halb thaler, Auch Brütz¬
430 1980 1353 2089 dicken undt derglychen genommen ze haben.
442 2049 1356 2129 wüße aber nit, wie vill eß gsin seye,
454 2097 1380 2201 habe aber in selbigem sekell kein golldt
448 2169 636 2244 gesechen,
413 2251 1387 2366 Der gulldenen ketti halben aber sagt sy,
435 2315 1365 2431 aß habe die Barbel Meyer von derselben
445 2373 1380 2483 genomen, vndt deß Daniel Berners Frauwen,
426 2448 922 2546 zuuerkauffen geben.
450 2244 637 2266 gesechen,
430 2533 1366 2662 von den geklagtn gulldenen ringen, will sy
439 2606 1377 2724 auch bim wenigsten nüt wüßen, derselben
420 2670 1391 2785 weder gesechen, noch genommen ze haben et.
429 2546 454 2562 zuuerkauffen geben.
371 2816 1377 2936 Und alß sy befragt worden, wo sy mit dem
427 2883 1354 3005 gelt hinkommen seye oder ob sy eßwege
1149 2961 1386 3071 geluhen.
1596 431 2587 533 vermelldet sy daß sy darauß, ann verschinnen
1612 482 2587 581 Martini mährit habe wöllen thuch zue einem
1608 531 2595 648 Bürthuch kauffen, da habe sy inn einem sekel
1606 578 2596 707 golldt zue ira genommen, undt alß sy hernach
1578 637 2583 743 vermeint, sy stoße daß seckeli wider in
1597 702 2585 791 sack, habe sy eß neben für gestoßen, vnndt
1563 771 1856 848 verlahrenetc.
1558 844 2561 971 Den Lynraht betreffent so In ires Vathers
1574 905 2568 1032 hauß kommen, haben ja sy undt die Meyeri
1597 966 2597 1068 mit einanderen genommen, vnnd diß seye alles
1574 1030 2406 1149 vor verscheinen Jacobi geschächen.
1565 848 1793 867 verlahrenetc.
1553 1205 2547 1340 In der Confrontation, vermeldete Sy auch,
1597 1281 2570 1382 der Barbel Meyer under augen, daß sy ira
1579 1341 2568 1440 den haußschlüßel imn leimb-abgetrüwkt undt
1584 1411 2599 1506 fra im sack zuegebracht, deßhalb ein schlüßel
1589 1457 2559 1566 machen ze laßen, welliches aber sy Meyerin
1587 1548 2085 1633 nit gestehen wöllen etc.
1588 1818 2531 1926 3. Madlena Frolich, deß Tischma
1760 1901 2474 1979 Gers frauwen, Berucht, Vndt
1806 1964 2072 2038 getantnuß
1571 2021 2544 2133 dieselbige Vermeldet Anfangs, daß vor
1546 2097 2488 2188 ungefahr dreyen jahren, Hanß Höffer
1577 2168 2535 2246 vom wohlen, irem mann undt diser syner
1578 2218 2458 2303 tochter, einhundert cronen vergabet,
1552 2261 2540 2359 wellche auch der Christen sahli von gemelten
1565 2314 2547 2408 wohlen ußgericht habe, daruos der tochter
1579 2378 2526 2431 by 10 lb worden seyen, 300 lb dan habe ir
1570 2413 2143 2510 man sonsten weggelichenc.
1531 2568 2511 2673 Und alß sy hernach irer Stiefftochter Barbel
1572 2631 2491 2722 da sy den Schlüßell vergeßen, vber den Trog¬
1577 2690 2554 2778 kommen, habe sy gesechen, daß alda zimblichgelt
1565 2754 2547 2830 verhanden, daruan sy by 10 l genommen, Vnnd
1557 2798 2547 2876 hernach die tochter befragt, wo sy mit sollchem
1556 2841 2548 2934 gelt harkomme, habe die tochter eß ira bekent,
2311 2917 2499 3013 daß e.
