3024 4032
468 2396 1434 2513 Verners Alß Uageuahr vor 18. jahren
452 2456 1372 2578 jre eltern tochter nammens Elssbeth
427 2510 1410 2640 Butigkhoffer mit dem Hanss Billdt
425 2553 1445 2706 vonn zingelrindt, wider jr der mutter
468 2620 1399 2773 willen, hoch zeit gehabt, seye sy darüber
462 2666 1401 2827 gantz grimnb unndt zornig worden unndt
459 2719 1404 2885 alziit jhnen mechtig gefluchet unndt
456 2765 1428 2953 geschworen auch offt dem leidigen onthon
423 2826 1426 3028 geruffen, daß er ire tochter die hochzy¬
427 2904 1387 3057 ntern nemmen sölle oder er sölle kommen
419 2961 1386 3143 unnd sy nemmen, hernach habe sy ob dem
448 3009 1442 3208 gemach ein follderen gehört, daß sy gedunkt
1274 3096 1402 3178 alss ec.
1155 2395 1161 2396 Verners Alß Uageuahr vor 18. jahren
470 1873 1395 2001 Ess habe ruch Nigli Walltert, da sy
481 1957 1417 2028 knndursents noch ledig wahren jra die
472 2006 1416 2102 ehe versprochen wellcher mit hn. haupt
457 2058 1415 2151 1man mahri zur krieg gezogen seye deme
469 2124 1417 2228 sy fünff jahr lang gewartet er aiber
470 2169 1404 2264 nicht wider kommen, mit wellchen
459 2218 1414 2340 irem versprochnen sy auch bywohnung
449 2299 907 2396 gehabt habe.
454 1302 1423 1419 So hat sy auch hreywillig angeben undt
495 1375 1416 1477 bekent, dass vor ungefahr dryssig jahrem
486 1428 1411 1516 da sy schonn by zechen jahren zieuor inn
483 1493 1435 1593 der ehe ware by einer gewüssen theylung
474 1542 1423 1652 da Bundicht Spring zu von Schüpffen auch
470 1607 1447 1704 zungegen wahre habe er Spring sy beredt
441 1662 1425 1762 unennschheis undt ehebruch mit jhme zebe¬
459 1724 1404 1831 ehen, wellchem sy ouch zwey mall
473 1793 988 1894 zuo willen worden .
478 590 1418 730 da habe sy söllchs imme zuuertryben zwo muss
503 670 1393 785 genommen, undt gehacbet, doch der einten den
500 723 1393 834 stihl Obgehauwen, sy gekochet, undt dem
497 781 1435 898 kindt zum ässen gegeben, da seye dz kindt etwz
483 834 1448 956 zints hernach ohne münhes usssorren, kranck¬
479 886 1425 1009 worden by 4 oder 15 tagenlung gelegenn
486 952 1417 1065 unnd gestorben, dahuro sy vermeint dass
490 1009 1410 1120 as villicht vonn söllchem yngebnen müssen
490 1076 1416 1182 gestorben sein müsse, dann dass kindt seye
485 1142 1410 1233 jra nit unwährt gsin desswegen sy sich
484 1184 1238 1285 auch hefftig bekiniert habe.
340 1304 407 1378 3
327 1897 384 1985 4.
320 2451 398 2533 5.
1631 2783 2587 2912 Item uff befragen, warumb by Bordn¬
1618 2870 2593 2978 egefahr 16 jahren inn die ahren gesprungen.
1644 2919 2572 3021 antwortete sy abermahl diewyl jra
1631 2977 2605 3078 alle ziit im sinn lige ess hinge der böse geist
2429 3062 2586 3136 wär
1631 1823 2580 1938 undt alss sy befragt worden, ob dan der
1651 1902 2597 1998 böse geist ira niemahlen tags begegnet vndt
1637 1965 2615 2061 mit ira geredt habe, Antwortete sy Steiz
1631 2013 2557 2115 sonders seye jra allein im schlaff Also
1643 2064 2597 2164 fürkommen unnd habe sunsten mit dem bösen
1630 2138 2595 2229 geist mit zuothuon gehabt, jedoch eß duncke
1644 2203 2588 2281 sy dass der bösegeist in iraseye dan ess
1637 2246 2591 2339 kömme jra alle zeit etwass jnn halss dz
1633 2303 2595 2394 sy allewyl schlucken müsse. wann dann
1648 2350 2583 2460 sy ouch etwan hingangen so seyendt lilzuid
1648 2416 2556 2518 schwartze vögel unndt agersten, umb syn
1646 2478 2609 2573 umben geflogen unndt ass damcke sy usshrässe
1634 2528 2595 2630 etwass uss jra sy könne auch nit schlaffen
1644 2583 2602 2664 weder tag noch racht sonder musse killzeit
1638 2635 2401 2745 schreyen vnndt habe keine nuhrr etc.
1634 562 2636 737 Alss ob man ein grosse fintsluthn umb einanderen
1658 665 2559 796 züche da seye zuu nachts, alss sy by irem
1658 722 2610 854 mann seli jm botts gsin undt geschlaffen, ver¬
1635 751 2610 876 inemendt, der wandt nach geschlichen undt zun
1639 813 2618 952 jra inss bette kommen habe sy gedunckt alss
1641 861 2616 991 Wans ein mauss fürsohn glych wahre unnd alss
1652 919 2538 1042 sy newachet, habe sy uss irem man, der
1648 958 2610 1099 neben jra gelägen angesagt, sy jra ynge¬
1659 1023 2610 1152 billdet, dass vonn wegen der grossen schwuren
1639 1080 2620 1220 gethanen kuechens unndt der bösen heist zun
1627 1143 2610 1267 grüffens, der böse zeist also rachts zur ira
1641 1195 2604 1326 kommen seye unndt sy im schlaff beruechrt
1620 1265 2623 1393 welliches glycher gestalten vor ungefahr einem
1635 1316 2602 1450 jahr jra abermahl im schlaff fürkommen
1648 1393 2612 1511 Alss ob der böse geist by ira gsin währe
1638 1441 2621 1551 undt da sy abermahls erwachet, habe si
1650 1504 2622 1613 keine breuwdt mehr gehabt, sonders seye sy
1630 1561 2612 1685 grosse thraurigkeit, auch schmertzen inn
1618 1626 2628 1752 iren beinen ankommen, undt darüber all¬
1630 1678 2560 1814 zeit bethrübt gewäseno und beschlaffen.
1486 832 1602 906 Eatwas
1521 1793 1600 1929 6
1517 2835 1582 2897 7
