3024 4032
430 1576 439 1580 Befragt ob er nit geredt, er seye erst uß
439 589 1384 751 befragt, ob er nit domahls ein handtvollen
446 685 1368 770 doblonen zeigt, hat er sich darüber höchst
466 740 1370 840 bestürtzt, werde obgottwil sollches nie-
439 787 1406 896 mandtssagen können, woll habe er etwas
439 844 1390 952 golldts, so er nach vndt nach vmb daß er¬
456 911 1399 1030 loßte gelt, Vß Arzneyen vnd Vbrigem Ge¬
437 979 1356 1082 währbli uffgewachßlet, also daß er 11
449 1030 1386 1159 doblonen, vnndt 11. Iucabl bysamen gehabt,
442 1108 1369 1221 wellches er hernach herren Peter Schmidt
455 1166 1396 1279 an der ryff zue murten zue verwahren
442 1232 1381 1328 geben, vndt sollches synem Beblin spahren
433 1290 1390 1416 wellen, welliches daß meiste golldt gsein,
442 1345 1367 1460 so er sein lebtag bysammen gehabt, sollches
436 1410 1396 1522 Auch mit guten ehren eröberet, unndt
435 1480 933 1562 zuesamen gelegt etc.
429 1580 1369 1715 Befragt ob er nit geredt, er seye erst uß
437 1651 1381 1766 franckrych kommen, vndt habe vnderwegs
448 1716 1377 1822 ein gute Bütth gemacht, etc. hat er sollches
440 1769 1375 1893 unndt vernemet, derglychen wort nit
406 1839 926 1958 geredt ze haben et.
427 1984 1395 2090 Item. ob er nit gredt, alß der krämmer
440 2072 1381 2161 vom Burgdorff gesagt, synen schön gelt
421 2143 1393 2233 wellches er hieuor gehabt, werde nun¬
414 2188 1371 2300 mehr Forth. vndt nit so woll mit ihmme
438 2253 1361 2359 zhandlen sein etc. Er habe noch gelts gnngen
396 2301 1354 2401 unnd wans von nothen, könte er noch 20
431 2363 1362 2472 oder mehr vierfach doblonen zeigenn.
422 2405 1233 2538 hat er diß auch gentzlich verneinet,
412 2483 1359 2624 Ob er nit auch gesagt, wann erschon am
420 2558 1345 2669 aAbendt kein gelt habe wollte erschan
420 2613 1360 2740 Morgens, ein hutt voll bekommen, hat er
417 2668 1387 2793 hieruon im wenigsten nichts wüßen wellen.
397 2712 1354 2849 Woll möchte er etwan im trunck geredt
421 2763 1361 2905 haben, daß wann er kein gelt habe, er doch
419 2823 1380 2960 Allzeit etwaß wehnngs- zue einer Maß
430 2899 1006 3015 wynn bekommen wölle
379 2908 1378 3106 Befragt warumb er uff deß herren schulldt
417 2983 1357 3139 heißen vomn Burgdorff begehren, sich nit
417 3054 1369 3177 widerum by demselbigen yngestelt, vndt
1267 3106 1377 3195 Db ec.
1659 619 2601 737 Ob er nit greth, habe nichts by imme ze schaffen.
1644 706 2594 786 und gefalle ime nichts dahin ze gehen, hat er
1666 738 2579 843 sollches auch nit gestehen wöllen mit vermeld
1654 790 2601 893 daß er ja sithar zur Burgdorff gewesen undt
1653 833 2599 938 syner niemandts begehrt habe, zue deme sey
1656 883 2585 996 eß noch früh-gnng, er well sich by demselbige
1641 938 2595 1051 ynfinden uff erstes begehren, vnndt derglychen
1628 998 2592 1096 Ob er nit zu Burzach geredt, wann erwüßte
1637 1048 2599 1146 wer inne by dem herren schulldtheisen zur Burg
1642 1099 2616 1199 dorff verklagt, er inne uff offnen blatz nider
1631 1149 2616 1271 machen wöllte, hat er sollches auch hart ver
1627 1207 2618 1309 gnemet, woll möchte er gesagt haben, daß er
1656 1274 2588 1374 wüßen möchte wer die persohnen währe, so
1620 1319 2611 1441 inne by dem herren schulldtheist verlümbdet,
1641 1386 2597 1486 Aber keinßwegs derglychen threüwwort ge
1633 1437 2588 1527 braucht, neine inne Also wunder, ver
1617 1500 2604 1588 doch die lüth seyen v sollches weder mann soll
1566 1550 2599 1682 h l ud ausellen undtzwann
1640 1604 2601 1705 ersich gtfildt, daß er diß solder khbers ge
1526 1659 2531 1777 eh se g�llen  eßen
1655 1733 2580 1841 billich entgelte. luch deß gsatzes.
1604 1810 2592 1889 befragt, ob er nit geredt, balldthin einen
1631 1874 2592 1950 orth er seye vereblichet an einen andere
1639 1915 2571 2012 bergesagt ehapfgen e  taf de zugen
1644 1961 2563 2057 hi wöllte er finde eller orthen gnng.
1625 2021 2593 2111 hat er deßen auch nit bekäntlich sein welle,
1637 2068 2583 2172 mit vermelden, daß er thann by 22 jahren
1620 2117 2568 2226 verehelichet seye, vnndt sollches niemahlen
1623 2181 2551 2267 verhalten. . Derglychen vndt andere
1624 2240 2566 2323 legten mehr hat er Allezeitlundt ver¬
1618 2287 2581 2380 nemet, vnndt anzeigt daß sollche mir uß
1607 2337 2560 2442 Nyd vnndt haß, wider Inne beschechindt
1614 2398 2574 2491 vnndt daß er sich jederzeit dromb vnndt
1625 2442 2562 2543 ehrlich gehalten, woll müße er gestehen
1643 2501 2586 2590 daß er auch zum zytten etwan mit schwere
1646 2550 2582 2648 ich vergeßen, seye Imme Aber Leidt vnndt
1634 2592 2581 2691 bätte gott unnd ein gnädige oberkeit, de¬
1607 2654 2426 2756 mütig vmb gnad, vndt Verzgehung etc.
1600 2719 2575 2835 Alß nun er deßorts, ungeacht jene gezeigter
1616 2785 2546 2893 Marter anders nüt bekennen wöllen, Ist
1619 2832 2585 2939 er widerumb der gefahngenschafft, mit einer
1618 2888 2491 2982 guten Consur, wederun ledig gelaßenn
1625 2937 2554 3046 worden Detum den 29. aprilis anno 1673.
1609 2993 2540 3117 Wyl diser Marti Billi verscheiner faren zur bähren
1621 3055 2538 3134 wegen begangnen nachtfrafels in dem er den daselbst
1610 3109 2549 3197 wonenden wasenmeister Außhy geladen etc. darumb myhrren
1624 3144 2539 3238 berichtet worden. Ist erkent, daß die by imme habend
1629 3184 2555 3288 15. Doblonen zue handen myhren züghauses alhier sölle
1619 3232 2551 3330 confisciert sein, die vberigen 20 thaler aber nach
1615 3280 2541 3367 abtrag gefangenschafft sostens gelaßen, und vollgens
1621 3315 2526 3406 mit dem eidt von statt und landt verwisen werde.
1615 3360 2550 3459 und den beleidigten wasenmeister umb verzychung bäthe
1625 3387 2365 3478 sölle. Actum den 30. octobri anno 1674.
1442 2999 1501 3067 NB.
