3024 4032
595 549 1023 656 Examination.
491 670 1306 828 Hanss Heinrich Keichwyh uss der
545 754 906 847 Oberen Pfaltz etc.
413 795 1359 942 Nach dem der alhier gefencklich verhaffte
449 904 1373 1014 Hanss Heinrich Kreichwyh von Freystatt uss der
463 951 1374 1062 Oberen Pfaltz, seines handtwercks ein beck, wegen
467 1023 1376 1133 er alhier inn der grossen kirchen sambstag
464 1069 1365 1193 den 13. diss ob einem gottskasten erwütscht
467 1128 1342 1250 worden, ist derselbige durch mwhren. gross¬
433 1179 1353 1299 weibel Willading gantz ernsthafft ermant
446 1245 1351 1358 worden syner so grossen begangnen sündt und miss¬
424 1310 1384 1428 handlung halben die warheit anzezeigen, welcher
442 1365 1368 1488 dan vollgens alle hergangenheit gutwillig an¬
446 1419 1360 1521 gezeigt und vermeldet. erstlich seye er
446 1487 1325 1587 den 26. febr. jüngsthin uss dem Bryssgeüw
445 1546 1342 1627 alhar gahn Bern kommen, in dem oberen spithal
445 1596 1331 1693 über nacht gsin und mornderst uff Fryburg
439 1648 1349 1740 zue gereiset, da underwägs der Viuis-pott
446 1701 1357 1806 inne angetroffen, darum auch die pättel¬
436 1763 1336 1874 vögt bericht geben können. alss er zue
425 1826 1338 1910 Fryburg kein dienst bekommen können, seye
431 1879 1348 1977 er uffem blatz under der grossen linden gestanden,
419 1938 1357 2019 allwo einn langer weltscher ballbierer
425 1990 1345 2088 namenss Hanss Geörg, so gut theütsch rede,
425 2044 1329 2135 zue imme kommen, inne angeredt, wass er
399 2102 1344 2185 da mache, habe er geantwortet wölle gahn
416 2149 1333 2243 fächtenn, darauf habe der wälltsch inne
416 2197 1327 2293 geheissen mit imme kommen ein trunck zethun,
419 2261 1333 2350 er aber sich geweigeret unnd gesagt, habe
412 2308 1309 2394 kein gelt. da habe der weltsch inne
418 2354 1321 2457 beredt, mit vermelden, sölle nur kommen,
407 2409 1307 2505 er wolle schonn für inne bezahlen. alss
413 2477 1307 2563 nun sy mit einanderen by anderthalb oder
401 2518 1322 2610 zweyen massen wynss getruncken, sagte er
388 2579 1336 2673 wältsch, ess seye woll gelt alhier zebekommen,
383 2629 1308 2706 dann dass gelt in der kirchen komme Gott
394 2683 1305 2768 dem Herren nichts zue nutz, er äss unndt
398 2735 1341 2822 trinck nit, läbe vonn imme selbs, da seyendt
400 2789 1338 2875 sy beid inn einem guten rusch mit einanderen
376 2835 1301 2926 zue der kirchen uff dem berg gangen, seye der
392 2885 1308 2979 wälltsch hinyn gangen, er aber drussen wacht
389 2942 1326 3030 gehalten und wan er vonn wytem etwar ge¬
347 2999 1306 3090 sächen habe er ann dass gätter geschlagen
1153 3045 1296 3151 und etc.
1487 515 2569 656 Unnd imme dass zeichen geben. nach einem guten wyhl
1525 577 2572 720 seye der weltsch wider herauss kommen und habe von
1544 638 2563 762 dem bekomnen gelt imme Kreichwyh by 18 oder
1538 687 2554 811 20 batzen geben, imme zuglych auch in einem truckli
1518 745 2544 867 vogellymb undt ein stängli fischbeinn zuegestelt,
1530 800 2548 928 dass andere stängli aber habe er zue Fryburg
1525 857 2539 986 inn einem laden kaufft umb 6 krützer, alss nun
1528 913 2548 1034 gesagter weltsch imme angeruehmbt, dass vor un¬
1528 973 2540 1085 gfahr einem jahr zue Bern inn der grossen kirchenn
1528 1007 2544 1136 er sein sach woll gemacht und allwegen inn dem
1514 1071 2547 1185 porthal, da die grossen steinen standen, hinynn gangen,
1534 1134 2539 1227 dieselbe thür seye niemahlen beschlossen unnd wie
1540 1196 2538 1297 ers gemacht, imme sollche böse kunst gewisen etc.
1509 1239 2538 1366 (wellcher schandtlich veruebten taht vor ungefahr
1527 1299 2532 1410 einem jahr einn unschulldiger inn grossen ver¬
1514 1377 1940 1472 dacht gefallen) etc.
1499 1465 2517 1554 Alss nun gedachter verhaffte vonn disem weltschen
1524 1525 2517 1611 ballbierer kommen, habe er inne nit mehr ge¬
1517 1567 2498 1667 sächen, wüsse auch nit wo er daheim seye etc.
1508 1622 2518 1715 da seye er vollgens inn zweyen tagen darnach ann
1523 1675 2515 1759 einem feber kranck worden und by zechen tag
1531 1727 2507 1808 lang im spithall zue Fryburg gelägen, volgens
1535 1768 2448 1859 seye er vonn daselbsten frytags den 12. diss
1522 1829 2527 1890 widerumb alhar kommen und mornderst nach der
1528 1871 2536 1979 predig inn obgemeltem porthal, wie der weltsch
1512 1917 2521 2020 imme vermeldet, hinynn gangen und die imme ge¬
1502 1972 2506 2073 wissne böse kunst zum ersten mahl probiert,
1498 2022 2479 2118 dess vorhabens wann er nur etlich batzenn
1513 2084 2481 2180 überkomme, er sich alssdan widerum nacher
1501 2124 2520 2225 heimeth machen wölle. alss er aber unge¬
1498 2173 2489 2283 fahr by 20 mahlen mit dem fischbein in den kasten
1505 2227 2429 2331 hinynn gestossen, habe er 1 batzen zwen krützer
1504 2291 2487 2381 und 1 vierer überkommen und gahr nit wyters,
1512 2333 2504 2442 welches er auch fürher geben. uff wellicher
1516 2379 2505 2506 that er ergriffen und hinauff inn die gefangen¬
1482 2444 2478 2536 schafft gefuehrt worden, alwo er annoch ann dem
1494 2477 1885 2564 feber behafftet etc.
1503 2550 2498 2672 Er vermeldete auch, dass er ein frantzösische doblone
1517 2604 2498 2733 by imme yngenäyt gehabt und alss er letstlich
1499 2655 2478 2765 alhar kommen und kein gelt mehr hatte, habe
1441 2704 2420 2829 er sollche doblone, die er by synem mr. becken Christen
1510 2744 2493 2857 gnt. zue Endigen im Pryssgeüw in drey viertel
1492 2801 2478 2905 jahren verdienet, alhier in der saltz cammeren
1506 2847 2477 2959 gewächsslet und darfür 3 1/2 thaler und 5 batzen
1493 2887 2487 2999 müntz bekommen, daruon habe er 4 batzen 1 krützer
1496 2936 2480 3036 verzehrt und dass überig inn einem blauwen sekeli
1481 2980 2475 3108 verlohren und wüsse nit wohin ess kommen seye etc.
2248 3098 2466 3210 Demnach etc.
