3024 4032
469 605 1401 760 wie obgemelt mit wra im schlaff ze thun
484 683 1406 806 gehabt, seye sy uß widerwillen, daß sy
487 744 1433 866 nit mehr leben möge, uß trib- vnnd An¬
466 791 1448 931 ereitzung deß leidigen sathauß inß Waßer
458 864 759 977 gesprungen.
458 1016 1407 1152 Berners ist sy auch befragt worden.
475 1084 1427 1206 Ob sy alß sy allhier iIn der insulge-
465 1156 1423 1275 gwäsen, nit geredt habe, sy habe auch schon
454 1212 1423 1324 Zechen Kinder verderbt, vnndt habe Al
466 1283 1426 1400 zeit etwaß darfür yngenommen, daß sy
482 1343 1416 1459 keine kinder mehr überkomme: welliches
481 1400 1421 1517 Sy gentzlich vernemet vnnd sollches geret
495 1450 1423 1557 zu haben sich mit zuerinnere wüße, dann
479 1513 1421 1615 sy habe ire kinder, wann sy schwanger
470 1567 1373 1670 gewäsen. allzeit ordenlich fürbracht
476 1630 1408 1725 dy habe Auch sonst niemanden kein Vbels
473 1690 1410 1790 zuegefügt, ußert denen zweyen kinderen
454 1749 1423 1834 Da sy dem einten die müß zur aßen geben,
454 1799 1428 1895 Vnnd daß andere so ellendt vmbgebracht,
486 1856 1410 1954 seÿe leider mit deme nur zur Vill. .
949 2655 1425 2699 Vber wellche er der Borgedachten Elß,
464 1999 1428 2127 Vndt dan Letstlichen ward ira Borge¬
460 2079 1437 2193 ehalten, ob sy nit auch in der insullger
435 2142 1402 2270 eredt habe, sye by zweyen brüderen
442 2200 1391 2333 gelegen, vnndt offtmahl mit schweren
468 2260 1360 2388 bedühret, hat sy sollches gentzlich
441 2331 1410 2464 Vernemet vnndt daruon gahr mit wüße
462 2386 1421 2528 wollen, disere villfalltige großen Sunden
445 2441 1395 2594 unnd schwär verbrachen seye ira herzlich
450 2511 1402 2640 leidt, hätte gott, vnndt ein gnädige hoche
460 2559 1419 2699 Oberkeit, vmb gnad vnd vmb Verzychung,
462 2699 1429 2827 Vber wellche er der Borgedachten Elß,
452 2738 1417 2883 beth gutigkhofferin, an irer lyblichen
455 2791 1405 2961 Tochter Kindt vnnd Also Ir eignen Fleisch¬
437 2850 1409 3006 vnnd bluth-Vnmonschlich Ja Barbarische
448 2899 1442 3100 greüwliche begangne Mortthat unnd anderen
445 2959 1425 3133 bekenten sunden vndt lasteren, wider daß
464 3031 1435 3203 6. unnd 7 gebott gottes schwärlich bey
1275 3119 1450 3211 gangen.
345 1042 415 1111 8.
317 2041 395 2140 9.
1597 630 2616 816 habendt mahre undt oberen schulldt.
1600 720 2627 850 hinß nächt unndt Gurger uff iren eidt
1648 792 2410 921 zne necht erkent vnndt gesprochen.
1561 921 2601 1103 Daß sy Elßbeth Gütigkhafferin (nebend
1646 1003 2628 1145 empfellchung ires seelen, gott dem Herren
1632 1069 2628 1199 dem nachrichter aubefollchen werden, der sy
1653 1141 2641 1259 obenaus uff gewohnliche richtstath führen, ira
1637 1202 2598 1352 daselbst mit dem schwärt daß haupt ab-
1634 1278 2625 1430 schlagen unnd sy also nach der Freyen Lob-
1643 1337 2629 1493 lichen statts Berm Recht unndt Freyheiten,
1631 1425 2557 1565 vom leben zum todt hinrichten sölle etc.
1628 1641 2620 1776 Oere Urtheil, ist den 26. aprilis 1673.
1646 1727 2635 1860 Am ira gütigkhoffern exequiert worden
1631 2477 2419 2480 Bßem Ramßen schachen der amptheyung
1842 2074 2471 2199 ramination
1835 2177 2428 2360 Eibeth Hani.
1616 2305 2630 2510 Nach dem Elebethhamm
1642 2480 2611 2543 Bßem Ramßen schachen der amptheyung
1649 2523 2608 2623 Trachsollwalldt deß vor etwaß zyts inn
1642 2571 2601 2674 Krieg gezognen Ulli Neüwenschwanders ehewyb
1642 2636 2596 2723 zue Bishollz im ampt oberhoffen, vor weennig
1642 2708 2608 2786 Zeit Kranck gelegenn, hat dieselbe uß trib ires
1642 2743 2596 2839 gewüßens-irer villfaltigen begangnen greüw,
1645 2794 2611 2895 lichen mißhandlangen im ehebruchen auch Bluth
1660 2852 2611 2950 handen unnd anderen zureyen sich vertrabt je-
1664 2905 2581 2994 aber erkennt, unndt bekent, dardurch sy Gott
1643 2959 2578 3044 den herren mechtig erzurnet unnd sein heilig
1642 3010 2587 3090 gebotth mit schwaren sundenn uberträtten.
2371 3088 2606 3185 Weßwegen.
