3024 4032
473 440 1376 584 Daß sy ire tochter ganzernschafft vermandt mit
503 523 1384 633 denen worten, daß sy by lys woll zu seche
505 558 1399 686 daß der gröeffen keiner weder desohnnen
494 620 1382 744 . alß dem anglicker noch syner frauwen,
500 665 1378 800 dem Hürlig sabi nit in die händt werden
498 727 1288 829 dan sy ußsunsten ußbringen thäben
435 2332 545 2345 und letstlichen so vermeldet sy alß
469 890 1381 1058 Alß nun hernach auch gemelts Ang¬
485 986 1370 1100 lickers frauw befragt worden, wie eß eine
509 1043 1362 1168 bewantnuß habe, deß gelts halben, so ein
481 1102 1346 1223 gewüßer Appobecker von ihmn Fra von
491 1156 1367 1267 gwüßer matten nachen vor ungfahr
502 1214 1348 1320 einem jahr habe abrichten wollen, Ver
482 1273 1348 1379 gmeldete sy, daß eß ja beßer dan ein
489 1342 1342 1431 jahr sein möchte, (da ir man noch nit
491 1404 1370 1488 Alhierwahre. seye Herr Hünig Bruch
488 1458 1357 1561 schnyder von thun herren fanckhusers sochen
473 1501 1346 1623 terman zun frakommen von wegen deß
492 1572 1333 1675 einten brieffs, so sy von herren landtvogt
497 1634 1351 1722 Frisching gehabt, auch sollche widerumb
491 1691 1334 1789 seinem factoren herren steigeren verkaufft,
486 1752 1299 1844 wie sollches schan hieuor angedüte seye.
483 1812 1329 1899 Und habe sy befragt, wie eß eine beschaf-
456 1868 1326 1960 ufanheit habe, dann er habe die matten
476 1923 1329 2021 die fra in einem gülltbrieff verschriben,
470 1977 1336 2080 da sy auch zinsen geforderet wegen vor
458 2030 1333 2119 gefallner unrichtigkeit kaufft unndt
469 2077 1336 2173 ira nun schuldig sein werde, habe aber
470 2134 1348 2235 jra kein gelt geben, wylen sy imme ange-
449 2194 1306 2277 zeigt, inn waß handen nun derselbigen
484 2250 1323 2344 Grieff seye, so ira nit mehr zuestendig,
433 2345 1287 2460 und letstlichen so vermeldet sy alß
455 2424 1321 2516 sy hievor befragtworden, wie sy bißhar
457 2478 1284 2563 ire haußhaltung, wie fürgebn werde.
460 2526 1288 2613 so keöstlich erhalten könne, habe sy ire
459 2569 1314 2668 mittel unnd wohar sollches komme an
428 2630 1303 2727 gezeigt unnd aber noch darby vergeßen
435 2682 1281 2772 zeuermelden, daß sy noch von zweyen
446 2738 1299 2820 persohnen, etlich Cronen entlehet, vnndt
440 2795 909 2877 nochschulldig seyn etc.
413 2810 1329 2929 Insunderheit aber, so habe mhhr seckel
404 2886 1299 2978 meister Bucher nachdem ir man sich hin
410 2929 1326 3031 weg gemacht und der Martenen nachzog
423 2991 1268 3080 wegen seines diensts noch dryßig kronen
432 3044 1105 3128 geben für drey froufasten.
1103 3104 1237 3210 Item
1557 489 2569 636 Item habe er iraverhollffe, daß uß dem grohen
1551 546 2574 665 allmußen, dur sy und ire kindt fronfastlich
1588 607 2511 705 1. muth dinckel verordnet und ußgericht
1567 652 2551 774 worden seye, biß ir mann wider alharkommen.
1569 712 2526 836 da seye eß ira widergenommen worden, da
1580 771 2552 878 doch ir man niemahlen kein gelt gehabt noch
1581 828 2550 921 mit ime gebracht ußert letstlich enthalen.
1555 883 2555 993 unnd ein pfendt Dahar gnugsamb ab¬
1558 935 2550 1040 zenemmen wohar und wellcher gestalten sy sich
1576 994 2531 1095 leider reinerlich erhalten müße. Und wie
1576 1049 2552 1149 also durch ire widerwertigen uß wyds-unnd
1585 1109 2528 1197 haß, ira hinderkucks ungütlich widerfahren
1581 1150 2532 1261 thüye. wölle aber alles gotz und einer
1574 1207 2530 1303 gnädigen sochen oberkeit heimbgestelt haben.
1573 1256 2394 1348 Actum den 20. januarii anno 1675.
1538 1421 2500 1547 Als nun disere Examination Vor M ahrl.
1574 1490 2531 1596 Inn geseßnen raht relatiert, und abgeläsen
1559 1559 2521 1647 worden. Ward darüber von mahrl und oberen
1580 1608 2439 1701 erkent, daß Anglickers fr uff ein gute
1584 1657 2500 1745 demonstrantz wider ledig gelaßen, er
1570 1713 2480 1789 Anglicker aber wegen seines bißharigem
1583 1774 2532 1842 verübtenschlechten-ja ungebührliche läbens
1565 1820 2519 1883 unnd wandels zuu wollverdienter straff
1574 1857 2505 1953 mit dem eidt vom statts und landt verwisen
1580 1906 2427 1989 sein sölle. Hieglych sölle er so wyth syne
1577 1945 2514 2045 mittel sich erstrecken, den uffgangnen costen
1567 2011 2506 2086 währender gefangenschafft, so woll für inne
1571 2075 2517 2146 Alß auch für seine frauw erlegen und bezahlen
1570 2106 2322 2205 Actum 22 Januarii A 1675.
1695 2352 2365 2482 Heirich Häzler. Vndt
1784 2425 2175 2530 Ena Bleuwer.
1549 2480 2479 2596 Nach dem dise beid persohnen, nach In¬
1568 2572 2489 2643 halt chorgrichtlichen vortrags, sich mit einande
1568 2607 2479 2699 ren im unkunschheit vertrabt, auch schonn hie-
1562 2654 2484 2756 uor jedes ein ehebruch begangen unnd hiemit
1563 2704 2447 2788 Inn glychen fähler sindt, alß sindt dieselben
1565 2762 2509 2852 nebend ußgestandner gsatzmäßiger gefangenschafft
1562 2807 2487 2886 zur Wollnerdienter Straff mit dem eidt von
1566 2858 2481 2957 statt unnd landt verwisen worden, Den 9. decbr
1566 2904 1984 2985 AAnno 1675
