3024 4032
449 1009 455 1011 Alß er befragt worden, wie lang er mit
444 408 1346 524 dethun gehabt, wylen er impotens wahren
473 458 1334 573 von dem rohten geträuc aber so sy imme
463 496 1331 627 zue trunken geben, seye er gantz unsinnig
487 569 1359 705 worden, also daß er vermeint, könne sein
473 612 1350 754 wyb und kinder nicht mehr vor Augen
475 681 1357 780 seihen, sonders er müße sy erschießen er
473 723 1340 839 berüffe sich aber auff die procedus, So
461 793 1329 902 vor chorgricht hergangen unnd von vr g
473 853 1339 960 Inn geseßnem raht, er darüber wider
471 916 951 1011 ledig gelaßen worden.
446 1011 1357 1162 Alß er befragt worden, wie lang er mit
443 1106 1349 1227 der Martenen umbherzogen, alß wan sy
464 1170 1365 1268 Ehelüth währen, vermeldete er, daß un¬
452 1220 1353 1330 gfahr vor vier-oder funffthalb jahrenn
458 1281 1358 1397 da sy sich von hier hinweg gemacht habe
458 1338 1354 1449 sy inne sollcher maßen gebannet, daß er
455 1404 1348 1504 ira nachgehen müßen unnd keine ruhw
480 1463 1342 1556 haben können, Also auch by ungefahr drey
462 1515 1339 1612 viertel jahren, mit ira alß mit einer
461 1573 1327 1671 anderen dienen umbher gezogen, wellche
469 1630 1299 1723 imme auch sachen geben, daß er seine
470 1676 1348 1772 manheit wider uberkommen, vnndt
469 1743 1362 1823 alß er sich vom ira der Martenen wider
444 1799 1335 1876 umb entzogen, seye er seyne kunst zeüben
467 1857 1355 1950 So er vom Vnderschidenlichen Artzben, vnndt
449 1923 1371 2002 Auch underschidenliche stuck von der martenen
462 1974 1359 2072 selbstn erlehrnet mit arzten und schreyere
450 2030 1356 2130 herumb gezogen, sich desto beßer durchzue
449 2086 1334 2175 bringen, vnnd zuerhalten: Sy aber
455 2142 1340 2234 habe sich zue Kreyer- mit einem diener
470 2198 1331 2271 unnd einer magt uffgehalten, unnd such
456 2254 1347 2345 mit köstlichen sachen unnd schanwäßen zer
434 2302 1305 2393 machen, auch mit anderen buhleren
460 2353 1248 2443 so ira Lieber gsin, alß er erhalten.
438 2472 1332 2567 Vor etwaß mehrdann einem jahr, haber
458 2534 1341 2626 sich widerumb alhar begeben, sich vor chor-
449 2590 1341 2682 gricht yngestelt, abgebüßt und mit syner
451 2629 1339 2728 ehefr widerumb haußgehalten, Alß
444 2687 1350 2791 aber er gesuchen, daß er sich alhier sampt
449 2748 1316 2834 wyb unnd kinden nit woll durchbringe
445 2794 1358 2900 könne, habe er sich widerumb hinweg bey
424 2837 1332 2944 geben mit seiner knust zegewünnen, daß
453 2904 1337 2991 er sein wyb- vndt Kindt, desto beßer er¬
439 2935 1353 3048 halte möchte, nachgezogen sich auch in kriegs-
1179 3001 1364 3083 diensti
1534 457 2520 579 uffgehalten unnd für einen artzet gebrauch laßen.
1552 527 2530 628 unnd also sith seiner abbüßung mit der martenen
1557 565 2523 674 keine vernere gemeintschafft gehabt, sy auch sithar
1556 619 2521 749 niemahlen gesechen und einiche grieffen von ira nit
1562 722 1776 803 empfangen.
1539 833 2511 936 Warüber er auch befragt worden, ob er nicht nach
1561 889 2486 992 syner abbüßung, alß er mit syner fr den brid
1553 929 2508 1051 gemacht, mit der martenen widerumb gemeintsch
1559 997 2507 1097 gehabt unnd umbher gezogen unnd by jra unlegst
1552 1060 2498 1153 zur großen hünigen ghin unnd mit ira geläbt
1544 1106 2501 1213 Alß wann sy ehelüth währen. Nach vernommer
1553 1163 2487 1258 gezügsame einer gewüßen wybs persohn, so
1552 1227 2499 1311 sy also daselbsten bysammen gesechen, wellcheß
1547 1285 2517 1368 er aber gentzlich vernemet vnd nicht gestehen
1550 1332 2460 1411 wöllen, daß er nach syner abbüßung, einiche
1558 1394 2517 1481 gemeintschafft mit der Martenen wyters gehabt
1543 1452 2480 1553 habe sy auch sithero niemahlen mehr gesechen.
1554 1589 2518 1676 unnd alß er befragt worden, wohar er die mittel
1548 1660 2508 1739 nemme, daß er ein haußzekauffen und ze bauwen
1539 1708 2523 1773 vermöge, auch also nach der information unnd
1553 1759 2484 1843 bericht von der nachbarschafft-köstlich geläben
1562 1804 2472 1888 ein eigen pferdt ze haben unnd in vostlichen
1547 1848 2493 1938 kleideren uffzezuchen, hiemit nothwendig follgen
1546 1903 2511 1988 müße, daß eß synenthalber nicht recht hergange.
1551 1947 2507 2017 vermeldete er der gehausung halber, wie daß
1551 2013 2508 2088 er vom syner großmutter se, wellche den schüfel
1549 2054 2507 2128 je gehabt 400 lb erehrbt habe, so ime in deß
1540 2093 2508 2178 Schryber dubis geltstag sich uff dem hauß ob den
1548 2138 2500 2230 rahthauß, so besagts alten schüfelis se gewäsen,
1536 2186 2479 2269 bezalt ze machen collociert und verzeigt worden,
1535 2232 2431 2342 Alß aber herr andtvogt Albrecht Frisching,
1535 2308 2500 2385 auch uff demselbigen hauß 300 lb elters gehabt
1543 2345 2499 2417 habe er ime oder syner frauwen dise obligation
1544 2386 2486 2475 Der 400 lb sampt etlichen zinßen, so zusammen
1556 2431 2479 2520 by 500 lb gebracht mit zweyen gülltbriefen
1551 2479 2520 2589 der einte von 300 lb unnd der andere von 200 lb
1535 2541 2506 2629 Ann sich genommen unndt bezalt, hernacher aber
1541 2578 2509 2673 habe sein frauw, sollche brieffen uß mangel gelts
1542 2635 2511 2730 Herren stingeren deß landtvogt Frischings factoren
1541 2703 2511 2769 zun deßelben handen widerum vbergeben vnndt
1535 2730 2509 2833 verkaufft, der dan sy auch in underschidenlichen
1541 2777 2475 2876 mahlen, darumb mit bahrem gelt bezaltn
1520 2839 2494 2943 Item habe er auch vom Peter Aschlinan, Ver¬
1514 2914 2423 2990 mög handtschrifft by 70 f entlehnt: etc.
2242 3022 2430 3126 Item etc.
