3024 4032
455 571 1434 720 Da habe sy mornderst zeitlich daß kindt iun
494 660 1441 790 einem körbli verdeckt hinab Johnn Marzihli
475 713 1430 844 getragen, und in die ahren geworffen;
468 767 1409 884 dardurch vermeint (wyl sy die tochter
470 833 1445 945 alzeit verlaugnet undt nit bekennen wölle
476 883 1440 994 daß sy schwänger seye, sonder Allwyl
469 947 1417 1056 vermeldet, daß ire zeiten sich by iran
446 1020 1430 1123 verschlagen, Ire besorgende schandt vndt
468 1067 1411 1183 schmach zeuerthüschen, vnd daß Kindt Also
484 1135 1451 1271 Abzeschaffen. Sonsten bekent die Muter
478 1191 1405 1292 daß das kindt gsundt und grecht zur welldt
472 1256 1445 1358 geboren worden, vnndt wann sy eß albunde
448 1312 1445 1435 und imme die erforderliche pfläg gekhan hatten
466 1363 1406 1491 währe daß kindt bim läben gebliben e.
431 1635 1413 1760 Alß nin uß Wunderbahrer dürse,
449 1706 1433 1814 echung gottes inn 10 oder 11 tagen dar
444 1771 1408 1873 nach zue nechst daselbsten, wo daß kindt
454 1828 1420 1944 In die ahren geworffen worden, noch an
467 1901 1410 2010 einem gstudt behangendt gefunden, ußhar
464 1964 1407 2077 gezogen und also ihnen beiden für augen
458 2033 1407 2135 gelegt worden, haben sy es also balldt
466 2092 1425 2197 ir so unbarmherzigerwys abgeschafftet
448 2156 1437 2257 und vorsetzlich umbs läben-gebrachte kindt
442 2209 1272 2323 ze sein. sich erkent, vndt bekent..
432 2379 1439 2494 Alß Bollgens die tochter auch befragt
446 2463 1419 2553 worden, war deß kindtsvatter seye, ver
439 2518 1419 2618 meldete sy, daß derselbe Johannes heiße
450 2556 1395 2663 wüße aber sein geschlechts nammen nit
460 2619 1398 2727 habe fra dergeben, er seye zwar Vs
466 2673 1404 2777 seinem heineth verbriben, wölle sich aber
461 2736 1417 2840 zue Heidelberg senen, jra die eheversprochen
454 2786 1400 2880 Vnd darauf ein Silberstuck, so by 35 bz.
477 2842 1367 2947 wahrt gsin und ein dreyfach denkringlin
458 2904 1382 2999 geben, darby ein gewüßer Italliener
466 2937 1397 3043 namens Jacob, so gemeinlich baumenrantz
479 2988 1404 3082 bim kauffhauß feil habe, gsin seye, da sy
462 3036 1405 3136 ira gewüße sachen zue waschen gebracht
461 3101 1263 3182 derselbe söllches zezugen wüße.
1638 634 2571 736 vndt alß sy auch befragt worden, ob sy nit
1634 694 2580 794 auch schonn hieuor ein kindt gehabt, und wie eß
1632 741 2586 846 deßelben halben ein beschaffenheit habe tc.
1629 796 2587 885 vermeldete sy, daß sy ja by einem schmidt
1623 847 2592 951 der jra die ehe versprochen, ein kindt gehabt
1639 893 2587 1013 seye by zechen jahren alt worden und gestorben
1645 946 2580 1060 auch ordenlich begraben worden, unnd wylen
1633 1002 2588 1113 derselbe sich darvon gemacht, habe sy sich vor
1630 1067 2558 1162 Chorgricht angemeldet, seye von ihmmen
1623 1127 2568 1227 gescheiden worden uß mangel gelts aber
1627 1168 2579 1285 hab sy auch den scheidtbrieff nit gelößt.
1626 1319 2591 1441 Alß nun sy beidersytsgegen einanderen
1646 1408 2597 1497 onfrontiert worden, habend sy sich sollcher irer
1618 1470 2606 1554 vorbeschribnen bekentnußen (ohne angewente
1619 1507 2592 1601 jedoch bethreüwte Marter) heiter erkent
1580 1557 2587 1656 Vndt bekent, daß Sy Also vorsetzlich vnndt
1607 1625 2559 1697 unerbärmbdklicherwys, diß ir kinds alß
1624 1671 2510 1765 ir eigen fleisch undt bluth durchgericht
1616 1721 2580 1822 undt umbs läben gebracht habindt, welche
1621 1783 2555 1879 Ire so große beganhne Sundt, vndt Miß
1625 1830 2555 1931 handlung shern hertzlich leidt seye, vnndt
1613 1892 2541 1987 bafind gott den allmechtig undt ein
1619 1951 2593 2051 gnädige oberkeith umb gnad- und verzychung.
1597 2122 2553 2239 Ober welliche ir der beiden wybs-
1613 2212 2559 2304 persohnen, alß mutter vndt Tochter, An disen
1624 2266 2572 2369 armen kindlin irem eignen Fleisch-vnndt
1619 2322 2582 2432 bluth, so schandtlicher erbarmbdloher mißhand
1615 2382 2587 2498 lung undt horsetzlichMörderischer wys gethan
1606 2450 2569 2554 ner Verderb vndt Abschaffung deßelbenn
1606 2512 2561 2620 wie dan sy sich bekentermaßen mit ein
1608 2577 2575 2697 anderen Vnderiedt, dise grausamme Ja Bar¬
1623 2636 2582 2747 barische that, zubegehen, vnnd Also deß Kindts
1598 2717 2577 2823 Abzekommen, sich mit so großen Vndtschwaren
1613 2780 2518 2885 sunden gegen gott undt seynem keiligen
1613 2837 2581 2950 gebott-vergriffen. Alß habendt myhl
1583 2894 2572 3000 und oberen schulldtheiß naht- und Burger
1607 2946 2479 3039 zue excemplarischer Abstraffung sollcher
1600 3001 2566 3103 greüwlen vndt Casteren, vff Iren Eidt
1594 3051 2382 3155 zue Recht Erkent, vndt gesprochen.
2307 3175 2523 3276 Daß:
