3024 4032
519 354 1438 497 habe eß imn selbiger nacht, ein frisches sche
530 414 1390 534 geben, daß man die oeßstapffen der i
524 467 1422 584 woll hatte sachen können. Er Stüßi aber
545 525 1430 662 seye nit darby gsin, Auch mit damit vn
508 574 1435 708 gangen, wüße uch nit wer eß getheshie
482 670 1430 837 Alß aber er befragt worden, wie eß deß boßel
524 760 1429 879 halben, so dem alten herren probeti entfrömb,
534 825 1429 946 det worden hergangen seye. hat er daruber
529 868 1420 995 angezeigt, daß er Poßerth denselben synem
1295 708 1433 724 gangen, wüße uch nit wer eß getheshie
518 928 1411 1064 H schwächer selbs genomen, unnd ihnn syn
545 989 1420 1113 Rüßis hauß getragen, wellichen ervolgen
528 1035 1423 1147 dem küpfferschmidt Willhellm Meßener
529 1094 1411 1207 zeuerkauffen angetragen, wellichergestalten
529 1150 1422 1287 sy mit einandere tratiert, seye ein grüse
532 1209 1393 1324 Grieffli verhanden, so er Poßerth in synen
530 1258 1405 1370 deß süßis hauß oben in deß Rudolff
530 1319 1397 1425 Bagellsteins Hemach selbs geschriben und
536 1369 1387 1474 daßelbe darin den besten bericht geben
524 1427 1421 1531 werde, dann er sunsten mit ihmme poßert
542 1476 1393 1577 Auch mit niemandt anderen, In derglych
543 1533 1404 1642 sachen kein gemeintschafft gehabt, noch sich
534 1587 1392 1689 darzun niemahlen habe gebrauch laßen.
524 1649 1308 1753 Actum 2. Septembr. Anno 1674
586 1872 1395 1988 Vernomnen Bericht, von deß Poßerts
600 1948 1305 2028 Frauwn, vndt dienstmagk etc.
476 2077 1380 2197 Alß nun Bollgens den 7. septembr.
516 2156 1378 2249 uß ir g Beuelch deß Poßerts frauw
501 2212 1381 2319 Johanna Grobeti sampt der magt Anna
514 2277 1386 2371 Müller so jetzundt bim jungen schurer
516 2316 1373 2425 dem Pfister dienet unnd zue der zeit
515 2375 1362 2491 ein jahr lang by ira gedienet, Auch¬
475 2435 1399 2549 gegen imme stüßi verhört worden, vermeln
487 2497 1374 2598 odet die frauw duß Alß mann schonn
489 2543 1393 2660 gartnet, ungefahr umb verschuine österen
494 2608 1361 2713 er stüßi vndt ir mann by einanderen
504 2659 1359 2755 uff dem Benckli vor dem haußgeseßen
496 2712 1323 2829 habe er stußti zur iren man gesagt
492 2758 1356 2850 ermöchte woll einiß bischeßen, da
511 2835 1381 2923 seyend sy beid mit einanderen gangene
474 2867 1395 2971 undt er stüßi probiert, ob er mit synem
502 2905 1391 3019 Malptehloß-ehlüßel, daß schloß an dem
489 2949 1397 3071 Floßshiff, so dem schär und Heggen zugehörten
475 3049 912 3129 uffthun könne tc.
1047 3068 1381 3248 Daruffb
1600 400 2579 538 Daruff vermelldet er stüßi, daß nit er, sonder
1584 460 2570 602 ir mann der poßerten darvon möchte geredt
1605 513 2571 633 haben vndt inne also beredt, daß er mit imme
1590 548 2566 695 zum floßschiff gangen und alß er nit uff thun
1600 615 2568 725 können, habe poßert gesagt, er wölle woll
1596 663 2577 765 uffthun, habe ein langen nagel gereicht unndt
1611 701 2570 811 darmit geöffnet unnd by 35 stuck fischen
1597 746 2571 869 In ein sack genommen, er stüßen aber seye uff
1596 803 2579 914 der muhren gestanden unnd zurgeschauwet, Voll
1581 857 2565 983 gens habe er Poßerten, dieselben hinauff in
1614 910 2578 1021 ein stuben getragen unnd in ein kupffer
1589 964 2577 1083 kübel ußgeschüttet, darby er Stüßi auch gsein
1596 1016 2580 1136 seye, da seye sein goßerts fr wider uffgee
1579 1078 2293 1194 standen unnd die kischgetödt tc.
1591 1179 2565 1281 uff sollches antwortete sy, ir mann habe sy
1606 1247 2570 1351 darzue gemüßget unnd er Stüßi habe amch
1615 1286 2556 1385 sein antheil empfangen, wylen aber sy d
1589 1342 2549 1455 haußkein gelt gehabt, habe ir man etlich
1585 1412 2571 1504 Fisch weggetrgen und gelt entlehnt Speerey,
1597 1454 2567 1547 unnd wynn gekauffen, daß sy die überigen
1588 1517 1988 1615 hisch kochen können.
1581 1194 1593 1198 standen unnd die kischgetödt tc.
1559 1633 2550 1752 Warüber Poas Stußi vermeldet, eß seÿe
1586 1706 2553 1805 Poßerts magb obgemelt etliche mahl zue ime
1597 1769 2532 1838 kommen, er sölle die disch hellffen eßen, habe
1586 1814 2555 1904 aber nit gahnen wöllen unnd auch sollche nit
1590 1863 2534 1958 hellffen mëßen. Die Fisch aber deren by 3
1605 1917 2529 2000 oder 9 gsin, habe er stüßen erst mornderst
1597 1978 2553 2061 Ain sambstag znacht empfang, unnd heimbge¬
1610 2026 2541 2116 bracht, seye aber so spaht gsin, daß sein fr
1614 2071 2547 2152 sollche nit kochen wollen. Am sontag mor
1584 2115 2532 2200 gens habend dieselben ubel geschmöchet, also
1592 2163 2542 2245 daß er sy hinweg geworffen, unnd deßorts
1604 2214 2557 2291 nüt genoße. vnndt beharret Also, daß er
1604 2254 2540 2345 nit mehr dan diß eintzige mahl umb ostere
1598 2298 1986 2381 darby gsin seye.
1572 2411 2527 2538 vermeldet auch, alß er Poßert den Nagel
1571 2507 2532 2570 uff dem Floßschiff gelaßen, habe sein frauw
1580 2552 2512 2637 inne iren mann selbs gemant, denselben
1585 2600 2521 2691 gereichen, sonsten möchte man inne kennen
1584 2657 2527 2742 daruff er Inne gereicht, welches sy Auch
1601 2697 2062 2769 nit vernemen können.
1559 2738 2529 2855 Er stüßti zeigt auch den, daß er Poßert unndt
1584 2819 2529 2900 der schlysfer Hanß Jacob Sorg von Schaffusen,
1583 2862 2503 2942 so by erren probetidienet daß Floßschiff im
1590 2908 2525 2972 Schlyffebach, so deß mr Niclauß wagners wahre
1599 2963 2511 3034 mit einanderen genommen und in sein peßerts
2037 2769 2057 2772 nit vernemen können.
1586 3001 2519 3072 hauß getrag, seye aber nit mehr dan zwei
1595 3034 2015 3126 Fisch darin gsun etc.
2273 3140 2475 3233 Alß etc.
