3024 4032
501 413 1391 594 biß sy eß wider bezahlen könne, dan sy man
496 525 1386 648 Allezeit käpli vom gutem gewürtz unndt
515 576 1394 706 Kreütteren, so sy verkauffe, und dan fäder
512 629 1398 763 kauffe allwegen gette machen und wider
508 664 1365 789 verkauffe, also mit sollchem gwärbenn
518 733 1377 845 etwaß überkomme, sich darmit ußerstein
500 796 1372 910 Vermögens durch zebringen. Und daß Sy
511 846 1378 974 vonm hren hinden unnd mißgnüßig in verdacht
503 905 1367 1044 gezogen unnd verschreib werde, ob solte sy
505 973 1364 1104 ei liederliches wäsen, mit übermeßigen
493 1023 1384 1158 Schwelgen, In köstlichem eßen- vnnd trunken
500 1101 1386 1222 verüben, gescheche ihnen von selbig persohn
503 1165 1369 1283 gröblich unrecht, mit vermelden, daß solle
480 1219 1380 1335 iches villmehr, in deß Buchtrucker Bänzig
505 1282 1366 1404 Hauß, vnnd andere Vngebühren Zeuer¬
500 1339 945 1432 nemmen sein werde.
496 1480 1350 1619 Deß bewußten 500 lbgen Güllebrieff
503 1575 1373 1675 ware sy befragt, wohar sy mit demselbig
512 1622 1376 1719 komme? Sagte sy eß seye darmit also de
506 1684 1382 1785 bewant, daß ir bruder wegen ehrbguts
495 1749 1363 1841 iraschulldig gewäsen, der dan sy mit wyn
504 1794 1342 1895 bezalt, wellchen wynn sy vollgens gegen
489 1859 1339 1939 einem 500 lb Gülltbrieff, mit einer
488 1915 1351 2004 frauwen gent Gerberin verthauschet, seye
497 1977 1359 2053 geschechen, da ir mann noch nit stattkäter
493 2024 1335 2123 gewäsen, Wellen grieff sy auch hernach
498 2087 1353 2173 der alten frauw schurmeisterin verkaufft
489 2141 1371 2213 die ira auch darann 50 l für die ganth
461 2193 982 2275 ordnung abzogen habe.
427 2330 1341 2433 Ob sy nit auch geredt, wann ein gewüßer
466 2395 1323 2479 landtvogt werde alharkommen werden
482 2446 1345 2528 derselbe Ira geltsgnug geben? Vermeht¬
493 2492 1333 2578 dete sy, Eß geschuche Ira deßorts Vnrecht
473 2545 1346 2631 habe sollches niemahlen geredt, thut hiemit
487 2595 1055 2685 sollches gentzlichen vernemmen,
443 2676 1245 2787 Wyters befragt, ob nit ein gewüßer
470 2738 1335 2840 Appotecker zue Thun, vor etwaß zeits
461 2792 1316 2893 ira einem gewüßen zinß habe abricht
448 2849 1335 2931 wöllen und gesagt erkomme von einer i
470 2904 1345 3005 Matten nachen, sölle anzeigen, wohar oder
1198 2985 1338 3050 vonn
2073 742 2128 754 at auch vollgens vermeldet, waß die erkauffte
1563 474 2522 587 vonn wein sollcher zinßkomme? Sagte sy, daß sy
1572 532 2546 632 daruon vom geringsten mitwüße möchte woll
1573 567 2528 679 sollche leüth sachen, die derglychen unwarheiten
1563 645 1894 751 fürgeben törffen.
1534 754 2543 870 at auch vollgens vermeldet, waß die erkauffte
1553 825 2546 913 gehausung unnd erbauwung derselben, darumb sy
1558 872 2534 985 auch befragt worden, betreffen thüye, habe ir
1560 924 2526 1023 mann von der großmuter nachen so den alte
1553 981 2526 1099 Schüfeli se gehabt, eine obligation von 400 lb.
1570 1032 2510 1130 sampt etlichen zinß erehrbt, so der schryber
1548 1096 2523 1187 Dübi bezahlen söllen. Alß er aber einem
1555 1144 2529 1263 geltstag gehalten, seye er uff daß hauß oben
1551 1202 2534 1303 thalb der munz sollociert worden. Alß aber
1561 1254 2516 1352 herr landtvogt Frisching zur sanen 300 lb auch
1544 1314 2520 1399 uff dem hauß gehabt, habe er sy umb diß erb
1546 1359 2510 1473 guth, so mit hauptgut und ainßen by 500 lb.
1555 1414 2514 1524 gebracht mit zweyen grieffen der eintvon
1567 1465 2474 1564 300 und der ander vom 200 lb abgelößt
1550 1543 2496 1613 Alß aber sy mit den brieffen nit zu recht
1549 1587 2507 1660 kommen können, habe sy vollgens dieselben dem
1558 1638 2493 1725 herren steiger sein herren landtvogts factoren
1559 1678 2523 1779 viderumb zue handen gestelt vndt verkaufft
1559 1735 2508 1826 derdann sy auch nach- und nach darum mit
1560 1786 2009 1873 bahrem gellt bezalt.
1541 1861 2517 1964 Item haben sy auch, vom Peter äschlimag unnd
1570 1921 2362 1998 seiner frauwen by 70 l entlehnt.
1547 1970 2530 2087 Item vom Anna Hofftetter, deß Herren landtvogts
1553 2041 2512 2133 vom Graffenriedt zur Lentzburg, geweßne
1547 2091 2175 2181 Köchi auch 22 l entlehnt.
1539 2176 2500 2289 Item von einer anderen magt, alß ir mann
1558 2236 1885 2309 abbüßt, 5 l.
1541 2286 2538 2389 seye also diß daran verwendt worden, unnd stande
1543 2359 2512 2452 auch noch uff dem hauß wegen deß kauffschil-
1559 2410 2477 2512 lings, eine bewußte Suma per kest ußständig.
1508 2470 2511 2616 Alß ira Auch vorgehalten worden, sy werde auch
1550 2571 2505 2680 woll umb alles wie eß umb der Martenen sach
1562 2617 2511 2695 stande wüßen und von weine sy gelt ynzwedn
1556 2667 2511 2772 laße wylenn sy der sachen halben so vill Grieff
1555 2701 2528 2803 hinder jra gehabt hat sy darüber angezeigt
1536 2758 2484 2833 Wohar die Brieffen, Fra Inn dhändt komen,
1555 2791 2534 2892 seye also hergangen. alß sy bewußten griefs
1538 2841 2521 2940 halben, welliche Ir Mann, Ira Vnbewußt ver¬
1531 2908 2512 2988 ekaufft, da die Martenen sich zur dielle ufgehalten
2282 2980 2481 3083 daß etc.
