3024 4032
484 334 1414 559 So bekente er durch, daß er ein stuck kettign
490 449 1430 607 wenth undt dem Herreschmidt umb 6 h vrauff
516 503 634 579 habe;
518 535 1412 705 und letstlichen auch nach zwo geißen gwüsen
515 610 1408 751 persohn, so imme deßen nammen unbekant sege mit
482 672 1379 798 gwenth und verkaufft und allwegen daruß
514 738 1180 828 brodt und mähl kaufft habe etc.
479 806 1395 968 Alß nun dises morderst durch wollgemeltem
490 903 1381 1008 Herren großweibel vor Mahren in geseßnem
489 956 1382 1065 raht relatiert worden. Habendt ir g
494 1019 1404 1144 erkent, daß er deßwegen in dem schallen
479 1071 1397 1203 werck, jedoch ohne fing, ein monath Lana
490 1132 1395 1256 Abbüßen sölle. Octum 19. decembri anno
1223 1231 1380 1336 1672
Gristen Schmidt.
618 1350 1133 1547 Gristen Schmidt.
468 1548 1382 1685 Christen Schmidt ein Lygwäber ußder
464 1626 1387 1740 killchhoren Rüggisperg, so ann verschuinenind
459 1700 1381 1793 Martin Marith dem herren osterwalldt
464 1750 1399 1868 vom neüwenburg zwey Stuckli roht thu
476 1811 1371 1911 oder zug vor dem ladenweg genommen, da
461 1871 1372 1965 daß eite 27 ell unnd daß andere 15 ell
462 1930 1363 2033 gehalten. von wellichen 15 ellen er
463 1991 1388 2087 4. ell für sich behalten, ime daruß ein wull
469 2043 1388 2143 heimbd machen ze laßen. Darnan habe er
451 2102 1394 2208 zum Krütz 5 ehlen p 14 und 15 h verkaufft
449 2177 1382 2279 Daß andere Stuck, der 27 ellen, habe er der
455 2243 1397 2338 Elßbeth Wanger by dem gündein ob der kneüwe
449 2300 1373 2394 brächi wonhafft geben, daß sy eß verkauffen
472 2359 1400 2464 sölle, die dann sollches 1 9 h die ell vekaufft
447 2420 1371 2505 unnd imme gelt darumb yngehendiget, darvon
459 2468 1393 2560 er ira für iren lohn 1 g geben. Er habe auch
441 2526 1377 2641 jra unnd syner frl fürgeben, daß er sollches
459 2608 854 2709 thuch kaufft habe.
437 2661 1372 2785 Ist also diß sein verbrecht undt gethane er
442 2728 1384 2827 kantnus durch herre Großweibel Willa
452 2764 1400 2895 ding mahren relatiert worden. Daruff r
437 2833 1360 2966 Erkent, daß er Christen Schmidt gesagtem
443 2885 1393 3033 herren osterwalldt nach billigkeit bezahlen,
451 2950 1366 3074 unnd zur wolluerdienter straff, auch ein
452 2995 1379 3128 monath lang, in dem Schallenwercken abbüßen
456 3027 1400 3170 sölle. Actum 19. decembri 1675 jedoch ohne son
1696 470 2542 603 Bedelaus Thußer ußem ampt
1893 544 2185 638 Frienisperg
1516 576 2512 734 Eßhabendt myne gnädige Herren, vndt
1594 661 2507 764 oberen dem nulauß Tüscher geweßnen
1597 714 2510 814 weibel zue güttigen wegen entwenten
1598 771 2543 856 oberkeitlichen saltzes zne wolluerdienter gna-
1600 819 2546 923 diger straff unnd anderen zum exempel
1592 874 2548 970 zwo Stundt, dum daß hiesige hallßgseim erkent.
1593 926 2525 1036 So auch erstattet worden. Den 15. jan ao 1675
1755 1200 2470 1334 Barsl Stallder Craminarion.
1523 1353 2524 1493 Haoß dem Barbli Stallder Geörg Lubers
1597 1443 2543 1556 frl wegen begangnen undt angeklagten diebstählen
1596 1503 2540 1596 In die obere gefangenschafft gelegt. Ist voll
1605 1548 2551 1642 gens vermog rahtsbemelchs sub 13 januarii.
1601 1603 2441 1697 1675 mhren hüimblicher mey zun einem
1603 1671 2532 1741 examinatoren verordnet worden. Ist vollgens sy
1607 1702 2526 1784 excaminiert unnd befragt worden, wie eß mit
1599 1755 2549 1829 der gekleidung, so sy uß herren schulldtheis jenners
1597 1800 2531 1897 underen stuben seiner fr entwent hergangen
1605 1854 2540 1937 eyn. vermeldete sy, daß Ja- sy die,
1580 1904 2543 1984 selbige abendts, da sy ein liecht byfra gehabt
1594 1957 2544 2041 uß der underen stuben genommen, Eß habe aber
1599 2000 2523 2083 ein gewüße frauw vom Bumpliz, ira sollche
1583 2050 2514 2148 geschick angezeigt, wüße aber nit wer sy seye
1587 2104 2519 2183 nach wie sy heiße, disere gekleidung aber habe
1580 2153 2519 2253 hr. schulldtheiß jenners fr auch wider überkommen.
1562 2278 2500 2395 Item ward sy befragt wegen eineß entwenten
1592 2374 2508 2443 gießfaßes. Hat sy bekent, daß sy an versclin¬
1583 2408 2524 2497 nem regiments tag, ein zihnig hießfaß, uß deß jr
1599 2460 2532 2527 landtvogt Steigers von Pferten Hanß-An der Neü-
1571 2504 2514 2591 wenstatt überkommen, Eß habe aber ira daßelbige
1576 2548 2515 2635 ein gewuße fr geben, wellches sy einem bewußten
1576 2609 2505 2694 Kantengießer Verkaufft: Sy Aber habe Auch Ires
1593 2659 2526 2736 eigenen zihnigen geschirs selbiger fr geben, wüße
1587 2710 2482 2779 aber nit wie sy heiße sollches zeuerkauffen
1578 2759 2452 2840 die dan daßelbe auch beduben Kantengießer
1586 2809 2528 2893 verkaufft habe, Alß nun sollches alles verschmeltt
1592 2859 2490 2917 worden, habe der juncker landtvogt, sollchs un er
1582 2902 2520 2979 fahrung gebracht, also daß ermelter Kantengießer
1577 2945 2517 3024 uß den zihne widerumb ein anders gießfaß mach
1589 3003 2524 3074 müßen, darumn er ime ein thaler macherlohn halt
1574 3042 2538 3106 darzue seye ira auch noch ir eigen zihan dahinden bliben.
2310 3121 2529 3210 verners.
