4032 3024
1159 350 1401 419 nitwuch
1180 392 1804 502 tag 18 may 1552 in
1202 445 1857 546 der keffi p sennika her Jerman
1196 498 1889 635 Wuttsch₎ des jars und grosszr
1204 553 1377 636 Pastors.
1386 563 1817 671 Hans Stäli von
1191 627 1836 724 Wyler am Grünig anzeigt
1204 668 1871 778 Alls er vor vil Jaren das fuen¬
1222 732 1827 815 gelnun ghört predigen habe
1200 787 1849 880 er darab ein gfallen ghept und
1200 811 1846 929 sin hertz zu demselbigen gsetze
1193 877 1862 990 und nit vermeint darvon bewegt
1206 920 1829 1022 zwerden, In dem er vil von
1199 973 1799 1066 teuffern vnd Irer ler hören
1196 1032 1811 1113 sagen, das in gwundert was
1176 1080 1840 1183 doch ir leer ußwysste dochine
1189 1130 1823 1233 gwüsst das ir predig zehören
1191 1190 1888 1282 verbotten wäre, daruff angnärd
1195 1240 1841 1347 vff der strasst seye einer heiss
1189 1301 1831 1398 lüri uß dem amental zu im
1174 1364 1842 1447 komen, der inn anzogen ober
1190 1416 1796 1509 mit von tauffern ghört sagn
1184 1475 1872 1562 er geantwirt ja Lüti iun gfragt
1197 1522 1878 1608 ob er nit ein willen hatts einmal
1183 1572 1808 1667 an ir predig ze konen und sey
1182 1621 1782 1719 zehören, welches im gfallen
1223 1681 1855 1773 nd habe lüti inn wüssen lassen
1176 1738 1838 1825 wann sey zuͦsamen gwöllen und
1178 1794 1855 1875 wohin, daruff er zu inen gangen
1195 1842 1869 1932 uff den Wallenberg do sg versam¬
1199 1892 1843 1982 ler gwäsen, da hab er ghört
1187 1945 1817 2025 einenn in dem jestament läspn
1190 1991 1852 2079 und äben das so unser predican₎
1213 2042 1791 2132 lerint, sey ouch zeheisse und
1214 2081 1808 2175 daruff zewisen, welches
1197 2149 1837 2233 im nit übel gfallen, dann inn
1207 2195 1817 2283 edüchts sey furtin ein erbar
1200 2241 1786 2322 wäsen mit abstellung der
1211 2295 1776 2379 Costern, eec als nun dis von
1187 2339 1773 2448 An Stälin ustkonen seye er
1189 2401 1751 2486 darum gstrafft worden.
1195 2444 1816 2542 darüber als der Landtvogt
1195 2502 1799 2603 doto selig soͤllichs von in
2107 378 2673 465 hab er inn bschickt und
1939 411 2174 490 derh allt
1955 425 2657 524 Im äuzsagt ob er nie zum töuffer
1950 483 2659 579 gangen, dem er geantwirt da dann
1968 533 2679 628 er drumm gstreffe, doch nit gwüsse
1966 584 2643 677 das es vrotten gwäsen, daruff
1949 626 2654 741 her vot inck zugmutter die ubr¬
1948 691 2652 790 gen töuffer so er bkaute anzege.
1968 748 2647 840 ben und hellff₎ zsachen ✳ und
1948 803 2631 895 darum ein eyd zech und oder
1966 863 2558 931 Er müssel Statt vnd Land
1965 910 2592 1000 myden das inn bschwärdt
1967 964 2632 1057 dann in nit duchte das sty anders
1980 1017 2572 1090 glert dann predicant₎ und
2005 1068 2563 1167 wölle deßhalb sy zfachen
1978 1127 2579 1218 dhein Eyd schweren uff
1982 1181 2562 1270 üblichs zun der landtvogt
1956 1234 2584 1335 mit zwöyen ander fäncklich
1966 1293 2620 1383 hie harschickte in dem dachte
1964 1350 2643 1429 er by im selbs wäger sin vor und
1946 1394 2561 1482 Ee er deßhalb Eyd oder anders
1966 1429 2636 1532 zethun trungen wurde, ein wyehen
1982 1498 2572 1588 gegeben, deßhalb als sy har
1987 1545 2593 1636 fürdstatt komen do es schon
1979 1603 2574 1694 nacht vnd dunckel, stallte
1972 1649 2577 1742 er sich näbensich und fluch
1963 1705 2576 1788 darvon kain in Baspll piltt
1961 1755 2584 1831 Da selbst er sich sy 2 jaren
1960 1804 2554 1870 mit tagwanen gehangnen
1948 1852 2575 1915 darnach als er verstanden das
1968 1889 2557 1972 in Osterrich ein guͦt land unnd
1966 1944 2535 2018 die guter dawolfeihwärnit
1969 1990 2601 2076 hab er sich mit siner frauwen.
1941 2035 2632 2128 dahin gfücgt und zu Gottenhoffen
1950 2093 2564 2174 gseetzt ✳ doch dem landtsherren
1954 2132 2585 2228 daselbst dhein eyd gschworen
1949 2181 2648 2276 dann er im dheins eyds zu gmuter
1969 2234 2637 2308 vnnders Im anzeigt nach dem er von
1967 2283 2615 2363 Im erfaren wannen har vnd warun
1966 2323 2586 2402 er dahin komen) wann er mit
1969 2365 2616 2453 zins und stüren ouch andern ding₎
1963 2424 2634 2491 wie einanderer anderthan ghorsam
1922 2465 2526 2561 sichhallten mög er wol. Da sich
1976 2502 2593 2601 setze sye jetzmerteils bin
