4032 3024
1138 376 1859 526 it Im zu dem bemeltt marchftrin
1637 483 1703 526 vnß
1130 459 1842 585 zgannd so welle er jalfn siinen
1166 530 1821 629 Eignrnn kostenn und fem
1176 580 1834 686 darzu fùrenn ✳ damit unnd man̄
1183 645 1785 752 seche ob es allso sy wie vor
1172 691 1734 812 gemeldet vnnd geredtt ist etc
1172 773 1833 924 Irmnach err wol anzrigt fr
1144 850 1859 989 habe vernnffnckenn Einenn marchstein
1147 910 1811 1026 mit dem pflug samptt dem gstfùr
1161 975 1866 1083 wir manns nemptt wol umbgfùrtt
1179 1038 1855 1127 unnd umbgftosszenn ✳ aber im das
1186 1082 1860 1207 ellig ut mitt willen gschachen doch
1175 1127 1853 1237 vonn stund unnd fptt den selbign
1138 1182 1860 1295 widerumb inn form unnd gstaltt
1151 1241 1843 1356 wie er vor gffandenn jùngstet
1162 1297 1847 1406 unnd uffgriefft etc. zum andern
1135 1360 1863 1461 i im fùr ghaltt₎ ob er wider
1173 1414 1842 1508 nin j frerenn thatt unnd burger
1171 1463 1869 1560 der ztatt Bremat trùw wortt
1156 1519 1845 1611 widder sy ghaltt unnd uszhand
1181 1567 1815 1674 lasßenn, daruff Er wyther
1186 1627 1867 1727 gsprochenn er frige es nitt tan
1196 1679 1781 1770 unnd kein fröw noch schältt
1186 1736 1840 1822 wortt wider sy ghalttenn ✳ aber
1176 1783 1846 1868 wol wider sy unnd geg₎ Hanns
1161 1829 1880 1922 wende unnd surm schwagern
1176 1883 1857 1970 hannszen ✳ und das huf usz der
1189 1928 1842 2012 ursach das sy inn dà dänwnn
1181 1975 1845 2056 Lùwennd wolttenn wiewol er
1188 2025 1789 2096 nun seiliche frew wortt gegen
1191 2073 1863 2153 bemeltt zwen beueff unnd trybe
1224 2121 1870 2208 woll er fnrnn doch kein shaden
1223 2169 1841 2266 zu fügend zum dritte ind
1203 2230 1839 2297 fürghalttn word₎n wie es keuw
1203 2275 1877 2357 das er sich inn der gfencknuszs
1276 2326 1715 2404 o Lotz gstellt dien
1207 2347 1804 2451 gfangen gtegenn unrd dur
1210 2403 1871 2503 ab von der gfenkunsz gfgugen
1226 2464 1841 2546 ghteget ✳ unnd vir se grarlich far
1207 2504 1879 2591 wie er darumb sy finbstfrid
2049 358 2603 474 begùrtt ✳ uff somlichs enr
1941 420 2158 523 ewen
1929 427 2601 554 auch briefttette vnd verfrandigett das
1930 485 2595 605 froub kouptt wir konr zum zytt₎ also
1935 534 2567 638 en wenn er nitt zum houpt laaffe
1940 585 2594 692 das man etwann zum dorff so i
2203 640 2326 693 ankom
1926 647 2553 757 das houpt wer angett zun einem
1930 692 2543 808 schaaff stall besthlosßenn hate
2526 701 2593 781 h
2281 741 2488 795 eis
1916 764 2593 868 Damit vnnd Er nit etwan en
1922 798 2619 913 landt futt oderander seater hun
1966 858 2570 960 andt wider wandkend fde zu
2135 929 2292 972 das nun
1901 930 2025 998 sahtn zu
1905 933 2550 1029 fugtte ✳ darumb es inn in der
2420 969 2521 1016 nd
1924 982 2585 1082 gfrncknus ouch anckommen wa
1919 1029 2588 1135 Elsensterng ghalten hatte, darumb
1922 1086 2556 1172 also gewitett hatt das sy
2256 1132 2484 1189 dumb
1930 1149 2551 1239 der bstheid ✳ dem virndtt
1945 1203 2575 1301 gfragtt worden, was er meynr
1933 1250 2579 1352 mit den füsth so zu im komen
1926 1316 2591 1405 druff hatt er also grantwuetet
1934 1366 2561 1456 Die Els bissen innso mächtig
1927 1413 2595 1502 das Er vermee vnnd wennt
1927 1477 2504 1565 Es sye mit annders den jung
1930 1523 2616 1617 tafflen gsen zum fünfftten
1927 1577 2571 1673 im fùrghaltten wordh₎n was er
1943 1636 2511 1723 mit dem gürtell so err an habsn
2413 1645 2655 1734 anzeng
1942 1692 2549 1773 binfftt thun hatt wollen ✳ dauff
1933 1741 2594 1826 so vnderwysse Ersprige den guetel
1950 1790 2581 1884 in hals unnd ehrnd kinpfft khan
1945 1841 2580 1935 dann Er mitt ghan vnnd ferge sich
1929 1884 2620 1982 Selber der gfencknuß zeredig nch
1914 1946 2602 2034 vnnd hrige also faden wellen
1920 1988 2631 2094 uff lupffen ✳ damit er sich wir
1916 2035 2615 2145 vor gseit entledige unnd das darumb
1908 2066 2635 2191 vorwartfer zu forberg siner bemeltter zu
1918 2131 2605 2234 Hansen mutter gseitt hatt Er wurde nitt
1920 2180 2595 2293 bardt usz der gfrncknnsz bsomēn so f
1915 2228 2538 2348 ein mal gfang unnd ingleitt
1957 2317 2108 2395 wurde.
