4032 3024
1151 366 1821 481 Ist Hans Steiner von Isch
1111 429 1822 541 die kefy ffürt, vnd kych bfrage
1142 490 1611 573 was er ghendler
1126 537 1823 635 Ist beckentlich, das Er Ien Im
1136 597 1816 682 gerbet dem peter sagsin zu
1106 637 1836 738 Erles bach ein ku us der weye
1142 688 1842 777 mnot und sy seinem wal
1123 734 1795 819 lissen, so zu ösche dienet
1140 777 1809 867 risst fundstho vnd A
1137 822 1838 928 zechoffen geben habe, sst
1115 883 1804 968 d wie nitt gstolt dise
1237 935 1813 1021 er by fennder lrenher
1138 979 1368 1063 dienet,
1363 979 1804 1067 ic₎ fronklich by
1124 1026 1342 1097 Im verhalten
1400 1042 1800 1111 Er wölt das
1133 1064 1824 1165 sine frund wisster, das er
1143 1130 1797 1213 hir frnb, so werden sy f
1152 1166 1800 1257 zun burn hab noch sein
1151 1228 1794 1314 muter zu Esch, sye tsthan
1150 1280 1818 1365 Bobelers von Senen schwö¬
1147 1328 1330 1407 ster
2176 287 2614 386 Roden 24. none. 4
1898 332 2616 489 Instat der nachrichter Ist in sem
1984 411 2621 533 zoht, minnhe sye fürkenn, er
1907 455 2635 573 Ib zu Strafftung noch ein erfrouwen
2531 504 2607 550 6
1890 508 2522 622 Ab es also sye onder mit
1893 537 2663 659 benntwurt ✳ als er zu Straszburg
1916 595 2641 704 isiner muter gsen in seiner Jugend
1896 636 2640 740 hab Er ein Erwyb ghept, die muter
2157 683 2652 769 dorff etwas rich
1902 708 2103 792 schickt sy zu
1887 719 2661 825 do gienge sy hiweg vnd sie sider nie¬
1901 773 2660 852 mir zu ine kon uber ein zyt hab
2409 813 2636 885 zogt by
1884 820 2236 899 Ers einem predic
1892 830 2638 934 dem Junge S peter, dr spreche, Es
1885 893 2591 975 were dero von Straßburg ordnen
1875 935 2670 1019 das Er sy ein wuchen oder fnff so b
1897 981 2625 1059 suuch daruff Ruchte brs f
1880 1028 2663 1103 und fùr ✳ und hab ir wol vi jar
1898 1066 2659 1146 nachgfragt aber nit können Erfragen
1889 1105 2597 1189 zu letst zeugte ens dem precante
1914 1149 2613 1220 zu Jung S Peter an der seit
1888 1181 2627 1264 er wüsst ine kein wyter beschriyn
1904 1229 2645 1304 zeb er möcht im nun thun wie
1888 1272 2648 1344 er wölte, daruber bätte Er seie
1905 1319 2576 1383 frund, dweyl er nit mir der
1901 1354 2555 1426 möchte sy zusuchen, das sy o
1905 1399 2595 1461 dr nachfragtint ✳ as sy o
1917 1440 2604 1514 than, vnd habe Er noch F. Dar
1908 1478 2597 1553 gwartet, vnd also by e Jar
1893 1509 2667 1597 verzogtn, ob er ein ander wolte
1923 1563 2062 1624 nensen
2057 1559 2633 1633 Aber als sy nieman
1911 1593 2634 1677 kent befrag vnd vederman
1924 1644 2625 1715 meint sii ware gstorb do
1925 1689 2355 1757 hab Er dis sein alt
2365 1694 2635 1764 meuterli
1928 1721 2179 1789 gvon ✳ und
2255 1736 2639 1806 bald. 19 Ja
1932 1775 2652 1843 upt  von der vordris
1917 1813 2654 1884 weder vor noch nach mir mit
1938 1857 2643 1911 ghart bis das nichans der
1944 1890 2201 1960 nachrichter zu
2244 1899 2649 1974 Fastl Im der
1941 1933 2667 2014 nom gseit, Er Eönn aber nit
1941 1980 2591 2052 klomb das sy noch in laben
2119 2024 2606 2103 So Er aber an dem
2031 2073 2615 2157 abstar pfält, so wöll er
1957 2127 2619 2212 sen eigelten, aber on rat
1924 2178 2517 2263 hab er nüt thandlet etc.
