4032 3024
1190 367 1863 518 Eodem psentitu der obgenamen
1210 445 1789 556 ouch in der Keffi frantz
1208 502 1712 602 mentzisperg anzeige
1239 570 1850 681 er habe die wort selbs vom
1229 623 1523 679 walen ghörr
1519 640 1819 708 und den
1233 661 1876 775 kempffen selbs gspehen darby
1237 724 1863 833 tan. Doch seig er nit ghöre
1215 763 1869 868 das kempff im zu antwurt
1221 825 1804 921 geben. du Redist es war
1217 877 1612 968 morn frùg gnng
1250 930 1822 1041 er hab aus den kompff₎
1235 992 1813 1081 gnug erzeigt und latt
1224 1043 1841 1135 wol siner kundschafft nüt
1214 1097 1846 1180 dörffen, Ist anred das er
1221 1150 1865 1238 Inn zu muliturnen näben
1238 1204 1769 1285 sich gfürt, aber allein
1214 1256 1842 1349 esmand der worten indenk
1229 1306 1447 1391 ze Rlyben
1153 1436 1878 1543 Ist uszglassen gar ledig vff e
1181 1509 1614 1597 smnein urfecht
1996 439 2691 534 Sambstag 28. May 1652. 7 stti
1998 510 2586 581 b h math knecht des Rart.
1991 548 2679 635 Sien Störchlis Hans v. Watte
1995 597 2553 682 wyl hu großen paston
2006 651 2350 739 zu marstly
2343 628 2576 737 fragt
1973 743 2680 840 Cristan Sthaller von Schnotwyl.
1988 798 2663 886 anzeugt, die brune löntsche hocket
1971 850 2679 929 vnd das grosser rot meylander bar
1981 903 2665 974 ret spent Ineinander sunde zu
1970 949 2566 1018 Cansental hinder dem wirtsh
1993 958 2670 1068 zwüschen zwöyen schyen auf der
1990 1025 2658 1117 strass gsteket, als er da für zog
1984 1094 2673 1166 vnd den rock gsechen hab er iun
1975 1130 2674 1214 heites tags offentlich, das vil lut
1975 1182 2642 1261 gechen vßher zoge vnd vff sin dus
1977 1238 2691 1309 fundt, vnd mit Imtragen, aber nit
1972 1283 2671 1337 gwust, das das berret drinn was
1972 1322 2678 1407 bis er darnach darubu gungn habs
1979 1377 2468 1439 zu Witigen zubhalten geben
1959 1397 2693 1490 Darnach, als er einem vß dem ponne
1971 1458 2690 1539 Ulli Strngli gnempt wölcher 20t
1972 1511 2634 1590 schlyffsey offterland fürt
1949 1544 2694 1623 oen imn schuldig ysen wol 7 jer
1963 1592 2677 1669 selt shönschen seite derselb etlich von
1958 1639 2679 1718 Caupental hättents hinder Im verbtt
1948 1693 2677 1762 drun das er zuen prock t, barrnt
1947 1731 2656 1801 hinwegtragen ant, er ich bin inen
1955 1764 2613 1835 mit schuldig, dan Ichs anfeyen
1960 1809 2663 1877 Strass fundt vnd vffshept, das vil
1951 1842 2402 1916 lut gsechen, vnd nieman
2400 1856 2661 1916 nit stüt
1961 1888 2632 1950 dann er habs nit in stäles wiß
1949 1937 2671 1997 gnon, si läbe lab kein haller wert
1946 1976 2671 2042 entfrömbdet, wie wol er vil shandler
1922 2017 2662 2088 am zwerb mit kern san bel zuf
2023 2055 2443 2116 vnd in andr dis
1948 2061 2671 2161 vn das ers mit Im so fräuelich
1954 2135 2554 2214 hinweg tragen begert er gnad
1953 2186 2501 2258 zue wyssen fädern heig er
2515 2201 2620 2258 mer
1953 2230 2495 2295 dan e Jar Shan, als mi
2556 2240 2653 2304 gros.
1940 2248 2529 2331 noch schulths zu serren gs
2542 2280 2585 2317 16
1943 2295 2656 2364 das kleiner rot barert vff marh
1970 2342 2205 2412 1 hie koufft,
1968 2380 2586 2456 zu önsingen hab er v el wysse
1932 2421 2624 2503 Wamisten schürligenkaufft von eine
1944 2469 2630 2540 kramer im wiltohns vnd die der
1947 2518 2646 2592 tuschet vn vieln wyssen frou
1946 2558 2640 2643 wenschullig, syent nit dishla
1939 2603 2032 2674 schen
