4032 3024
1076 1956 1147 2013 ab
1160 406 1747 516 zinstag 19 julii 1552
1167 488 1801 603 sennikg ger Pfisters des thab
1166 547 1732 658 ludwgs von Schuppffen ✳
1152 609 1663 697 und großw Pastors c.
1136 650 1684 766 in der Koff steffan
1130 720 1848 827 Hurschen frundem mangier von
1190 772 1289 820 sol
1122 799 1421 875 hat anzeigt
1172 813 1723 925 Es habe sich vor ettlich
1157 895 1755 971 Jaren zutragen als er allhie
1152 944 1779 1022 im sulgenbach in Luestorff
1149 984 1773 1068 des mülles huß zu Herberg
1155 1041 1773 1117 gwasen unnd desselbenlit.
1152 1073 1784 1172 storffsfrouwgsprochen es wär
1142 1142 1727 1231 gut vishen das er mit
1137 1191 1791 1300 ettlich gsellen gang ganfischen
1114 1261 1735 1332 In  Diebold von Erlachs
1125 1302 1798 1398 Bach, da sy des junckern sun
1143 1362 1797 1451 gfunden und gfragt wärs inen
1148 1419 1798 1518 erloupt, welchem sig die visch
1154 1471 1790 1562 otten, als er sey aber inen die
1136 1525 1824 1609 nit wöllen abnamen, senndes
1136 1578 1839 1667 end nit wol sfrden gsin habe
1100 1637 1812 1729 In diser gsprochen ich hat ver¬
1155 1693 1842 1774 meint unseren alt vordem hättent
1148 1738 1746 1815 Holtz unnd wasser gfryee
1145 1763 1803 1871 Nach dem syt ) diebold selbs
1153 1830 1804 1917 hie in der statt zu im komen
1142 1891 1769 1974 unnd inn bschollt₎n sprechende
1151 1934 1740 2028 er hatt im das sin woller
1132 1986 1817 2087 fry mach₎ tc. und darnach als er
1158 2038 1812 2126 statthaler gsin den weiblen
1172 2088 1797 2180 benblch inn ust dem land
1189 2142 1799 2234 zewysen. Das aber diser nit
1171 2192 1772 2266 hun wöllen vnd dernemt
1181 2247 1829 2328 söllichs nit verdient haben etc.
1163 2272 1850 2384 nach sollchem wurde er steffen
1170 2349 1764 2435 mit ein allhie zu vnfriden
1170 2396 1789 2483 und darin in dkesfi gleit
1179 2445 1794 2524 dohab im der weibel ein
1170 2498 1783 2564 eyd von statt und land
1178 2547 1797 2631 geben vnd als er denselben
1173 2597 1797 2683 engern thun wöllen, zu im
1873 325 2631 487 gsprochen es war ee ver zeihnud
1924 421 2404 536 gät man sin fgessen
1907 458 2625 615 darnach zu Nydomo als er ein
1942 519 2577 641 guten trunck ghept unnd inn
1928 581 2552 680 der logt gsächen hab er zum
1951 621 2559 746 loss pfhär zurey ingsprochen.
1905 702 2517 813 Kessler. Ich hab dich zu
1937 756 2541 872 Bern in der koffi ghept. ch
1933 804 2636 927 main Ich muß dich ic ouch drum
1943 884 2551 986 gan de weisen das die miner
2496 947 2578 1022 1ß
1918 939 2495 1048 herren pist myden solest
1932 988 2549 1099 daruff habe diser steffan
1915 1058 2597 1159 im geantwirt er has nit ver¬
1945 1112 2596 1206 wwit, das er inn sollt inleget
1907 1171 2544 1260 vnd Ehr war der man niit
1939 1215 2555 1322 so inn julegg₎ dörffte uff
1940 1273 2542 1388 das khäie der vogt abhär
1937 1324 2499 1433 mit zwegen bruigknecht
1935 1392 2559 1492 desprunge diser aber den
1934 1451 2488 1525 stag und wäre ery
1931 1495 2571 1578 spräche der vogt er wer
1936 1555 2493 1651 ein fältflüchtiger schellin
1936 1610 2625 1691 und s er ein aderman wäre
1930 1663 2510 1753 So sölle er überhär khon
2232 1715 2315 1768 it
1918 1716 2592 1814 do wölie diser Aiderman sein
1925 1770 2610 1872 grugt wof uberhin und zuckte
1912 1821 2631 1925 und wurd gfang₎n unnd hab
1913 1887 2494 1974 daselbst abermalen im
1940 1941 2585 2028 Eydthan müssen aß miner
1936 1976 2599 2082 Herren piet D welches
1921 2051 2512 2138 inn ùbell thuret dann er
1924 2079 2624 2183 vermeint nit so übell mißhandle
1919 2135 2591 2252 haben darzu khönn er übell
1928 2197 2568 2294 miner g. Herren Landmiden
1902 2246 2590 2348 von wäg sins handtwercks
1935 2304 2566 2418 Duch sins bruders vnd siner
1941 2346 2602 2453 frunden so hin vnd wider dari
1948 2394 2584 2492 onnt, die ernit bstuch miht
1918 2451 2528 2569 und als er verschinner zy
2558 2485 2624 2546 abe
1966 2502 2563 2626 stumr kinden eins dero er di
