4032 3024
1253 355 1895 490 Mintag. 1. Februarii 155
1262 433 1783 522 ssentih her mathaus
1241 477 1872 573 Knichts, des fats Ca¬
1250 525 1872 635 spar willadings z grostw¬
1262 573 1423 648 Pastors
1251 630 1669 741 der kefy gfragt,
1206 709 1859 833 Simon Banden von Paul¬
1215 780 1657 855 ttrauers gsesse
1220 828 1492 911 Wichtrach
1643 802 1856 924 br alßo
1215 876 1417 967 anzuht
1145 950 1827 1074 Es hab sich begeben, das an
1169 1040 1825 1124 Einem donstag zachet, Inn
1190 1110 1873 1188 welcher nachtt Auff esthantzen sol mit
1169 1154 1841 1259 tod verstheyden sin, alls den selbenn
1180 1222 1846 1316 donstag grichtt zuͦ khisen gsin ✳ vill
1167 1280 1869 1372 lutt zu Khisen znachtt gessen vnnd
1173 1348 1850 1428 ouch ein Schlafftrunck than, Alls
1159 1397 1842 1483 nemlich derselb Auff esthantzen
1168 1458 1860 1553 Christann Saltzinan, uß dem Eegen¬
1177 1513 1830 1612 wyll der jnnng Hanns Multer
1169 1574 1856 1681 vieli Matys Hanns Kholer und
1167 1641 1867 1730 ein zun schnewli er aber simon
1174 1693 1860 1794 seig mitt da znachtt gessen, aber den
1153 1763 1622 1858 Schlafftrunnck than,
1231 1807 1862 1909 llis Jederman hinweg vnnd hie¬
1203 1875 1841 1978 jang₎ syeutt der sigrist unnd
1177 1925 1857 2024 er allein in des wirtts stuben blib₎n
1179 1992 1840 2081 pttwan ein halbe stunnd nach dem
1162 2051 1838 2149 Jedermen hinweg khon, do heig er
1170 2115 1837 2205 siinon) der wirtin ein massz win
1173 2169 1855 2260 ghöuschen, die sy im in ein geltt
1171 2223 1854 2311 geben, do batt sunon den sigristen
1149 2273 1865 2379 Er soltt mitt im keinn zu sinem huß
1155 2339 1828 2426 gan er well sin frouwen uberwed
1156 2398 1856 2496 das sy inen küchlotte ✳ darzwüschen
1157 2452 1849 2558 er den win nam, was der sigrist
1956 386 2688 488 inn das obergaden gang₎ ✳ unnd wantt
1955 438 2697 537 aber er srinon) er wäre vor damen
1938 477 2688 588 uff den weg mitt im heim zegann
1932 529 2665 659 do hab erkhrinon den win aufends
1932 590 2636 708 des obends heim In sin hus trag
1946 674 2683 767 siner huszfrouwen am bott getrunck
1941 716 2667 841 geb₎n ✳ darnach den win uff den tisch
1952 758 2700 880 stan lassen, vnnd syge er des donstags
1940 850 2284 955 zub₎n in der gangen
1972 870 2684 1012 im selben donstag jaben sy ruff
1965 961 2671 1067 tschantz ✳ unnd all ander uszguon der
1948 1018 2664 1123 sigrist ✳ vor im usz dem wirtz husz
1956 1060 2671 1186 zu Khifen Hineeg gfin all obstatt
1946 1114 2624 1244 nun sye sein huß zwüschen khisem
1944 1162 2685 1290 vnnd wichtrach bim Khiestrum In der
1949 1239 2677 1352 suw unnd syr aber ruff tsthantz
1954 1315 2671 1413 am frytag haben funden worden, bas
1961 1354 2670 1472 abhin grad geg₎ dem dorff wichten
1951 1421 2542 1521 vnd für sin hußz ebhin ghin
1912 1474 2642 1605 Im frytag aber sye er sinon
1953 1548 2655 1640 den gantzen toff nit von lütten bhon
1938 1600 2644 1706 Sonders heig In der ouw In flu¬
1947 1657 2625 1764 rina bach gholffen fischen, dem
1939 1716 2670 1825 saltzman zu brsatzung sies wyers
1939 1781 2649 1890 mitt Nicli mathys, vnnd dem Jung
1933 1832 2654 1940 hunns müller ✳ alls sy labenn
1947 1887 2621 2003 das garn dem aman zu Khiser
1941 1941 2620 2053 heintragen do habe sy am selben
1934 1979 2660 2101 abentt vernon kuff tsthanz sol.
1921 2083 2149 2173 e erd sin
1949 2129 2643 2232 Bendichtt Jaberger des aiaus
1963 2178 2619 2275 tochtterman zu wichttrach habe
1964 2218 2666 2337 ouch ein mall gsegtt (wie woll inn
1940 2282 2633 2384 duncke im sye gwertt worden
1942 2342 2649 2448 stollichs Troffenbaren) Er heige
1939 2395 2663 2497 an dem frytag den ruff tschane
1935 2459 2644 2558 noch in der ouw gsechen gan
