4032 3024
1084 2038 1141 2126 1
1171 345 1908 487 das wyss hembd wullihenbd hein
1190 404 1894 514 Er auch hie kaufft, die anden
1189 450 1894 584 herbdli vnd das danstl sschir
1194 501 1864 620 syet sen, heigs mit Im von
1188 548 1887 683 heimet trab so er munfrh
1199 605 1867 724 zwerchen funde, das Ers by In
1181 655 1308 715 hutte
1189 704 1884 823 Duni Elsassershalb, spricht er
1194 766 1889 871 sey beind habent vil mit einoder¬
1187 822 1877 914 gworben und shandlet ✳ und sye er
1186 864 1879 969 dem Elsasser dick schuldig bliben
1183 916 1890 1018 und heig Cuni im menst schuld
1177 966 1896 1069 verbotten, also möcht Er Im die
1164 1013 1891 1113 schuld von ros ouch verbott₎ han
1178 1063 1878 1160 aber das er söll irerhaus hat
1176 1116 1881 1205 Ers tan, so muß er etwas tan han
1164 1161 1864 1251 das Iun gruwen muß, das sye
1191 1208 1879 1287 nit werd sich ob gotwil nener
1187 1241 1513 1322 ner erfinden
1633 1269 1880 1336 bil mider
1167 1286 1857 1379 Zeit er im das huß verbrönt
1176 1328 1884 1430 dann als das huß nachts geben ta
1182 1379 1874 1474 ingausen, sye er zu ddetzinge
1179 1442 1879 1512 an einer metg gsen, da znecht
1182 1473 1858 1560 gessen in Nicht nigfolees hu
1184 1522 1882 1594 und die nacht de gleg dem wie
1183 1562 1892 1637 eli Stempffli von Buttige an der
1182 1601 1287 1671 syten
1331 1613 1883 1687 Aber hans lötschet fir¬
1193 1655 1797 1731 nach dem nachtmal hein g
1182 1695 1399 1763 schnötwyl.
1523 1702 1854 1769 xeg₎ tag fùr
1172 1738 1862 1823 Mieli wanner von Türren zu de
1185 1786 1891 1858 timg durch der Schrey von brunt
1178 1830 1873 1909 da wurst er sthalln vff, lugt
1287 1867 1888 1958 funster ussz ghort zu dießzan
1181 1917 1861 1999 sturmen, do luffen Er, Niele
1190 1952 1873 2036 mitholer so by im gch, auch Ni¬
1183 2001 1403 2052 wanner
1330 2009 1863 2082 von sohz bschruwe hag und
1181 2043 1866 2129 sederman, dem fir zu vnd Er al
1191 2085 1858 2161 ler näche nach als so darkheen
1173 2124 1780 2206 habe de redlich sholffen lösch
1172 2165 1877 2244 wöll sich selbs nit ru sey besar
1181 2209 1865 2296 aber die andern drem zumhör
1173 2257 1771 2341 wie er sich by dem fürghalt
1241 2297 1876 2406 Senditt eblis, hans Tsthamppe
1256 2355 1502 2423 Hans schär.
1182 2417 1862 2523 Des kramshalb, das er soll er
1190 2486 1830 2565 wan ein kram uberkhon fan
1186 2518 1837 2614 da bsthäche im unricht dan
1202 2550 1271 2607 kei
1323 2576 1834 2662 unsch heig Inn se le¬
1196 2596 1745 2701 belaug mie ssrechen Eri
1979 427 2715 517 kramhan noch unhertrag, er kouf
1970 489 2203 553 nit darmit
2654 510 2721 568 Va
1950 509 2660 602 Abr als er Jetz dis tagen gan
1963 564 2628 646 sel zoffn, wie vor ouch einest
1960 600 2678 668 darum das er hern 3ering ware
2508 648 2641 719 sud
1964 652 2513 728 gsen vnd da Er kein bscheid
1943 692 2655 768 wider hauff gwöllen, do sye Er
1961 735 2649 817 vsserthalb der statz dasel bin Sie
1957 781 2625 860 ehenhiß zu einer frouwen khon, by
1949 819 2691 904 deren was ein kleins Knabl das
2513 862 2655 931 der
1976 869 2516 950 namet sich her Andtest
1963 916 2664 991 predicant zu Sutz sun, die hat
1954 953 2678 1039 e neißwas in zwöyen plunder
2570 1009 2679 1070 vnd
1952 1015 2573 1089 zugnacht, die hab Inn petten
1943 1054 2672 1126 vermögen, das er Ir hilffe die
1964 1093 2598 1171 trasfen also hab er den prösser
1963 1140 2680 1215 Pluder, vnd der Eab des Kleiner
1958 1186 2637 1259 pluderli Ira traft. als sy nu
1949 1236 2648 1315 In die Klußz von Balstal, da sy
1936 1275 2619 1363 ubernacht gsi, kament, sy
2056 1328 2655 1407 der gsell, so mit im pfanr
1942 1334 2038 1400 Ine
1954 1373 2655 1457 gntskon mit sampt 1j welschen
1958 1427 2679 1500 so zu wintlispach vbernacht gleg
1953 1466 2663 1552 den heig er petten, mit verhensst
1958 1517 2683 1591 einervrte, er söll helff der frauw
1962 1577 2670 1638 pluder trag, das Er than, vnd hubs
1942 1610 2673 1684 dan Attiswyl trag, de synt sy
1954 1653 2681 1726 zu flunsental vbr die ar pfarrn
1944 1697 2664 1769 van Dritting von dannen son
1946 1745 2635 1819 wangt ken aer ausds Pfans
1943 1780 2046 1842 worden.
1934 1818 2654 1902 das erstmal do Er zu hastl gsein, Sye
1944 1877 2528 1945 mit Im darzog lemans 6
1942 1920 2660 1993 von Oberwyl vnd einen usz der her
1946 1961 2605 2046 sche erlach, ouch dienst suchend etc.
1949 2012 2548 2078 das letst mol allein darkho¬
1940 2050 2624 2124 wol F. kroten da vnd vndr wes
1939 2102 2112 2171 verzeet
1982 2128 2636 2214 zu walleburg heip er nit ent¬
1940 2173 2639 2260 frömbdet, weder Im wirtshusz noch
1944 2238 2654 2297 anderschwe, sides alle mol mit
1927 2277 2565 2339 wüssen vnd vrlaub danen gsche¬
1931 2288 2632 2383 vnd spet beide mal vil lut b
1922 2353 2593 2431 dun gsen das erst mal auch sen
1929 2401 2649 2478 schuldner mit den schlyffsteiten
