4032 3024
1117 353 1787 464 sambstag 19 2 erenris
1148 430 1822 539 prefrutibu her mareus knechts
1147 476 1775 580 des rats Caspar Willadings
1169 531 1761 629 Grossweittell Pastors vnd
1153 593 1787 696 der weiblen, in der keffi
1177 650 1776 760 Heinrich  furck uss
1166 706 1832 813 der Graffstchafft Toggenbung
1165 774 1819 874 anzeigt er stys ein kassler
1156 829 1756 928 hale ein vettern zu Lotzwyl
1176 879 1536 969 s ei wirt seye.
1546 894 1771 958 unnd
1153 934 1795 1042 der sauptman fuchsberger hab
1148 984 1796 1081 Inn zu mellingen angnomen
1153 1046 1727 1134 daruff einer heiss Ulli
1185 1096 1740 1184 s des Marysen von Baden
1166 1149 1738 1228 welcher zum schlüssel bin
1164 1198 1749 1282 grossen bedern einwirt
1162 1244 1797 1338 gwasen bruder sye, der habe
1165 1300 1792 1391 zum gheisßen uff das pharhuß
1177 1342 1768 1439 zumelligen gan, da werd
1166 1405 1806 1488 der houptman den Burgern ein
1345 1447 1595 1501 welches erthan
1168 1459 1794 1540 mal gan als er da ii blatz
1159 1512 1774 1611 ghept seye er danven gangen
1165 1563 1767 1654 nach dem seye der fouerman
1148 1613 1764 1720 Fuchsberger mit sinen kriegs
1178 1650 1809 1759 lin i Jott aber er nit mit
1158 1712 1780 1815 dnen do habe der Kriebs
1189 1777 1786 1878 lür einer zu ingsprochen
1182 1827 1776 1924 Du bist dur than daruff er
1176 1868 1861 1971 den houpstman darum gfiggt
1183 1925 1833 2015 der im gspit nein er sölle dem
1187 1975 1649 2075 fännli nachzwehen etc.
1200 2041 1841 2134 uff söllichs stye des hauptmans
1198 2094 1829 2166 trakantten eins s wib konen
1204 2141 1777 2230 welchen er dis grün kleid
1195 2191 1821 2275 so er anhab abkaufft, allso das
1202 2244 1794 2327 er im nach der ersten musrung
1208 2289 1805 2369 an sinen sold i kronen und
1211 2339 1822 2411 des andern monats i krouen
1226 2383 1842 2461 darimn abziech sollen
1218 2429 1806 2520 dieselbige hab inn das Kleid
1918 345 2626 444 Geisstlalziech, dann er war durch
1981 405 2548 489 an deßhalb er widerum
1938 448 2552 539 Zun haußtman klert m
1947 486 2587 583 brschend der Im vorgemellie
1954 538 2539 625 meinung abermaln anzeigt
1964 556 2580 673 daruff er mit dem fendlin
1951 627 2596 724 zu Soloturn znzoben, daselbst
1968 668 2623 771 haben gesst₎ ✳ und demnach als
1960 719 2596 822 er von eun von sant dallen
1957 776 2606 859 verstanden, das man innfachen
1963 826 2602 918 wöllt hab er sich da dannen
1978 866 2658 967 zum tor ußgmacht in das nechst
1960 936 2568 1020 Dörffli. Da stybde im iro
1962 982 2595 1072 dri fürglüffen unnd gsprochn
1987 1012 2628 1108 is wöllnt im durlen under
1981 1081 2585 1167 dfüßt laßsen, alls er söllichs
1997 1131 2616 1218 gmerckt seye er geursacher wi.
1985 1181 2553 1262 derum hindersich zekeren,
1983 1235 2597 1317 vnd seize uffmelligen zeziech
1984 1282 2629 1357 willens gsin da inn die burch
1987 1331 2612 1417 In einem wirtshus by wans
1980 1377 2603 1462 frugklich angnomen unnd inn
1997 1431 2443 1508 dem vost zubracht ✳
2013 1469 2645 1571 in stpiesst vnnd seck Kesßler
1999 1529 2558 1605 sack tligge zuͦ soloturn zum
1988 1579 2578 1661 Wyse kintz zu Zürich hab
1997 1619 2613 1701 er wib unnd kind die frauw
1996 1679 2622 1759 heiß mangret von irem vatter
2001 1712 2635 1801 vnd gschlecht, siber, der Kinde
2001 1768 2615 1859 syent vie, so er wann im gott
1998 1812 2598 1897 uss pfancknus gelle hellff
1999 1864 2548 1949 bestuch₎n wöͤll₎ unnd das
1988 1917 2621 2009 kleid zuͦ mellig sittmals
1998 1966 2627 2053 er den krieg uffgän wider
2001 2020 2634 2105 vberantwurt unnd stichstiner
1989 2075 2574 2153 werchtag kleider unnd
1981 2123 2566 2209 Kessels ack bhollff
1993 2167 2644 2260 will nit bkantlich sin das
1987 2223 2655 2315 er ie utzit anfromber habe
