4032 3024
1085 334 1816 436 uff mittwuchenn dem erstanr tag heuw¬
1096 391 1815 485 monetts inn diserem ꝫc unnd li jar ✳ in
1077 439 1821 554 grgenwùrtigkheytt der komē ersutē wysen
1079 489 1791 610 d Unitens Ppfisters des rhatts Petter
1065 552 1816 672 berchtholds der bürgerenn Unitentz
1051 605 1829 728 Pastors Groswybells unnd der wyblam
1082 675 1786 798 einer sy Herern gmeinlich. Hatt
1072 745 1832 849 Caspar Kagger von Brangartten bekhenntt
1070 814 1853 913 unnd vor aller shinlicher frag uerrechen
1091 868 1796 982 vnnd ouch darnach an der Martter be¬
1114 938 1794 1045 tatigett ✳ vor einem jar ungefarlis
1098 999 1816 1113 iyr er inn eine bose gselschafftt
1106 1066 1829 1175 derenn by xvi gsin kham̄ē ✳ unnd
1114 1132 1854 1243 hab anfinffs von dem c berstenn
1113 1202 1802 1315 der selben psellenn ettlich detteir
1124 1268 1814 1386 zu Lurernn empfang unnd
1109 1339 1839 1450 darmitt zwen Spicher nitt wytt
1129 1410 1839 1522 von Eüg uffthann in dem vmn₎
1115 1467 1820 1596 Kherern funden aber mitt drust
1142 1543 1855 1619 guon ✳ unnd in dem anderē
1134 1605 1815 1720 khleyder alls gippenen Hembdli
1137 1670 1866 1790 unnd hosen ✳ die er qnom̄ē ✳ unnd
1142 1737 1810 1854 irem obersten brachtt ✳ dem sy
1151 1815 1882 1897 alwegen die beùs ùberanttwurttet
1147 1865 1822 1968 unnd den mere theyll glassenn
1153 1931 1872 2053 Item er sy auch darby fin ✳ alls
1151 2014 1857 2134 finen pfellene by bedenn aweett
1155 2083 1826 2180 wettigen in einem walld rattig
1138 2141 1846 2243 wordenn einen zu Rordorff sin
1137 2209 1853 2316 hus zeuerbrönnen ✳ darumb das
1134 2274 1853 2398 derselbig Ir vsellenn Erien alls er
1129 2338 1844 2464 Im gheisthen mitt wanne such
1125 2450 1368 2533 aupfarenn
1981 356 2674 460 so denns hatt er veriechenn das
1977 407 2676 508 er unnd sien gsellen im bysz
1987 467 2694 561 geüw zwüschen friturs und nütwe
1973 503 2684 629 buff habend vier dorffer verbrondtt
1963 560 2659 680 deren eins khlein, allein vierhufer
1965 594 2694 758 darin gsin das syr gar vertrùnf
1957 744 2681 896 die andren druszentt grosfe
1984 819 2683 952 dorffer Jecklichs ettwan halb ver¬
1984 880 2662 992 bemmē ✳ er syr darby gsin ✳ doch
1996 937 2689 1049 nitt mer dan das ein grosz dorff
1991 1002 2688 1105 nitt ver von Lang₎ denttlinff gleg
2006 1054 2693 1173 anhuntt dan er vß Pheys das
1987 1115 2689 1232 Oberst₎ für daselbes zgleytt ✳ das
1988 1189 2654 1300 derselbig in in einer Beyer
2001 1235 2702 1377 Schallen geben, das leytte er In
2005 1317 2726 1434 ein stock heuw ✳ unnd girnge das
2011 1384 2679 1506 fur zu mitternachtt vff gemeltter
2004 1450 2707 1572 Ir Oberster hab Im all wuchen
2054 1522 2567 1639 betz vom bonne gebe
1988 1679 2740 1809 uff dise des obgenamptt
2023 1748 2715 1903 Caspars Khawers vergichtt ✳ unnd
2027 1845 2688 1956 hoche missethett habendt minff
2036 1876 2738 2030 Heire Schulhis sätt unnd bur¬
2035 1972 2711 2073 ger der loblichen statt bernn
2047 2017 2684 2163 vff den Eyd zu Rechtt Er¬
2022 2095 2746 2235 khentt unnd gsprachenn ✳ das
2027 2160 2744 2293 man den selbenn Caspar Kharmn
2005 2259 2729 2365 dem nachrichtter buelthen der
2012 2316 2741 2425 inn uff einen haden gebundenn
2010 2372 2771 2494 neden vß vff diegwonliche Richtt
2002 2437 2747 2565 statt schleyffenn allda im
