4032 3024
1118 314 1818 441 Faunds pit Im fürhin an den
1115 379 1817 487 weg, das dauide kont den gra¬
1121 442 1781 541 w₎ mùuch ouch reich₎n und
1113 484 1790 592 wolte hiemit heim gen zmorg
1106 533 1832 638 Essen, hat aber sine rofff mit
1117 583 1819 687 Eun sen fienden, doch sucht er
1109 632 1822 732 Sy anderschwo ouch wytir sieg
1124 689 1482 768 erst darnach h
1528 707 1820 772 morg brot.
1124 738 1795 824 vnd funde der Enab mittes
1128 790 1456 874 erst die rossz ✳
1563 793 1818 882 Sūnst habe
1109 845 1828 934 Es gar vnd gantz nützit oders
1117 890 1792 978 hhandler, ouch kein afechtun
1125 937 1809 1016 darzu ehept, dann Er doch Ein
1113 989 1539 1068 hümpsten wyb heiße etc.
1189 1037 1802 1133 Im höuwet, als sy zu Vetter¬
1118 1087 1807 1181 krnstt drach ssen ✳ sye er in so¬
1129 1151 1791 1227 lohum pret vnder halstal dan
1119 1188 1802 1266 Lumern zogt gan meyen nach
1127 1240 1845 1318 S. tag widerhium khon, do spin Im
1126 1290 1825 1367 des alt Clewen Knecht, s mei¬
1144 1326 1847 1404 ster hatte gsein, wenn peter heim¬
1127 1368 1843 1442 kompt, so wirt er gfangt, dann es
1118 1408 1827 1485 were bösszs, namlich wie obstat
1136 1463 1815 1532 uff in gredt ✳ sprach derselb
1121 1499 1815 1578 knecht, Er solte morndes amn
1113 1541 1848 1623 suntag nit zkilchen dan wölt
1130 1588 1620 1660 Im aber den nit nemen
1660 1586 1767 1639 ders
1127 1618 1878 1709 solt gendt Hans set Er gm gschächen
1732 1685 1840 1732 Dies
1091 1676 1713 1753 anrecht ✳ er woͤlt kilch₎
1571 1720 1851 1787 Item Wieli
1114 1730 1388 1797 Er auf than
1106 1770 1811 1851 Sauffes Bnecht, sin lantsman
1136 1811 1790 1887 seit Im ouch, wüßt er etwas
1129 1851 1807 1942 uff sich selbs, so sölt er abtretten
1135 1879 1842 1974 bat ii un gotswilli ✳ awrt
1124 1950 1814 2023 Er, Er wußte gar nüt wölte
1134 1988 1813 2063 nit wychen. Blycher gstalt
1158 2032 1776 2102 der d Gubler Iun auch
1160 2075 1797 2163 hetten, er still sich bsinne
1148 2116 1845 2201 hiwig zich₎n dann man wurd
1153 2159 1836 2250 inn martern wenn er schon
1159 2211 1872 2294 mi schuldig were, möchte nach¬
1160 2246 1873 2340 des sin narung nit mer grun¬
1158 2296 1835 2378 se, Aber als er sich vnschuldig
1165 2355 1854 2434 wusse hab er nit wölle abreychen
1171 2383 1874 2480 i aman furner hab ims
1176 2461 1250 2522 ich
1264 2450 1817 2524 sseit mit anzöug, er were
1165 2493 1255 2559 Dern
1249 2476 1874 2577 einer so söllich lüt müsen.
1232 2533 1889 2618 helffen fachen e. Im wurde
1238 2582 1878 2647 wir man liesse dm kein recht
1203 2629 1867 2689 an syhlich sach und ward
1190 2640 1884 2730 ver gnempt ✳ uff den sin ein glyche
1213 2696 1903 2778 mer dauggulden kosten gegen wert
1912 281 2605 420 darnach hab er sine Eleider ver¬
1936 337 2610 470 it sit vnd wider, das Er möcht
1915 396 2465 517 hernng han zu dem ßeen
1908 426 2592 562 heinkert sene fründ abrufft
2008 457 2630 588 hilfflich zesid, das Er diße
1918 531 2631 646 schwäre rnd mit recht möcht
2014 571 2634 677 in thun, oder gelt furzesee¬
1925 638 1960 688 ab
1978 600 2648 716 sy wolt aber mit darzu thun
1911 667 2640 793 heessten inn by inen daheim blyben
1932 720 2487 817 da hatt er auch fug zessen
1923 739 2601 867 Aber er hab wider ußher zwöll
1928 815 2478 893 ob ers möcht ab im thun
1925 834 2649 944 dry wuchen dahein gsein vnd vnder¬
1939 887 2631 992 wegen by die wuchen, dann er
2180 935 2610 1024 mss werch vn
1919 963 2151 1043 hinzwiisth
1949 979 2628 1074 sen zerung gewunnen, auch sine
1939 1041 2430 1110 kleider wider zelößn
1974 1077 2630 1165 di 14 tag sye Er wider van
1961 1125 2655 1210 hätterkhingen kon amn frytag
1915 1168 2650 1261 nd am sntag ffansen worden
2012 1213 2680 1311 wenn er sich schuldig gwise
2012 1274 2546 1341 were Er nit wider Ehon
1996 1317 2516 1389 besäre das die warheit
1988 1352 2651 1437 Irt khöne, als Er nach dem
1968 1397 2358 1481 höuwet wider zu
2349 1404 2646 1510 za Ehr.
2011 1447 2309 1520 ters stlig de
2523 1485 2563 1537 8
1969 1486 2451 1560 Wina khon spräche
1984 1507 2634 1599 ware er dahein blib und
1978 1567 2583 1643 nit gen kömern ger
1978 1585 2661 1692 So were sölche rnd wer
2093 1669 2288 1736 t blib
2011 1714 2393 1800 Wyter hat er
2403 1712 2631 1790 anzänngt
2474 1770 2608 1821 die
1957 1769 2468 1847 die Erelte st frauw
1969 1808 2584 1888 Clewina, hab ein hupsthe
2470 1843 2632 1908 3 spen
2069 1858 2394 1930 Kfrouwke than
1973 1900 2441 1977 die knaben stär
1961 1944 2627 2014 khon, dahar g vnd auch der
1977 1985 2585 2056 alt Clew Grothalb ein bös
2381 2017 2599 2096 1 Vnd
1982 2025 2386 2098 zubdt entsasse
1971 2063 2626 2141 hebet zum sheissen mit sin
1983 2103 2691 2185 wyb zn der vder Stub Racht
1982 2151 2651 2226 lic, das er than Als
2002 2182 2538 2267 nit laub nach pfingste
1974 2241 2654 2300 könnent dre dry knaben
2425 2279 2628 2343 I die
1975 2272 2425 2358 Inacht finsterlich
1991 2320 2634 2410 stub griffet uff das bet
2012 2356 2673 2441 n meinung die Junckfrou
1993 2409 2668 2482 läbe da, vnd drepff im ei
1993 2454 2646 2536 ner uff si kopff der seit
1981 2505 2497 2579 mit einem schwùr
1986 2524 2684 2641 lyt einer by Ir, dow ist
