4032 3024
1168 340 1840 443 Surer von Im Rede liegs erwie
1169 401 1867 513 ein Schellin ✳ und fgell soll nun
1186 442 1834 531 guter Dingen sin erwoll in
1193 498 1874 619 des Roggenskalb wol eischuldig
1177 548 1795 644 Nach dem habe Surer den
1180 598 1792 702 kouff husz knecht mit recht
1185 649 1844 734 sen den rogg auglanget unnd
1205 702 1823 780 zu im clagt ob er glauben das
1168 763 1844 855 diser egell vnnd Steffen bucher
1187 806 1841 895 den dox inhàr gstellt und
1160 853 1770 939 Im überantedurrer habnit
1184 897 1847 996 als es der kauffhuß knecht mit aller
1169 955 1802 1041 ding wöllen gloub₎ sonnders
1180 1000 1868 1088 anzeigt man hab im mit darvon
1183 1054 1786 1141 gseidt etc. Do hatt surer inen
1199 1097 1812 1198 beiden lassen k breden pietten
1169 1146 1821 1234 und sollichs an sy dinger ✳ das
1192 1197 1781 1282 ouch er gredt, dann im nit
1186 1245 1814 1343 anders zwüsten etc. er surer,
1176 1296 1817 1400 aber habe dar vor jar und gantz
1192 1363 1773 1441 deshalb nit mit im vberkon
1193 1406 1858 1494 unnd wäder haller noch pfenning
1177 1456 1807 1518 nie geben noch gotten ja ouch als
1185 1501 1795 1581 er Inen vor gricht vi den ersten
1187 1549 1783 1612 wie der bruch zubkent worden,
1173 1592 1800 1666 hab er sin kosten nie mög von
1177 1631 1836 1701 Im brugen, sonnders hab im den
1189 1683 1810 1754 demellten bucher stins costens Zebe¬
1201 1724 1831 1810 zalen eso gliche dero er imnach
1201 1779 1761 1852 wers ouch gleugnet und die
1191 1824 1818 1897 nit von ii beug möͤgen tt
1202 1867 1840 1942 unnd in suma so habe er hierin
1212 1915 1807 1973 nützit anders shandler dann ein
1208 1943 1816 2019 biderman, hale aber surermiss¬
1206 1985 1809 2064 handlen darum trag er dhei
1208 2021 1322 2088 eüfften
1166 2034 1802 2145 allein ein vire sampt dem schlaff
1199 2101 1831 2189 runck hab er inde zu vieendorff
1184 2142 1546 2219 an seinen costen bezallt.
1176 2181 1736 2271 Einerst mit dem keinen
1225 2241 1748 2336 win uffzog₎n hatt mit
1203 2277 1634 2369 anders verrächen wollen
1933 382 2619 514 Suff Schantzen belangend
1968 448 2616 531 mit welchem er Frellzsampt dem
2195 494 2389 533 meirs biß
1957 499 2631 580 surchr, zu kisen zuachtigessen unnd
1946 543 2560 636 nach dem sy siin gellt gsechen, im
1945 590 2580 671 den wag fünzen unnd erduirtt
1939 636 2360 719 haben sollent n
1972 669 2609 775 hatt er fürgwendt im gschäche
1992 735 2609 812 deßhalb gröblich enrecht, dann
1970 785 2610 868 sollicks im nie in sin stam unnd
1964 828 2591 924 denk konen, des er sich anget
1940 883 2640 974 bezuge unnd uff siin kund ja daruff
1951 935 2592 1013 sterben wölle, Es ward sich ouch
1932 977 2597 1063 dheinswägs erfunden mögen, das
1939 1028 2578 1117 er zu kisen mit dem schantzen noch
1947 1079 2569 1161 surer mnacht gessen, ou das
1949 1123 2574 1197 Inn ie kheinmennsth by oder mit
1951 1166 2576 1242 surer zu Kisen gsächen nach gspüret
2098 1207 2572 1289 darzu so habe er sile.
1928 1225 2045 1292 hab
1953 1264 2625 1339 benlang daselbst äner dem wasser
1890 1301 1988 1350 den sure
1941 1312 2607 1387 nügspehen dann einmal zu stäffes.
1936 1352 2555 1427 burc die er mit im an die alle
1942 1401 2328 1485 tschangneru gang
1949 1459 2549 1559 Deßgliche des krämers halb, so im
1951 1510 2584 1594 Hinibach angriffen, e wüss er auch
1951 1563 2505 1640 nüt umb stye im ein frömbde sach
1939 1590 2566 1680 unnd er derarticklen vnd misshand¬
1952 1651 2444 1730 lungen gantz unschuldig
1951 1698 2536 1810 Cristan wil kaß zu schorren spycher
1961 1767 2546 1851 belangend so ii vor by enden jar
1965 1792 2575 1888 unguarlich uffbroch₎n ✳ und im ij fro¬
1959 1856 2367 1943 men gstolen worden etc.
1956 1880 2602 1989 har er fürgwennde er see in zwörn
1965 1947 2610 2032 jaren nie dahin konbt ✳ unnd
1968 1988 2517 2088 gschach im hieran ouch unrecht
2271 2031 2486 2108 hitzuben
1956 2075 2515 2167 des küffershalb von zaimer
1950 2087 2622 2217 mit dem sey zuworb untensworden,
1947 2166 2577 2250 will er gantz mit kantlich sein
1955 2220 2584 2301 sonnders spricht er seye in vil jaren
1941 2269 2583 2368 namlich sydlar herstral dase
1937 2294 2612 2407 zu torberg gwäsen, nie zu worb gstin
1953 2363 2601 2445 Domalen aber ettwan da für gangen
1958 2406 2635 2488 als sein schwöster vogt Strälen knecht
1953 2453 2539 2537 gnouen und zuͦ rethig mit hus
1956 2494 2556 2589 gsin, das er zu ir gwandler
1967 2544 2555 2629 aber stidhar ine, habe ouch der
1989 2571 2623 2675 Surer zu worb nie gstehen noch khein
