4032 3024
1317 356 1486 439 Todem
1144 386 1757 486 psentiku wieuor, Hans Vollis
1152 454 1357 527 Eefrouw
1393 455 1745 542 heverstan gebe
1144 506 1742 596 Als dem Mrthappeller am Simtas
1145 556 1796 647 znacht sölche kranckhen widerfaren
1123 618 1752 692 und siy mit irem man am morgn
1126 663 1782 738 uß der statt ußhin zu im komen
1147 704 1788 790 habe inen tschappeller anzeige
1184 749 1808 861 nwa er här ein huß empfangen
1128 806 1725 877 unnd am heim gan wärit im
1155 859 1819 947 ander muren Strass dry schwartz
1141 891 1797 980 man bekommen, die im ein spekle
1135 946 1793 1034 gotten, welchen er gseide sey sollenet
1130 996 1750 1085 er sellt selbs behallten, dannes
1152 1045 1791 1130 haben inen selbs nit gellffn dann
1140 1101 1802 1196 das sij müssnt verdampt sine
1148 1145 1762 1242 dieselbig habunt inn mit inen
1147 1212 1693 1293 heyssen zunn gallgen gan
1129 1262 1792 1356 unnd styent im staib nachgangn
1141 1314 1602 1395 und nach im griff etc.
1153 1356 1741 1438 unnd habe daruff deru
1145 1413 1739 1484 irem man und ira anzeigt es
1140 1456 1740 1537 die kranckheit wäre im allso
1148 1512 1713 1584 widerfaren unnd sty sollmit
1151 1559 1639 1634 mit im das eest thunn etc.
1162 1604 1758 1674 ud übereinwil anfachen winten.
1146 1648 1740 1721 und nach dem würc stys er
1145 1685 1755 1763 widerum zu im selbsken und
1150 1734 1654 1807 sy guter derufft gsein
1152 1763 1749 1856 habnit im die ersten snächt all
1163 1812 1765 1896 nächt einliecht ghopt unnd
1164 1856 1775 1953 all suntag znacht im gwacher
1164 1921 1743 1998 dann dentzmal habe er sein
1169 1971 1735 2054 wel jar sträung ettwan die
1146 2011 1733 2110 nacht ghept, dochstye sin
1166 2078 1762 2162 frauw allnächt nüdeestminder
1172 2125 1762 2203 by an glag ✳ unnd er diey₎
1167 2173 1769 2249 In der zyt gar erwan Drima
1172 2220 1754 2316 für das huß vnßhin gstin, vnd
1186 2285 1753 2359 hab zwuren mit dnen aniren
1179 2324 1733 2415 tisch gess₎ ✳ das inn das
1197 2394 1730 2464 vol mit angangn allwas
1216 2427 1276 2480 vol
1504 2438 1752 2525 unnd trincken
1971 381 2659 475 amn montag znacht do er by inen
1974 451 2689 539 5sussl schankte eschäppeller im einmal
1987 490 2628 574 selbs zuͦ und seidt wenn ich mir
1982 537 2692 640 nit schanckte so schanckte nur niemans
1984 587 2656 679 in unnd wenn ich nit wäre so
2492 646 2562 715 6.
1993 637 2500 734 hättent wir nüt zeunk
1994 689 2619 791 Eierst Enmal als ur vor
1979 742 2637 841 dem husz ussen gstin unnd den
1972 794 2639 892 hund ghören Bellen, hab er sich
1978 845 2625 940 Flux widerum ins huß gmacht
1997 896 2671 991 sich vndergleit, vnd glich daruff
1979 962 2669 1055 sye inn stin kranckheit angangn
1973 1022 2664 1108 Fülli ir man hab inn anzogen und
1987 1074 2649 1164 gfragt, was im doch bschechen oder
1966 1128 2680 1210 ob er sunst allso mache, hab geant
1975 1179 2621 1256 wirt es wär im allso begägnet
1964 1218 2606 1302 unnd siy ouch allso im stum glasse
1982 1257 2639 1341 dann sey nih dhein trug von im
1977 1295 2663 1392 verstan moͤg unnd allwag gloupt
1990 1340 2533 1412 wie er fürgäb allso syh im
1986 1384 2589 1459 sti hab ouch irs wäsbus sich nit
1984 1419 2630 1500 sonnders beladen, vnd wilder win
1976 1471 2584 1560 noch gellt so im die lüt bracht
1970 1513 2567 1582 jemans abgnonten dann ein
1980 1561 2573 1632 plaxert von Jacob Jegers selig
1974 1590 2569 1671 frauwen, welchen sy ouch der
1978 1634 2564 1724 schäppellera geben, die stunst
1969 1678 2588 1782 alle ding aupfang habe ✳
2096 1794 2621 1913 seide wyber Svnd vn
2041 1868 2572 1954 glassen, vff das
2003 1921 2335 2002 Tchespiller
2331 1923 2584 2020 den tru
2029 1973 2634 2072 beedent, vnd Sy samp
2029 2034 2442 2112 sinem scwachr
2561 2050 2617 2123 th
2279 2092 2383 2165 ochr
