4032 3024
1015 747 1084 843 die
1078 309 1783 417 Er seter vff Sy fluchent do
1087 368 1782 466 ward Im der ein mit na¬
1143 420 1792 535 en der obgeant david hesss
1092 467 1810 577 hinder dem huss bim brot ofen,
1093 511 1750 614 gob im ein Strech mit der
1093 553 1798 669 Eust dann dee alt Clew hat
1093 608 1828 719 Inn ghrissen wenn im also einer
1113 673 1766 750 wurde, so sölt er im ein
1116 713 1809 802 hinchen entzwön schlan er wölt
1103 763 1783 851 bussgen, den andern kant
1091 814 1847 911 Er dunch, was Criste Isthens zun
1094 867 1818 962 ttaus, aber den dritten hab er
1099 918 1346 990 nit dent
1122 940 1832 1046 Item es hab sich ouch besch ✳ das
1137 1001 1842 1098 der obgemant Da id hess Ire
1115 1061 1814 1138 zwöyen, mit nahen peter
1127 1102 1793 1179 hunners ✳ und Marxeat
1130 1145 1815 1228 nicht gant etlich tub aff
1103 1190 1761 1285 Janetbhuss gnon, ein dech
1137 1248 1753 1327 durch die r brochen e
1118 1296 1843 1384 derselbigen hab er luid dme
1151 1338 1809 1419 v. Zerkuff gck, die hätte
1097 1388 1819 1471 er in dem spycher ✳ unlang
1126 1437 1845 1521 darnach fragte derselb ersen
1121 1475 1824 1560 znn peteren) ob er nit müsste
1479 1530 1566 1585 Ehr
1136 1534 1869 1626 wo sie b hrudiger  huttes
1142 1586 1860 1664 Verlor at Ich weis nit
1117 1625 1872 1724 ich han wol ✳ vd im specher die
1756 1683 1808 1735 .
1120 1686 1670 1764 hat mir daund hess
1129 1726 1796 1807 kauffn gebe, weiß aber mit
1128 1772 1809 1866 was gy send, ließ sys gsechen
1133 1839 1778 1908 da worents zie tb
1148 1871 1839 1960 und hab ees iuen wiider geb
1123 1926 1847 2012 darnach heix er stats dem
1143 1977 1797 2060 Dauid den betzen, so er ir
1133 2025 1838 2101 drun olb₎ ✳ widerghousc₎ und
1144 2076 1681 2152 zum gschoben er hutte
1303 2113 1809 2206 b gstolt. der
1148 2163 1851 2245 dauid heig Im des bettens
1148 2204 1804 2292 alwes raugnet ✳ bis gen
1166 2244 1845 2338 dersthi vns Zinstags Ee
1135 2303 1872 2382 er im des vor dem vogt
1165 2346 1896 2446 zu Lantzhut beckentlich worden
1278 2408 1900 2505 Sehauret endtlich er sye der
1180 2466 1870 2544 gehigt, so daund vff Iren redt
1169 2509 1898 2604 anschuldig ✳ und wenn schen die
1165 2564 1866 2649 gantze welt das seite den
1219 2608 1655 2719 nicht sye es nit e
1963 324 2652 460 uff Mittrincf dem pxi tag
1910 402 2563 525 Ockobrig In 1501 Jer
1955 460 2518 564 prsentibus. Herr Vinrentz
1934 488 2613 638 Pfisten des Phats, Großw
1946 578 2520 683 Paster stnndt der weyble
1941 628 2529 746 gmeinlich ist in der
1919 701 2549 810 kaffy gfragt word₎ Petter
1899 744 2598 853 furmer purtig vo gatsthi
1945 802 2686 916 anett der Kluß, vnnd dis eiste
1899 863 2548 988 im fürghalten wordenn wie
1932 932 2549 1030 dan Ehr vormals verrachn
1930 995 2603 1080 vnd Ich minen g. Herrnn woll
1939 1050 2575 1148 zuwes ist ✳ des er gar
1940 1101 2534 1215 und gantz mitt ekhantlich
1961 1164 2592 1272 sin will sunders blyptt by
1959 1233 2576 1323 mer vordrig verpicht
1961 1273 2692 1385 ollemn oin samb wytter, dasnd s
1958 1347 2665 1425 ware im eimal undrong gstelt
1957 1404 2570 1496 worde vor dem vogt dan
1967 1458 2550 1551 Laundtshutt der hette
1976 1506 2627 1621 gsprochn Er wolte daruff
1970 1585 2543 1666 Sterbennsseitte er petter
2100 1639 2442 1691 das erstngtt than hette.
1973 1619 2648 1745 deßgliche dann er nitt schuldig
1973 1706 2646 1797 Ware. das er petter semlchs than
2208 1757 2274 1815 hette
2066 1769 2588 1881 Witter sind sy beyd
2078 1840 2629 1924 faund fess und putter
2309 1896 2481 1947 getemanderen
2072 1917 2646 2001 Turner vt vhörtt
2096 1970 2208 2031 orden
1962 2028 2676 2140 hatt dund hoss anzongt
1967 2105 2650 2199 Wwie es sich vff ein hott geben habe
2013 2152 2654 2259 do er sine Ross gsucht, vnd wie
2008 2215 2646 2311 er ein wil gfaren sye habe er
2014 2271 2629 2368 ein tringelen ghortt und do
2019 2331 2655 2424 er daund dieselbige ghortt
2017 2385 2664 2488 sye er darzu gfarrnn und geg
2011 2453 2650 2555 sinen Ressen gangen do habe
2024 2514 2562 2626 er disen Petter Furner
