4032 3024
1134 267 1814 432 Ein krutt ✳ das it wachse
1149 342 1835 503 In den matten heißen heime
1129 408 1833 543 damitt sy die nß erlempt
1153 461 1830 601 sig  Langs siyelichtigs krutt
1154 536 1792 638 vnd breit hab ein langen
1146 586 1786 700 stengel daran wachsendt
1142 658 1828 770 Fely Blumli eins pfernngs
1157 703 1324 786 breit.
1171 754 1798 866 Wytter hatt sy anzeugt wie
1181 829 1778 935 der boß f habe.
1159 873 1828 984 das er die hab nach ober
1181 935 1815 1033 den gatter hinber zesponngen
1166 984 1839 1097 daruon dan hernHeinrich uff
1161 1045 1794 1157 gstand₎ und die widerumb
1162 1110 1792 1205 hab wellen hinweg tagn
1188 1167 1836 1268 de das ein nitt hatt wolle
1179 1217 1313 1297 flilihn
1403 1249 1759 1355 Sunst nit
1401 1321 1563 1396 Wytter
1652 1335 1844 1452 blesn
1172 1360 1654 1445 i lärsen mit de
1193 1416 1583 1509 stein ufdos
1116 1531 1823 1634 uuff mentag den provii tag
1153 1589 1844 1684 julij im xv und b jar
1161 1650 1839 1740 presorerbus wer Adein Bomme
1163 1726 1868 1791 gartters der Raths Peter heimhart
1154 1763 1791 1852 der Kirgern grosz Pastor
1151 1813 1549 1904 sampt den weyble
1544 1810 1795 1908 Ist zu
1151 1850 1630 1967 marßby gfragn worden
1131 1913 1806 2029 Dem nomey von wodern ess
1167 1984 1806 2089 buegend hatt anzoügt, wie er
1270 2050 1805 2147 Lange Zytt zu arrouw
1176 2090 1830 2211 und hoffing uffenthalt und
1185 2180 1806 2253 zu Rucpse und frorwen brunnnn
1173 2218 1831 2306 hat er dise arn helffen schnidenn
1160 2271 1878 2364 wirtir ist im fürghalten wordenn
1166 2332 1839 2404 wie er dan einm meideli hab woll
1179 2357 1813 2467 in Tlunderli gnomen, das er
1173 2416 1881 2520 dar nitt bekpantlic₎ sin will ✳ sundes
1177 2467 1843 2568 bericht be frouwen brunnen sig en
1180 2512 1852 2620 bus zu im kpommen der hab ein
1172 2555 1859 2674 sack mitt brott ghan der selben
1954 328 2664 438 Habe er das brett mitt dem sach
1979 401 2656 483 abkoufft vm ein Doppelfurer, do
1992 460 2656 554 ig er gan frouw brunnen gang₎n vn
1964 517 2624 607 Anwillens da widerumb zewerchen
1963 562 2655 655 do syg ein alter man zuͦ im khommen
1989 610 2669 716 dem hab er Lange kytt ein kind
1966 673 2672 771 trag aber das er dem meytte
1962 724 2684 819 das bennderli gnommen das hab er
1976 781 2536 876 nit than sunders der bub
1963 833 2589 927 mitt gangen der hats darnach
1941 886 2615 973 in ein zun behalten das ers
1965 940 2677 1031 than habe ✳ wie er gar nit behantlich
1984 994 2050 1074 n
2084 1020 2535 1112 ist j fàr uffhogn
2240 1153 2416 1253 Coden
2005 1184 2722 1317 Presentibus Herr Lax Lonwenserung
2000 1273 2674 1372 des Laths, Vetter heingartt
2014 1330 2654 1422 der burgern, Großw Pastor
2009 1391 2636 1486 sampt den weybl ist zu
2010 1440 2454 1540 Marsily gfragt worden.
2006 1502 2664 1616 Anthem Heusei der Glind von
2011 1579 2659 1677 amertzwye hatt ghongt das er
2013 1644 2679 1739 der dingen halb jar unschuldig
1932 1691 2715 1783 si als Neurkich nngt siner frouwwen
2353 1750 2421 1793 ßl
2003 1751 2628 1846 vff Brattelamatt geritt s ✳ und
2005 1803 2613 1884 wil das vff sin Lecht vnd
2003 1854 2661 1929 nemmen das er von denn ding
2183 1899 2286 1942 wässe
2008 1900 2601 1985 gar mitt, die so sein erruw
2013 1948 2631 2052 gehandlet und das sye
2004 2012 2656 2101 das, das er mitt seier fromk
2016 2073 2607 2157 hab wollen reden Er hab sy
2009 2125 2709 2214 wollen fragen wo samlichs geschachen
2015 2178 2603 2277 sye das er mitt fra geritt
2013 2227 2601 2326 unst mitt andern etc ndrer
2009 2278 2708 2371 der fal wil er gar mitt bekant
2022 2346 2206 2438 lich sin.
2130 2377 2640 2520 ist far uffzogn
