4032 3024
1149 324 1804 469 Margret halbsateri von Loupp
1149 382 1819 510 Ist hie des ersten in das loch
1163 449 1814 563 gleit worden v lag vnd so vil
1145 494 1844 613 nacht umd irs erbruchs willen, den
1159 546 1815 664 sy mit einem usz fryburg diet
1159 603 1830 727 verbrucht hat Att 23 apri dm
1177 652 1368 723 37. jar.
1169 708 1795 822 darnach ist sy hie Juglet
1173 771 1823 878 2. tag und sonil nächt, da¬
1172 818 1827 913 rnm das sy dem pot was un¬
1174 868 1827 973 ghorsam ysen ✳ so ir der vogt
1190 923 1825 1029 von Comppe eck hat ✳ foct
1187 973 1822 1088 29 weomb. Im 37. jar
1145 1040 1790 1140 aber ist sy hie ingleit
1168 1103 1842 1199 worden tag und so vil nächt
1158 1159 1831 1256 um irs bebruchs willi ✳ den
1165 1222 1853 1317 sy mit Hans forster gebrucht
1168 1267 1768 1362 hat gab im ein unelich
1176 1316 1795 1419 khind vss den E, Art. 16.
1175 1361 1578 1460 junii 39 jat
1166 1429 1817 1530 Darnach im 40. jar ward
1190 1502 1844 1585 Sy von Irem man, holbsater
1183 1541 1335 1622 gscheid
1183 1601 1801 1697 Dnne ist sy hie Ingat
1188 1656 1877 1749 worden 1 tag und so vil nächt
1177 1698 1851 1795 darum ✳ das sy hat die wal¬
1191 1758 1844 1842 nung ubersuchen mit Michel
1187 1809 1862 1902 häring. Detem 29. octob im
1195 1860 1427 1946 43. ja
1187 1916 1865 2015 wo ist sy hie iugleit worden
1206 1974 1699 2080 ein tag vnd ein nacht
1728 1991 1831 2058 sy
1195 2034 1863 2119 hat sich verborgt man kont
1193 2089 1842 2173 sy laug nit find vnd
1195 2126 1859 2242 Irs schantlichen Hurischen
1194 2179 1877 2283 frafflen mntwillig lebens
1193 2249 1856 2345 willen, so sy mit michel hä
1196 2300 1890 2397 ring gebrucht hat , Es wolt
1204 2335 1876 2451 kein inlegen an Ire nit helffen
1198 2400 1878 2503 man gab ir den eyd von
2553 236 2609 307 27
1911 281 2600 430 stat und land vor chorgricht
1913 356 2628 504 doch vff gnad miner g. hern
1913 409 2606 539 und ward ir domals die 4
1942 478 2645 599 traff. Octun 9. nouemb im
1932 589 2096 661 g3 jar
1930 589 2606 711 domals waren vrordnote Ghor¬
1941 664 2556 760 eichter von vernen h. den
1940 711 2664 823 thuten, her Matheus khnecht
1951 775 2565 864 Her Zübli von Predicon
1940 825 2642 932 h. Cunz herdat, von Burffen
1926 885 2638 980 9. Niclans von Diespach peter zieg
1932 941 2524 1031 ler, Hans wyß, Hans etterly
2015 1010 2574 1129 gervogt studer hat sy zu
1945 1074 2653 1177 hauppe mit dem holsysten gstrafft
1959 1138 2656 1224 vnd etwan mens mol in Pfenck
1960 1196 2619 1278 nus than hat ouch shuret war
1966 1244 2638 1311 nung vbrsach, wie er dann wol
1963 1285 2549 1367 weiß bericht darum zugeben
2123 1384 2637 1475 Aber das alles hat sy
1970 1449 2620 1531 antwurt und bescheid ich wir
1973 1503 2655 1573 volget, nomlichen, dweyl dis
1973 1545 2679 1623 alles In des Chorgrichts bücher
1987 1587 2608 1671 also ingschriben wölle sy sein
2491 1639 2592 1707 doch
1976 1636 2495 1719 alles beckhantlich sin,
1991 1669 2682 1765 wusse sy nit wie der usz frybrg
1993 1733 2680 1812 viet ghrissen mit von desse weben
1983 1782 2427 1867 sy zuͦm ersten gstrafft
1985 1820 2656 1903 Itm das by zum andern mal ge¬
1993 1871 2670 1944 strafft worden, vnd sich darnach
1979 1916 2664 1987 uber ein jar holbsater von Ir
1996 1966 2624 2041 gscheiden, sye alles von eins
2002 1996 2644 2081 handels west beschächen, darum
1997 2044 2665 2126 das sy das khend vß der Er ge
1999 2091 2457 2183 b dem Hans Ferster
1989 2108 2619 2231 Itm als darnach ber dru Jar
2009 2184 2636 2273 her Mathens knecht da den
2006 2230 2588 2316 eyd von stat und land ecb
1997 2269 2618 2362 da habe wüsse sy nit das
1997 2315 2637 2412 us die 4 straff sein sölle
1991 2350 2694 2440 dann sy hiezwusch die dritte
1986 2398 2687 2497 Straff der x0 tagen s nit erlitten
