4032 3024
1040 1083 1107 1194 noch
1084 350 1784 465 gsechen vnd gmeint Es sie sie
1085 426 1742 520 merster, habe er dacht ist das
1093 483 1733 581 Im meyster er wirtt hornip
1105 532 1779 640 dser dich werdenn das di bis
1108 595 1777 698 gangen die Rosse suchenn H. vnd
1100 657 1738 751 sy alß Ie Leuger Ie necher zu
1082 713 1763 812 Im gfarrn, do habe er Petter
1093 767 1733 870 ein gen stutten vor im
1119 833 1744 938 ghept ✳ und stunde so nach
1113 892 1737 987 hinden an Ira das er drund
1131 954 1769 1060 dachte ich gloub er bind tra
1126 1014 1790 1122 den schweiff vff vnd meinte
1110 1072 1816 1170 Immurdar, Eb wire sin meyster
1119 1133 1791 1238 bis er gar nach zu im khommen
1123 1190 1783 1294 ist so habf er wol gsechen
1128 1263 1710 1352 das diser Petter furner
1133 1320 1749 1425 sin zug haruss ghan habe
1141 1371 1810 1488 und in latz gstoss₎ und als
1134 1439 1747 1537 damit dere stutten denn
1147 1484 1752 1617 schweyff gestreipft und sig
1151 1571 1743 1669 von fra jang₎ seitte er
1145 1623 1764 1722 dand zu disem Petter was
1182 1688 1719 1790 nachstu mitt der stuttenn
1160 1735 1762 1859 gäbe er setter Ime khein
1185 1801 1807 1924 Intreurtt, darnach Luffe
1158 1879 1828 1977 Im Petter nach vnd hätte Inn
1156 1921 1749 2029 er solte ans vergan und
1182 1985 1774 2083 niemandt sagen, vnd spreche
1179 2031 1824 2147 Es hirte ins einer gheiss₎
1188 2093 1774 2207 der hette gseit wie es so
1206 2158 1820 2263 gutt were er solte es nimmen
1206 2212 1774 2321 versuchn sunst hätte ers
1207 2262 1770 2378 ouch nit than, Seitt diser
1222 2326 1771 2419 danid ich wil diers woll
1224 2379 1758 2477 dergan bitt gott das er
1206 2416 1821 2535 diers vergabe, seitte dauid
1227 2482 1791 2587 hesn mir mennen mine Posse
1228 2552 1841 2643 gsechen sett setter in dort
1218 2599 1798 2692 by Einhentts furtt do
1248 2646 1836 2727 bffe Vtter ime sine bostryben
1335 2686 1831 2764 In weg do khen daunder
2600 340 2674 399 93
2156 381 2502 475 Antwitt
1971 442 2652 548 Daruff Ppetter Sin antwurtt
1999 501 2655 604 gebenn und gsprochn sin meyster
1996 569 2614 650 habe In fru uffgweckt die
1972 604 2670 716 dosso besuchen do habe diser dauid
1993 672 2605 773 sine Rosse auch gsucht vff
1983 705 2695 832 schall matt bin twerhartsfùrt
1992 786 2634 869 da pe er dauid zu im khenn
1987 831 2559 933 habe er die stutten vor Im
1959 895 2619 998 Vnher trybenn, vnd In Eeer
1962 955 2625 1055 hand zn par sthu und in der
1963 1004 2622 1107 anderen ein geisolen trag und
1969 1050 2644 1170 hinder der Stutten, das wasßer
1990 1112 2641 1227 abgschlagen do seitte uand
2094 1179 2303 1226 di walte
1975 1177 2653 1277 zu Im was machstu mitt dem
1980 1241 2610 1335 ross spreche er Petter was
2001 1289 2552 1389 hatt es dich an meinst das
1998 1355 2581 1455 ich mitt dem Roste ettwas
2007 1409 2615 1508 zeschaffen habe. Do fure
1997 1465 2646 1560 danid für tuffe er petter
1993 1514 2637 1628 im nach spreche was meinst
2009 1577 2706 1677 das ich mitt dem Rosse zeschaff
2019 1638 2631 1746 heige, Seitte daund mitt
2010 1696 2564 1804 ac hotten nummen dinen
2005 1759 2618 1869 Eest mir nun grauen munc
2029 1814 2694 1915 mennen gsechen spreche er petter
2017 1863 2648 1972 er ist dortt by Lienharts
2007 1926 2674 2023 furtt. Do hulffe er pett
2040 1988 2177 2038 dariff
2009 1983 2663 2084 im sine rosse trib₎ bis zum
2017 2029 2672 2136 weg do khanw danids meyst
2011 2080 2705 2196 do gienge er petter wider hind sich
2008 2150 2620 2252 gan sine Rosse such aber er
1995 2215 2544 2316 funde sy dennacht nit
1998 2265 2664 2370 und wil gar nitt ffantlich
2035 2320 2643 2436 sin das ers than habe wie
2022 2394 2329 2482 danid ve
