4032 3024
1100 349 1806 449 peter linder einem kramer sye Er
1117 417 1812 505 und schürlitz noch 3 beten schuldig
1082 483 1754 567 einem gur vndtr zwoysmnen
1124 507 1391 581 fra sstol.
1074 563 1371 642 Ober zu thn
1439 570 1495 647 1
1490 570 1609 648 bro
1120 606 1804 707 nErit, da er ein Suen dienet
1112 661 1370 733 böß kembdli
1100 693 1730 789 Hsin Flogerts sun, jdick das
1107 758 1720 840 Erlebnet buch i bsen kembder
1099 804 1703 886 Wolffgend senser se sam
1086 846 1474 925 brot und i stuck ery
1079 897 1814 971 vnd sunst zu Sacen vff eintros an
1094 940 1783 1033 der gussten ij wyszbrot vnd fur 1 d
1099 985 1231 1057 öpffel.
1088 1023 1824 1110 dem michtl vtsch sye er g j buge gli
1116 1072 1530 1145 Hans Alts sschuldig
1097 1116 1814 1200 Als er von vnderstwen abhir kon hab
1089 1175 1143 1217 i
1172 1163 1794 1251 knab inn verzert, dem sye
1077 1204 1615 1283 Er y dicke das schuldig bliben
1161 1242 1795 1353 einem knah ob oberhoff₎ hub
1208 1304 1394 1379 dieke
1143 1347 1827 1434 dem Cristen wärre zu Erlebach
1145 1409 1818 1474 rock, der sye im winder worden
1136 1443 1381 1521 vber eine
1376 1445 1844 1535 knaben ein strfel gstolen.
1140 1486 1221 1546 Dar
1412 1512 1455 1554 8.
1152 1521 1791 1622 Als er by vtschinadienet, hab
1196 1589 1815 1669 ira ein schmir gnon damit
1145 1631 1815 1710 man dlusz uff die räf kedt
1145 1674 1836 1771 dem peter Ringystt zu Erben
1128 1736 1474 1811 bach 1 thebdli
1150 1770 1831 1854 Einem meitli, so Im Sine hoste
1141 1831 1804 1911 band gnon hab er ein schonbhut g
1619 1864 1853 1938 winter bus
1203 1872 1545 1941 Hansen uffei berf
1201 1906 1848 1982 inn verkaufft vnd brot dse
1157 1959 1845 2032 kufft, Als er ims geit, was er
1165 1996 1420 2060 mit im zfri
1227 2010 1845 2110 Ist x mal mit dem kleinn
1268 2083 1511 2146 tein uffhob
2498 312 2547 369 46
2106 329 2621 422 instag. 1. Decemb. 1551.
2052 371 2664 483 D grosm puster etlich weibl
2196 438 2482 536 In der Eefy
2412 527 2630 608 oi
1900 506 2310 628 Hans Sager von Biblen
1897 557 2637 666 Er wüsss nit das er mit dem wirt
1894 636 2648 718 In trostung stande, Es wirde zwir acht
1904 678 2616 760 ein jar, do synt sy wol meins ist
1899 722 2589 807 erwölt ein uas wie reicht, der
1911 761 2601 832 wirt wol Im nit sen, seit Er
1909 811 2636 874 vor dem wirtshusz du must mir
1910 858 2633 935 umbs alt ge ant er ich mus
1906 903 2620 979 die nüt genetc hers der wirt fro¬
1932 943 2574 1018 tuh sen das desss er nit
1913 991 2618 1061 Er wüss aber wol das Er Er fro
1963 1039 2088 1102 6 sb
1941 1044 2619 1146 hut acht tag, als der wirt in be
1932 1109 2619 1182 selt im zewirchen vnd sein volck
1927 1152 2585 1227 kleider zemachen vnd er darkho
1935 1188 2594 1265 were ein brtloff da bleib er
1931 1244 2391 1317 da, aß aūch da Zūorg
2087 1278 2624 1361 nicht mal sye er auch da
1931 1307 2576 1404 Stu aber mienen ztisch gsassen
1941 1374 2653 1454 als er zwo schäre am fürtel ghert
1941 1422 2650 1494 hab liß stalder im gelt uff die
1940 1479 2649 1538 eine glichen, darnach sein lip zum
1945 1507 2630 1587 wirt thuͦ den schelmen usz den
1980 1556 2578 1624 ß seit der schmid high z
1952 1590 2653 1666 liee er ward villicht wenig
1944 1636 2598 1714 bessten, dann diser has Saser
1946 1682 2583 1750 do syet sy bid mneins word
1952 1726 2453 1794 und lipp gstoch worden
1948 1762 2524 1839 Aber es hab seh keine dise
1948 1813 2484 1882 gon ✳ stders yals man h
1937 1808 2639 1912 uerbund₎ ✳ im darzuͦ zindt i
1952 1896 2619 1955 vnd gwarndt es wäre irderman
1956 1939 2639 2005 mit im wol zfrindt, aber
1959 1967 2581 2054 bych morndis Jheig der
1957 2021 2619 2089 ian inn von seynouw
1964 2057 2367 2147 In daufen Pfurt
1981 2158 2390 2260 oander mitweh
1989 2216 2670 2315 zunst hab er mit ghandlet, wen
1960 2270 2630 2355 der wirt inn nit gheissen khon
1969 2335 2469 2411 so war er da ussz blibe
1963 2367 2627 2468 vff ein vrfuch vßglassen, sol der
1957 2420 2676 2520 wirtshusten müssig san vnd ken
1956 2470 2673 2558 ewer, dan ein abbrochen messer strag
1945 2511 2617 2587 wie im vor Inpunden, wenn er
1939 2552 2475 2648 wyter fult, ob Im richt
