4032 3024
1186 336 1878 483 des gellis halben so surer der als
1219 393 1869 509 Ballmen zu Spietz, vore jaren
1186 429 1794 548 gstolen, wüsß er auch nüt den
1169 489 1879 625 unnd habe den surer vor var
1179 535 1639 635 6ie jaren nit gsechen
1170 589 1860 731 maiys geißweids halb er glichemein
1213 671 1372 740 anrzeigt
1184 723 1812 838 denne alls er des stiers halb so
1194 780 1866 891 Surer in sinem bysin, Georgmeyen
1156 833 1816 919 Eß der weid guenhbitg
1168 883 1867 970 Ein 2 fonen verkaufftggfragt wor¬
1183 924 1845 1032 den hat er siin gar und gantz
1196 982 1747 1078 nitzit wöllen aured sin s
1224 1034 1415 1124 m
1202 1104 1857 1225 ift j lär uffzogen. Ist daruff
1212 1183 1371 1256 Sharest
1175 1232 1798 1338 des spychers halb so darin surer
1190 1309 1811 1389 dem peierwennger zu wolen
1195 1358 1850 1441 brochen und egell mit im sollgstig
1196 1406 1807 1483 daris ein halben sachen unnd
1195 1457 1735 1540 annders gnomen haben
1199 1489 1817 1590 will er ouch mit bkantlich sin
1211 1557 1805 1638 vnnders anzeigt zn der Zit alls
1214 1608 1861 1695 sollichs bschechen, namlich im Herpst
1214 1662 1811 1748 hab er sich zu dem prednamen
1183 1713 1815 1803 zu tirachern diener vnnd mit
1210 1773 1827 1864 sollichs fürgnomen sturer hab im
1207 1829 1550 1912 Des auch nie dacht
1202 1879 1806 1987 It₎ des pychers halben so sy dem
1217 1942 1825 2038 Jacob Sönner zuwalen uffbroch
1211 1998 1795 2086 daruß e kronen gstolen und
1195 2040 1839 2144 mit einandern söllent wille haben
1186 2098 1517 2173 Ist er gar abred
1234 2148 1802 2266 Des Roggenshalb so surer zu
1271 2224 1804 2323 thunverkauffen wollen
1226 2274 1769 2373 hauer allso zeverstangeben
1225 2333 1816 2424 Alls Surer ettwas Rosgens k
1238 2382 1817 2472 ttun wil ghept, hab sy im
1216 2421 1821 2541 egel anzeigt, er hätt den selben
1933 318 2631 466 anhuzu den uff dem ment thn sehr
1981 392 2624 491 nd wär im das gellt von dem
1989 436 2597 557 fahrlantiben worden wöllee den
1942 461 2619 616 Posheigem da zu Thun verkauffn
1954 520 2619 647 vnnd ettwas gwunnen wölle er im
1962 571 2556 688 mit gnug gellt₎ ✳ unnd alls
1967 609 2590 735 er denselben nit nach sinem willen
1961 672 2598 787 ürgnug verkauffen können und
1958 729 2620 827 aber er surer, darvon an ein alle
1989 763 2670 876 müssen hab er seiner frouwen spnol.
1963 820 2603 952 hen den zeverkaufftn vnd zmut
1946 876 2605 993 san xxiii batz₎n zegeben unnd
1961 934 2569 1042 darby disen egell ankert ira
1965 972 2619 1084 zehellffen, das er auch than vnd
1982 1036 2580 1129 enkoffen der frouwe uß dem
1921 1080 2587 1185 Kuffhuß trag unnd do den
1962 1133 2582 1214 selben widerum inhin gstellt
1951 1169 2644 1278 ouch ✳ unnd zu wollffgang schnyder
1951 1226 2625 1315 dem kauff guskmechten so zwüschen
1947 1285 2572 1361 den secken durch gwng gsprochen
1950 1321 2613 1402 er sölle acht darzu haben, wüsft
1951 1373 2574 1441 aber nit ober sin geachten oder
1963 1420 2531 1490 nit tc. wie darnach der Rogg
1943 1451 2618 1525 verloren unnd hab sturer disen
1940 1514 2574 1586 egell im zigghan und der glichen
1950 1561 2503 1632 than als ober zu gnomen hatte
1943 1582 2538 1671 unnd daruff wie er Egell
1945 1644 2598 1732 mit antoni branholtz ab der alle
1940 1690 2557 1765 Eschangnouw kùnnnt ✳ unnd
1942 1735 2590 1820 surer inen begegnet oder an sy
1930 1782 2495 1860 gstossen, hab er disem exell
1939 1821 2596 1908 näbenesich vnd von dem Branholtz
1940 1871 2598 1952 hinwäg grüfft, allso allein zu im
1928 1919 2593 2003 gsprochen, was er für ein gsell das
1938 1970 2605 2048 er im seiin Roggen verkauffe unnd
1928 2022 2596 2103 das gellt selbs befallte  als aber
1933 2068 2606 2145 diser vi das verlieren mit gwüsset
1927 2120 2563 2193 vnnd auf geantwurt erhatt inn
1927 2159 2538 2233 nit verkaufft sounders in das
1911 2195 2615 2281 kuffhusz gstelle ✳ hab surergsprochn
1929 2257 2639 2323 der touffhus knecht hatt ims abzeigt
1951 2292 2548 2360 daruff egell am morgen füü
1939 2332 2607 2412 gan thun zum kauffhusz knecht
1936 2372 2602 2453 gang unnd inn haruam zwort
1955 2421 2596 2509 gstossen, der im anzeigt er haben
1959 2462 2572 2559 ollichs nie gseidt vnnd wenns
