4032 3024
1159 318 1633 412 Item der altt tüber
1641 337 1893 481 zu wihten
1178 391 1878 511 Eige an dem selben frytag laben
1178 435 1860 558 gan khisen khalm unnd hrig
1181 498 1871 618 den Auff tsthantten am vfftin
1163 556 1863 659 gan nitt gstechen daliggen ader
1167 617 1876 726 am aber gan heig er unnd baspe
1163 679 1870 789 witz so gan thun wellen und da
1165 747 1867 838 zusamen khommen, erst in den
1160 816 1873 928 funnden tod liggen ✳ unnd darnach
1163 870 1848 979 anzeügtt tsthant sye noch warm
1161 930 1854 1046 gsin, das sy duchtt, besoltte
1157 1006 1872 1120 noch Rrden, habentt In funden
1169 1074 1866 1178 das Er sie nodturfftt thanghest
1172 1138 1841 1240 vnnd sine hosen noch nitt vffhin
1170 1201 1408 1302 gnostett ✳
1166 1268 1833 1396 Iem uff sollichs sye khuni
1169 1363 1797 1459 fieße wyb am frytag habenn
1175 1395 1857 1529 ußhingangen, hab im seie hosen
1159 1487 1815 1584 uffhin gnoschett ✳ unnd im
1155 1545 1818 1644 In busen greffen, da er noch
1174 1623 1411 1706 warin gsin
1214 1665 1824 1797 In dem selben frytag sir er
1213 1754 1866 1863 statz bj obgemeltten eerenlütt
1194 1813 1848 1916 denen er gholffen fischen gfin
1196 1883 1823 1983 unnd sy inen zuͦ khisen blyb₎
1205 1938 1865 2046 biß In die nachtt, vnnd zwortt
1209 2009 1838 2121 zeichen sye Casper wytz da
1207 2075 1805 2167 zu Inen khon, mitt dem er
1207 2109 1866 2237 mneist word₎n ✳ unnd sye er sun̄
1187 2205 1855 2313 die nachtt zu Klisen bey Pferter
1186 2266 1843 2366 Seyller von thun an einem
1193 2335 1852 2430 bett übernachet glesen auch mor¬
1208 2387 1860 2495 des am stampstag da zu khise
1191 2437 1777 2555 blyben bisz ain sontag
2079 390 2657 512 Des trouwens halb
1960 433 2689 587 er sinen zrig dem Kinser unnd
1957 526 2665 619 Danid Bummel ettlich Rangenn
1967 563 2661 695 Zekhouffen gebe, dieselben Im
1943 623 2653 742 darnach geytt Auff ischauw
1942 692 2656 825 Zeig vermeintt, dieselben Pangen
1955 751 2694 859 wärentt sin gsin hette deßhalb das
1950 806 2691 928 geltt hinder inen verbotten ✳ daruff
1934 873 2675 987 er geanttwurtt ✳ sy warentt nitt
1952 917 2686 1058 tschantzen sy müssen im inar
1948 975 2675 1105 sy bezallen, hette dann ishant
1935 1051 2635 1166 ertwas ansprach an im so
1945 1100 2635 1221 wurd er In wol drumb fiiden
1947 1170 2663 1279 es wäre guͦtt rechtt trumb thant
1962 1234 2681 1362 srig selbs niett mitt Im drum gedt
1911 1292 2657 1413 Er sinen mög aber nitt wüssen
1954 1352 2681 1474 ob Eeschant das geltt im versottn
1948 1410 2675 1546 heptt, oder nitt, dann sy im
1935 1486 2634 1592 vor unnd nach geltt geb ✳ alls
1950 1523 2662 1667 sy im funst mer schuldig gsin
1932 1619 2617 1730 vnnd sie das in verschinenn
1937 1663 2674 1787 Summer bschechen, Er Simor
1937 1740 2666 1849 heig im sins wüssens gar nütt
1943 1800 2666 1900 troüwtt, vnnd Im khein leydtt
1940 1867 2615 1963 begertt zu thun, dann thant
1931 1914 2652 2015 Sye ein Lieberaltter man gsin
1944 1982 2550 2070 der Im khein leyd nie than
1942 1994 2678 2131 hatt ouch anzeügtt erheis funff
1936 2098 2130 2202 khind,
2076 2176 2540 2262 warumb er hinweg
2288 2240 2330 2302 6
2092 2241 2292 2322 gwichen
1931 2273 2635 2393 er simon ✳ ouch sin bruder
1948 2349 2601 2451 Petter zuͦ Eschli ob diespach
1946 2411 2591 2515 unnd sin schwaser claurs
