4032 3024
1108 341 1760 451 dann ettwan er zu enn
1148 388 1821 481 In gute gseidt, lieder hab mich
1161 438 1825 557 zgast, so du zum nächsten zu
1167 501 1837 627 nir kumpst will ich dich auch
1148 548 1366 633 zgasthan
1161 596 1851 729 zu Gaspll an der gassen gnempt
1183 667 1836 757 die frye straßs sye im einmal
1171 711 1782 813 lauwi Hubers sein sernkart
1174 783 1812 870 Hieber von Joffing bekontn
1158 840 1838 925 denselben er pittlich andere Ime
1165 884 1792 988 ein kronen zelichen, welches
1161 935 1786 1028 er nach dem er Im anzeigt er
1143 988 1841 1104 wär sinmangellbar, geshan
1135 1044 1759 1143 dann er fuser, ettliche mal
1174 1098 1750 1185 zuͦ hoffing sy im gsin
1177 1153 1794 1249 und Ghollff mit dem vech
1150 1208 1857 1313 deßhalb Berhars muter gheisste
1160 1267 1738 1360 iin die kronen nit wischer
1180 1319 1453 1401 abzeuordem
1204 1390 1774 1492 dis alles hatt er an der
1207 1452 1830 1548 marter dearheit sein bestätten
1144 1509 1784 1605 doch anzeigt, das der waber
1197 1563 1839 1652 o mit im zob dhemerdingn
1180 1621 1748 1706 schuld trage, dann er huser
1205 1674 1814 1753 ser allso den wirn die vrten
1183 1729 1806 1814 endtrag iunberedt er wöllen
1174 1782 1769 1872 oder hatt für sid zalenc.
1182 1847 1562 1944 sgart gnad
2128 343 2669 436 Rodern sspittalwiser
1947 388 2569 527 Im oberspittalj s groser
1941 480 2233 572 Jacob Ers ec
1991 536 2627 651 Niclaus marmet von Oerwyl
1942 618 2611 701 usz dem nidersibental frauw
1969 679 2270 767 Marmets Sun
1964 715 2639 822 sin vatter habe da Huss vnd hoff, aber
1930 781 2622 886 vil kinden ✳ darum er im usz¬
1967 839 2325 921 gschickt gan diesen
1951 895 2661 974 im herbst zu J Adam vom stein
1961 944 2589 1030 gsi ✳ bis winacht ✳ do has d
1967 994 2623 1065 wilheln von stein inn im se
1958 1055 2619 1122 den er wolt inn ding₎ ✳ als
1958 1088 2593 1169 Er aber Juher Ehen, wäre Er
1961 1144 2634 1217 nit dahein vnd hab se frouw
1963 1192 2614 1270 gsir er dörff beeen mut
1967 1238 2130 1314 do hab er
2152 1244 2608 1328 mir Zess khan vnd
1964 1289 2391 1361 syr zur kronn z
2390 1294 2620 1373 20 s stal
1976 1342 2623 1425 uber nacht gleb ain morgen fru
1981 1387 2593 1468 vffhin In die kamer grnnds
1950 1433 2604 1524 darinn iern ceb beid an
1968 1486 2571 1567 einen ket, daruder Er
1966 1534 2633 1616 gschloffen, vnd hutte dern gelt
1971 1596 2620 1676 uberkhon das er konte brot
1967 1635 2442 1722 kouff wölte aber nit
2452 1658 2614 1722 er
1962 1687 2632 1764 han guan dan ein Nimer
1958 1736 2603 1826 so übel heis inn ghungert
1955 1793 2617 1871 aber sy stundt uff vnd fragt
1951 1837 2602 1933 Inn was er de suchte vnd
1954 1887 2344 1958 hab dr nit gnon
1976 1920 2652 2032 wölte gern dieten, oder zestchul
1935 1982 2288 2068 dan und lerr C
