4032 3024
1151 319 1845 457 Daselbst an einem wirt vom
1141 378 1804 505 sambstag iin bisz an zinstag
1141 438 1795 542 zert nd als sy am mogen
1147 486 1818 605 hinwäg gwöllen habe erfuser
1145 551 1866 692 diem wirt sine gendischen so erjetz
1138 606 1841 739 by im hab ✳ it₎ ein lädertschopfen
1134 654 1844 791 welcher im zhurwyl zerisfen worden.
1132 729 1432 805 entkrambdet
1199 765 1782 882 da dannen sy gan Baden
1189 834 1836 925 zu der Zunerachs komen vnd
1172 888 1813 997 sid i nacht da zert er huser,
1160 942 1782 1048 hab aber der wirti vorhin an
1169 1003 1798 1095 zeigt sey hätt nit fheingelle,
1156 1060 1824 1144 ob sy inen beidten wolle, wurden
1149 1108 1834 1213 villicht morndes ein hauptman
1144 1164 1814 1261 über komen und sy bezalen, dis
1149 1218 1830 1327 hab ertwan by ini sätzenbracht
1172 1274 1839 1380 die stingsell vermeint Husprfas
1160 1335 1768 1429 salle, das er aber nit than,
1175 1388 1582 1474 sonnders entrag
1126 1442 1819 1543 darnach sy gan wettigen gangen
1160 1508 1779 1602 da sin gsell ein bruder ghept,
1149 1565 1813 1660 daselbst sy ouch ettlich tagzert
1133 1624 1821 1719 und hab im huspr der doch da¬
1166 1682 1785 1774 selbst guldinglichen den ir
1149 1736 1821 1832 er im noch schuldig, dann sy im
1162 1800 1803 1892 denselbe usz dem frey usfär
1179 1849 1519 1949 schneken söllen.
1158 1909 1758 2003 von dannen sey gan lucern
1159 1971 1831 2064 In Gilg wallisers huß gnempt
1160 2020 1808 2121 zum glas komen welches hus
1172 2087 1743 2169 aber im hnser vornals
1167 2139 1798 2220 als er da diener von wagen
1154 2179 1813 2276 dis hilgans frouwen vergott₎
1175 2241 1808 2330 worden, welches er übersachen
1151 2294 1760 2377 vnd domalen aber mit der
1144 2335 1764 2443 frouwen tschaffen ghept und
1159 2400 1749 2481 darzu sy beid erwan ein
1189 2451 1769 2545 guldin da verhert den er
1164 2495 1808 2605 nit elzallt dann dis frouw
1926 281 2647 442 an anzeigte er solle gan sey wölle.
1945 368 2638 505 ig er haib bezaltt ✳ und ira gan
1949 434 2593 588 zluer syerhn schumacher
1941 504 2591 628 von Lentzburg eurug heisse
1942 556 2595 683 Hans meyer welchem er vff
1941 612 2629 731 ein zit vi s glibh₎ ✳ demselbe
1944 662 2631 769 er domalen ein war schucl
1935 722 2596 836 gnonmen aber nüt mit im ab¬
1945 804 2111 895 grechnor
1934 827 2580 955 als er zhantwye gsin sye er da
1939 891 2563 1001 dannff gan signeue komen
1938 957 2601 1054 ingrgers hus ✳ derselb stich vber
1931 1009 2582 1115 der semen ghept und anzeigt er
1941 1073 2611 1167 hätt dös gsichte ec. hab er huser
1948 1126 2589 1224 zu imgsprochen er wolle im wol
1942 1184 2595 1258 ettwas leren vnd anzeigen das
1939 1228 2574 1304 Es im horen wuirde, daruff
1943 1288 2601 1359 er inn zaben znacht und ziorg
1956 1324 2562 1413 zgastghept, er aber sye ein.
1952 1366 2573 1460 wag zog₎n unnd im hat mit
1951 1429 2559 1515 nach sein verheissen anzeigt etc.
1951 1502 2580 1590 zu willisoue er einnal von
1945 1548 2632 1646 wag uns fridbruchs in gfang¬
1940 1603 2619 1697 hansglag unnd als er densel
1967 1660 2557 1735 ben mit eln nit vermögen.
1958 1697 2626 1796 abzulegen hab er Ir Hersshaff¬
1953 1761 2478 1843 willisome myden mussen
1962 1811 2555 1887 darnach er eimal da durch
1955 1846 2570 1934 gwöllen, sy inn abermalln
1962 1903 2563 1988 gfang und mit dem syd
1955 1954 2611 2037 ußde demselbe ampt gwisen,
1950 2001 2560 2099 aber Jetz zulerst als er vff an¬
1961 2070 2560 2149 wysung hauptman Luxen
1954 2107 2530 2205 dadurch zog wnder sein
1942 2173 2548 2245 vendlin hab inn jederman
1945 2212 2575 2299 ssachen aber niemans hand
1952 2260 2554 2359 andien gleit, noch sollichs
1951 2332 2167 2395 gwert
1964 2360 2595 2461 habe mie kheinen weder gnöt
1961 2426 2571 2509 tiget noch zwung im gellt
1943 2465 2598 2561 fürzusetzen noch urie zebezalen
