4032 3024
1273 361 1729 456 Zinstag. It supra
1183 437 1830 548 dem Steffen Peter Ist sie
1195 507 1835 600 gestrifft vesicht von articke
1234 550 1782 649 artickel vorglesen, hats
1194 595 1762 694 an der marter war sei
1183 640 1815 748 bestätet, wöll nit anders noch
1210 700 1805 782 we sagen heb sunst mit tar
1183 728 1772 822 bitter zum zubesmadn vnd
1188 784 1796 874 heimzelassen, wöll nt bös
1280 828 1342 905 thin
1495 843 1818 929 tn was er
1167 878 1777 961 da hhandlet sheis er nit
1186 924 1580 1002 Ien than, aber wol
1577 940 1819 1005 mss tū
1175 972 1778 1054 sine gstlli Inn darzu
1212 1018 1329 1080 we
1157 1061 1791 1161 des knab halb den er gsolff
1245 1126 1805 1205 rden also anzöngt ob rit
1172 1165 1417 1238 nauw In
1483 1178 1756 1250 in holtz an
1160 1211 1773 1300 dern weg geben Pfaffnome
1174 1267 1729 1353 heibn sy inn gmürt
1183 1306 1744 1403 weie ein Schaffhirt Abe
1171 1370 1713 1450 inen bost wort, ders
1186 1411 1785 1501 möchte s gsoll söni nit
1169 1453 1222 1498 le
1336 1466 1800 1548 doch hens Istli Iun
1184 1497 1805 1593 zum ersten gschlag mit ei
1189 1552 1794 1628 win furtzen krutel wie
1184 1582 1784 1677 ein achßhalben, vnd heis Er
1189 1634 1777 1723 ach darnch inn Golff
1174 1685 1375 1752 dar tönd
1517 1693 1822 1778 und nüben de
1215 1724 1743 1808 ret verpraben mit ei
1189 1770 1744 1870 houwen, die Er selbs zu
1186 1821 1776 1908 britmanw von mrar alt
1315 1876 1799 1963 entlert, als Er fragt
1161 1903 1818 2013 was er damit zun wölte,
1184 1952 1811 2058 heig er ims mtit sy hetten
1182 2005 1774 2096 ein buben töndt de wölten
1286 2053 1458 2129 eprag
1215 2083 1813 2182 der buub sy gegnng Esein gar
1170 2132 1754 2228 klein ewe 4. Jar alt
1206 2177 1824 2282 se zur Im Sumer bschehe
2577 316 2648 383 70
2006 351 2585 462 mitwuchen 27 Januari
2014 394 2634 515 1552 vseinkg der schwinck.
1991 465 2655 562 Harrs H Pfisters des Kais Jacob
2000 524 2601 616 Schwytzers Hans Sagers andres
1987 573 2577 681 kusch₎ ludwig hardess der
1985 622 2629 712 burgern und großw Pastors
1994 675 2429 779 In derweiblen etc.
1991 730 2411 843 in der insell
1971 791 2620 886 margrer Bendict Tschäppeller
1974 867 2634 941 efroue anzeigt sy habint
1996 914 2644 999 sich sd pfingsten by irem bruder
1900 969 2590 1084 zeigendthalles etc. unnd uff ver¬
1997 1016 2584 1111 ihimen suntag znacht als ir
1985 1073 2632 1159 man in die kranckheit gfallen
1980 1129 2589 1214 stye sty allein zuͦ Rugs unnd ir
1975 1175 2618 1259 bruder unnd sin frouw hie zu
1978 1229 2583 1313 der statt gsin unnd ir man
1960 1293 2580 1357 unguarlich vin mitttnacht gan
1963 1326 2588 1402 Runge komen von der sonnsen
1988 1377 2618 1440 oder nuwen egg har, da er ein
1993 1420 2602 1499 husz empfangen c. unnd sye
1957 1461 2593 1543 fùr das feunster gangen unnd
2004 1516 2562 1588 grüffe margret thu mir uff
2004 1542 2655 1641 als sey im aber nit glich endesprechen
1993 1602 2620 1692 wöllen uß ursachen das sy des
1988 1647 2617 1729 ersten ni aber weissen mös wäis
1997 1689 2563 1765 gstin, sr habe er vor einem
2006 1736 2558 1816 indem Penster grüfft bruder
2012 1783 2606 1859 Hans shu mir uffwie ist mir
2000 1828 2619 1910 ower do sye siy uffgstand₎
1978 1873 2638 1957 dnuffthan unnd zuͦ im gspre
1983 1921 2601 1996 hen was ist dir, er geantwurt
1975 1973 2594 2052 mir ist gar wae dauuff zu
1987 2014 2566 2093 si einlih au mi im in
1987 2057 2611 2133 gstuben unnd wie er zu dereie
1981 2103 2633 2183 In wat liesse er den tag vnder
1985 2157 2605 2243 der türliggen fiele fürsich
2002 2201 2588 2284 uff das angsicht und lage
1988 2252 2561 2327 still, das er sich gar nüt furwe
1974 2303 2583 2379 Do brächte sey im wasser das
1983 2342 2555 2436 ss sich widerumb bekennen.
1990 2371 2631 2479 unnd hullff im uff als er aber
1995 2440 2580 2524 iren bruder nit fand wollte
2005 2492 2568 2579 er maten widerum hinwäg
