4032 3024
1141 286 1812 425 darzu so syge er lange hytt in
1166 347 1817 487 brieg₎ gsin der krigg undi der
1153 391 1867 565 keyser Tnthelburg hab sgnommn
1155 461 1820 583 do habe er das Land allentt,
1171 526 1768 633 als derkrenn herschloppfft,
1159 588 1811 680 das grosse armutt da gsin sie
1158 638 1816 753 das sye ouch ein ursach ✳ der
1173 696 1788 811 Er uso dem Land hochn sye
1153 761 1817 861 Wytter hatt er anzougt wie zu
1145 812 1798 920 der frouwn in knechtswyss
1154 860 1853 983 khommen und wol ey zweyen dare
1159 917 1805 1026 sich by dra vffenthalten aber
1139 971 1814 1080 Els syr nitt syn dreyb, aeiner
1142 1042 1799 1132 se wol willens gsen, sich mitt
1139 1089 1792 1192 tra Zeuserlich wen sy sich.
1154 1145 1830 1244 halte ewie ein Edliche frowe
1170 1199 1789 1296 ich habt solle der darzu
1175 1250 1813 1345 so sie ein koller zu Solothurn
1164 1311 1836 1406 den habe er vorlangist bkhein
1175 1365 1797 1460 der hab im sölliche frouwn
1184 1418 1826 1515 anzougt ✳ und ir vordrigen
1175 1469 1812 1559 man syr ouch ein boller gsin
1165 1520 1899 1625 der muntz halb so habe er nitt mo
1183 1573 1784 1668 gmacht dan wie uwer gnad
1172 1627 1852 1719 dienner by den funden haben
1180 1680 1829 1783 vnd ouch anzöngt wie sy dar¬
1202 1744 1851 1838 mitt umbgangen sy nemmnnt
1188 1785 1825 1884 zwey hölther wie uier gnad
1185 1838 1744 1930 sy dan gesechen darnach
1181 1902 1804 1997 nemmindt sy asch und das
1170 1949 1816 2047 dlar von swynn byten ✳ und
1178 2001 1786 2083 furind das wol under en
1191 2047 1819 2144 Ander dennach Logint sy¬
1208 2106 1836 2201 das in das obgemelt folt₎
1206 2158 1798 2267 und 1 habb brth oder
1215 2215 1811 2312 anders darzwust₎ demnach
1209 2258 1836 2363 lasseint sy dassebbig fruch
1224 2314 1850 2405 nen nach dem es trochen wirt
1223 2351 1804 2458 so nemint sy hin vnd v
1215 2399 1803 2534 zerlaßnnn, darnach so zer
1206 2457 1712 2576 stossin sy glasz vnd
1978 320 2595 447 werffent das in zin und
1947 364 2631 511 gusent₎ dan zwusc₎ die beide
1961 438 2680 562 helther ✳ und vom glasg oberkho¬
1963 517 2519 613 mine ex dan den thon
1932 562 2655 659 Witter hatt er Vnzöngt wie er
1956 624 2586 710 Lange sytt by than gartt b
1961 679 2636 760 morse gediennen habte, mitt dem
1963 711 2671 815 selbig habe er ein wehnung ze thun
1955 777 2625 860 wol drisig Bronnen antreffent
1948 832 2628 922 denselbigen solle man erkhundig
1954 884 2685 980 ob er im nitt erlich gediennet
1975 946 2081 1031 habe,
2248 942 2624 1031 der gsell so
1965 987 2600 1098 die munth hab glertt nach
1956 1060 2631 1145 habe im anzoingt wie er uff
1980 1105 2702 1201 vin mall ✳ zu ougspurg xx stuck
1978 1165 2640 1251 gemacht, wielche man nempt
1973 1224 2642 1311 de berang das ens im bath
1980 1269 2619 1371 giltett des sye man nun innen
1977 1341 2639 1430 worden und haben in die e
1980 1399 2640 1498 wöyfel woll fachen do habe
1962 1446 2661 1552 er habe sin dolch zuckt
1980 1517 2676 1576 und den emen Erstoch ✳ und
1989 1565 2723 1665 darmitt geflochn, darzu so habe
1994 1621 2718 1713 er im gseit wen ers niemandt
1991 1685 2625 1771 wolte sage so wölte er
1994 1739 2641 1829 allerley munth Lernen machn
1986 1787 2709 1888 darzusspe einer zu Brandolff
1991 1851 2619 1940 In Lutherner pirtt, der
2006 1902 2544 1996 mache ouch der munth
2062 1982 2649 2085 Item ist in der ehrbur
2437 2046 2681 2145 Luchoni
2041 2060 2438 2178 ggefragtt wordenn
2036 2117 2676 2247 dinn ✳ von Froy unnd hatt
2050 2197 2706 2315 yther Vnzougtt Nemlichem
1967 2311 2717 2444 Das Nicolas quiett syge zu ball¬
2010 2392 2644 2503 tall vnnd werche dem Jehan
1987 2425 2720 2576 garttenn unnd mandrot von morseh
