2467 2911
166 2389 247 2463 die
353 55 1259 167 des ehrenuesten, fromen, furnämen
387 132 1230 237 fürsichtigen wolgeachten wysenn
369 188 1257 290 herren, herren Dauid Fellem¬
378 257 1152 364 bärgs des kleines rhats
398 314 1173 409 Urs Lewers Ammans, ouch
389 391 1251 499 etlicher weyblen mn. g. h. und
373 446 1163 557 oberen dieneren, sowol Inn
356 508 1210 626 der mannenkefi, als volgents
360 583 1254 688 harnach zu Marzili, eruordelichen
389 643 1182 751 massen examiniert worden.
329 705 1215 817 Hatt domalen ermelter michel
359 772 1194 885 Dülbärg, harnach geschribne
338 843 1239 954 durch inne begangne faltschhyten
364 907 1110 1007 betrüg, und mißhandlungen
355 959 1083 1070 daselbst mit rüwendem
337 1013 1109 1130 Härtzen bekhent, ouch mit
313 1086 1233 1198 der marter erhalten und bestärtigen
334 1178 1206 1278 und nammlichen deß ersten. Wie das
356 1243 1170 1340 er abgeflossnen 16243 Jars. Als
353 1303 1193 1399 myn g hrn und oberen imme ein
350 1357 1206 1462 gwüßer beuälch uf ir gde fortifi¬
357 1421 1191 1521 cationwärk nit allein vertruwent:
351 1473 1112 1590 sonders imme ouch uf diß end hin,
342 1519 1196 1638 näben lydenlicher besoldung, Hus
350 1596 1224 1703 und heym übergäben und yngrumpt
347 1663 1151 1776 mit versprächen, Fhals er sich inn
352 1739 1196 1830 sölichen synem dienst gflißenlich
329 1777 1201 1889 trüwlich und vfrecht halten, würde
1180 1848 1228 1882 wärde
338 1845 1218 1943 imme hernach ein besses zufallen etc.
310 1918 1170 2015 Habe er soliche guthat nit dergstalt
317 1963 1125 2045 behärtziget, dann das er inn
327 2028 1172 2113 wärender großer thüri, damit er
335 2087 1195 2181 sich vnd die synen hiemit desterbas
318 2150 1161 2232 hindurch brächt, leyder so wyt
285 2218 1167 2306 vergäßen, das er von vilenn
318 2265 1188 2364 underschidenlichen verdingeren, (dero
311 2332 1200 2420 nammen verzeychnet), wann sy inn
303 2393 1152 2480 verding vollendet, ire zedel, so
287 2468 1156 2532 mr Valentin Fridrich alwägen
291 2511 1002 2597 underschriben, abgeforderet.
876 2579 1036 2674 und
2352 25 2400 90 6.
1498 71 2397 161 Vnd nachdem er mit dem einen vnd
1493 137 2418 232 anderen verschwigenlich über ein kommen
1481 222 2390 291 habe er biß in die 101. zedel, mit
1490 265 2378 363 syner selbs eygnen hand, subtil, vnd
1481 320 2399 412 wüßentlich verfeltscht und alwägen
1502 374 2370 475 vß der minderen zal, ein mehrer
1494 435 2379 530 gemacht, und also in sölichem faltsch
1517 490 2327 587 vnd bschiss syn fromme oberkeyt
1490 553 2304 657 mit hilf syner gsellen, umb
1477 611 2333 710 564 Kronen 120 batzen dargesetzt und
1480 682 2361 769 betrogen. von welicher Summa er
1484 722 2339 820 gemelten verdingeren, alwegen den
1476 771 2349 870 halbigen theyl entrichte, und den
1474 834 2399 940 übrigen halben theil für inne behalten
1486 894 2391 983 vnd mit den synen verbrucht habe
1456 1016 2400 1092 enäben auch anzeygt, wie das syn
1484 1080 2377 1169 husfrauw imme vermält, Christen
1465 1124 2427 1212 Hügli von Ittingen gredt habe, mann
1492 1174 2435 1267 Alle den gälen Sehelmen (mn. vältnis
1471 1220 2424 1323 Sun ouch bhändigen, dann er dessen
1477 1284 2341 1361 allenklichen ein Vrheber, vnd in
1478 1341 2349 1431 etlichen zedel so er selbs in synes
1475 1402 2391 1480 vatters abwäsen vnderschriben, ouch
1469 1461 2316 1550 alwägen ein, oder mehr klaffter
1466 1517 2400 1607 hinzugemacht habe. Item er Hügli
1445 1568 2339 1661 habe mn Vältins Sun, in Jars
1454 1615 2262 1718 frist mehr als 40 Kronen zubracht.
1432 1671 2405 1793 sonst wüse er gantz und gar nüt
1459 1755 2418 1853 wyters, ouch von keinen anderen person
1473 1814 2340 1885 so äbemäßigen faltscht verübt haben
1470 1866 2406 1970 möchten, daruf er läben und stärben
1452 1944 1610 2017 welle.
1424 1999 2390 2104 Bittet üwr. gnd. gantz flächenlich vmb
1449 2055 1956 2161 gnad und verzychung
1433 2128 2244 2220 Ist einmal lär ufzogen worden.
1413 2283 2328 2402 Baschi Wiser von Sumiswald. Ist
1422 2361 2286 2464 wegen er sich mit 2 wybspersonen
1446 2418 2280 2523 (so geschwüsterte kind) fleyschlichen
1437 2483 2358 2587 vertroufft, mit dem Eyd, von statt
1452 2546 2077 2653 vnd land verwisen worden.
