2479 2955
358 42 1175 165 In Buchwald ob Ansoldingenn
314 97 1268 254 habind er und syne gspanen ungefar
344 177 1133 271 vor siben wuchen, aber einen
317 224 1177 339 landtman, mit iren knüttlen
307 289 1186 391 zu boden geschlagen vnd ermürt.
293 345 1185 455 By demselben sy etlich ring, vnd
322 397 1140 504 an gält dry Kr funden. Inne
329 456 1219 592 volgendts ob dem wäg vergraben.
294 594 1125 758 Under Ansoldingen hieharwärtz,
320 691 1226 812 nächtliche wyl, uf lüth gewartet
308 744 1159 883 aber niemandts anträffen können.
235 817 1166 979 Demnach so habe er abermal mit
276 933 1140 1052 hilf syner gsellen, im oberenn
280 1006 1121 1136 sibenthal, ein landtman so
274 1057 1151 1181 uf syne heymstraß gsin, aber
282 1118 1144 1245 mit iren knüttlen zu boden
292 1195 1235 1320 und zu tod geschlagen, by welichem
285 1236 1206 1366 sy nit mehr dan allein ii. Kr. funden
279 1301 1214 1459 volgendts in ein strüpp geschleypft,
271 1366 1121 1516 und daselbst liggen lassen.
244 1476 1202 1641 By Äschi abermal ein person angriffen
239 1580 1068 1681 deß vorhabens sy vmbzebringen.
238 1645 1187 1759 Wyl aber selbige sich gantz mächtig
261 1703 1134 1829 gewirt, sye sy inen entrunnen.
173 1772 1142 1921 Daselbst zu Äschi, in ein weyd
242 1874 1119 1998 gangen, willens iren zwöyen
202 1923 1172 2049 daselbst zu warten etc. wylen aber
225 1994 1185 2136 sy so kächlich dahar kommen, habint
200 2064 1031 2184 sy nit angryffen dörffen.
210 2151 1148 2325 Undenthalb Röütingen aber ein
207 2260 1203 2407 landtman angriffen, den er sonst
225 2315 1122 2458 troffen. Diewyl vnd aber er
223 2376 1126 2545 sich so mannlich gwert, sye er
177 2429 727 2584 darvon kommen.
1271 674 1389 775 sol nit an
1259 755 1378 802 der Crütz¬
1260 792 1378 831 gaßen
1266 822 1369 856 verläsen.
1259 846 1374 898 wärden.
2372 46 2401 95 4.
1402 44 2379 207 Verners so habe er mit hilf syner
1444 141 2349 263 gsellen, obenthalb Thun, aber
1456 206 2430 323 ein manspson mit iren knüittlen
1455 279 2382 387 erbärmlich nidergeschlagen, vnnd
1423 345 2434 457 by derselben 9 Kr. funden, von welichen
1433 409 2386 510 ime 3 worden. darnach inne
1439 473 2343 576 allernächst, by einem waser,
1449 529 2176 638 under das sand vergrabt.
1431 606 2379 748 Dannethin bim zollhus zu Thun
1458 698 2347 771 nit wyt von der allment, aber
1451 762 2361 862 ein landtman jämerlich ermürt
1458 813 2419 918 und zu Tod geschlagen, by welichem
1451 870 2367 975 er 3 Kr. funden. volgendts den
1391 925 2445 1033 cörpel in ein baumgarten geschleypfft
1414 994 2214 1098 und daselbst liggen laßen.
1351 1124 2416 1241 Entlichen so habe er ouch leyder vngfor
1595 1189 1855 1245 einem monate
1414 1206 2382 1311 vor mit hilf, vnd
1438 1269 2370 1373 bystand obgedachter syner gesellenn
1420 1333 2413 1418 ob Bälp inn einer matten, zwen
1444 1392 2439 1502 junge erwachsne knaben, zwüschen
1436 1467 2447 1573 tag und nacht angetroffen. Dieselben
1438 1508 2387 1617 also jämmerlich vnd erbärmklich hälfen
1440 1563 2370 1667 ztod und zuboden schlachen.
1428 1621 2347 1742 sy volgendts ob wäg geschoffeten
1429 1684 2012 1791 und liggen lassen.
1438 1827 2441 1995 Uff söliche syn deß gedachten Christen
1427 1913 2379 2031 Andres, hoche schwäre große, in gottes
1418 1989 2407 2096 deß allmechtigen gesatz und fromme oberkeit
1433 2049 2358 2155 wolhergebrachten ordnungen etc. verbottene
1444 2103 2347 2206 misshandlungen, vnd abschüchliche ver¬
1414 2152 2407 2265 brachte thaten. Habend hochge¬
1415 2225 2335 2322 nant myn g. herren vnd oberen
1424 2286 2401 2396 Schultheÿß Rhät und burger diser loplichen
1427 2342 2394 2460 statt Bärn, uf iren eydt zu recht
1410 2388 2093 2503 erkhendt und gesprochen
1984 2575 2306 2713 Das man
