4133 3125
944 221 1869 350 Vnner dadannen, mit synen gspanen,
953 316 1883 415 in ein käller gangen, daselbst milch
959 373 1830 476 trunken, und als sy hinus gangen
950 438 1728 534 habe er etlichen anken mit gnommen.
951 517 1846 658 Item daselbsten zu Trub, uß einem
953 603 1833 706 Gaden so syn gspan geöffnet, 8 Kronen
971 671 1864 782 3. riemen fleysch, 2. keßi, 1. Tschopen
1018 725 1770 828 1. p hosen 2. Hembdli, entzukt,
939 791 1839 890 das alles verkoufft, und dz gält mit¬
961 857 1404 944 einanderen theylt.
901 926 1855 1079 Und als Hans Schiki, imme, und synem
970 1034 1877 1148 anderen gspanen Marx Hammer anzeyg
951 1095 1881 1200 Wie das er im oberland ein ryche Witwe
965 1157 1807 1250 wüsse, welche in irem Spycher ein
986 1216 1860 1319 große summa gälts habe, syendt sy
962 1271 1867 1368 des einen worden, sich dahin zubegäben
967 1334 1767 1421 in dem sy aber dahin kommen, vnd
982 1392 1867 1482 berurten spycher vfbrächen wellenn,
976 1454 1865 1556 syendt sy durch etliche personen (so darzu
985 1508 1842 1615 kommen) vertriben worden, deßwegen
1013 1560 1800 1660 sy die flucht genommen und sich nach
992 1590 1738 1714 Äschi verfugt, alda sy ouch ein
1003 1678 1825 1754 spycher ufbrächen wellen, und aber
827 1722 1867 1821 reverent zu mälden von einem grossen hund verjagt worden
964 1783 1156 1868 syendt.
959 1870 1851 1990 Nit wyt dadannen, mit hilf syner
1000 1950 1836 2052 gsellen aber ein gaden ufgebrochen
1012 2006 1863 2100 und darus dry käsen, ein ankenballen
1016 2064 1866 2149 ein gebsen vol mäl entzukt, die
1022 2110 1875 2215 käsen verkoufft, das gält mit einander
1026 2173 1166 2249 theylt.
1049 2246 1819 2336 Dannethin, so habe er im Sibenthal
1004 2307 1861 2397 mit hilf berürter syner gsellen, uf ein
1027 2360 1860 2451 Alp, zwöy Alpkesi, und sonst ein klein
1016 2412 1877 2503 keseli gestolen. Dieselben zwöy große
1033 2469 1881 2542 zusamen geschlagen, und es zu Ansolding
1037 2508 1886 2609 einem kupferschmid umb 5 Kronen verkoufft.
1038 2555 1821 2662 das Klein keseli aber einem anderen
1026 2609 1866 2710 keßler Petter Cursier genammet, umb
1037 2657 1917 2766 12. batzen verkaufft, und das erlößte gält
1043 2715 1621 2812 mit einanderen verschlempt.
1004 2773 1885 2862 Abermal mit hilf gemelter syner gsellen, in eine
1058 2829 1851 2916 thal by undersewen ein kesi stälen hälffen
3021 219 3069 279 3.
2113 251 3045 356 Demnach so habe er leyder das sächste
2156 326 3078 437 gebott Gottes des Herren, nit dergstalten
2158 392 3036 510 behärtziget. Denn das er vor etwas
2165 451 3048 559 monaten, mit hilf beyder syner gsellen
2132 527 2984 626 als sy uf die Lüth gewartet, an
2168 584 3048 679 einem gwüssen ort bim Kanderstäg
2167 650 3036 742 ein meytlin angetroffen, welches
2161 702 2986 802 sy angriffen, und zur üpigkeyt
2142 755 2977 871 gezwungen. und nachdem
2156 823 3009 923 sy aldry iren schantlichen mutwillen
2160 885 3043 986 mit imme verbracht, habint sy den
2147 943 3036 1029 es jämerlich ermürt und umbracht
2168 1001 3035 1101 volgendts in ein graben geschleypfft,
2147 1062 2997 1168 mit loub verdekt, und da selbsten
2144 1127 2537 1228 liggen laßen.
2077 1258 3044 1359 Item auch vor etwas monaten aber-
2107 1348 2962 1440 mal by dem Kanderstäg, mit
2135 1402 3046 1501 hilf ermelten synen gsellen, uf ein
2125 1461 2972 1558 Mansperson gewartet, und als sy
2149 1516 3000 1619 kommen vnd nach Frutingen gwellen
2131 1573 2964 1683 habind sy die nider geworffen, und
2152 1643 2992 1750 volgendts mit iren knüttlen zu
2158 1713 3040 1825 thod geschlagen. Demnach sy hinwägg
2161 1770 2929 1876 geschaffet und liggen laßsen, by
2152 1814 2736 1916 welcheren sy by 20 Kronen funden.
2152 1887 3040 2017 Glych darnach im Nidersibenthal, aber
2155 2008 3055 2112 ein Landtman, als derselbig uf syner
2140 2045 2966 2142 heymreis gwäsen, angetroffenn,
2126 2115 3045 2221 denselben jämmelich ermürt, fünf Kronen
2147 2162 3016 2270 by ime funden: vnd inne harnach
2144 2222 2739 2313 under ein boum vergraben.
2068 2293 3010 2435 Allernächst by Frutigen mit hilf
2143 2394 2889 2483 berurter syner gespanen, sinen
2140 2447 3012 2542 gwüßen landtman, uf fryer straß,
2131 2501 3013 2593 zwüschen tag, und nacht mit synem
2135 2552 2984 2648 knüttel erbärmklich vmbringen hälffen.
2132 2609 2981 2700 Denselben under ein blatten bim waßer
2134 2651 2907 2734 vergraben, vnd nit mehr, dann
2144 2710 2636 2787 3 Kronen by ime funden.
