2742 2915
1686 91 2667 251 Christen Andres von Grüsch
1782 193 2521 298 ussem Brättigöüw in Pünten
1634 381 2694 532 alsdann gägenwürtigen Christen
1660 487 2663 607 Andres von Grüsch ussem Brattigöüw
1708 560 2633 686 ein jungen starken gsell: welcher hie¬
1558 632 1671 702 ünten
1706 629 2598 734 vor etwas jaren, In wärendenn
1700 686 2682 822 püntnerischen kriegen, näben anderen
1713 762 2577 867 ynwoneren des orts vertribenn
1720 824 2658 921 worden, gloubwürdig vernommenn.
1684 883 2687 996 Das hochgenampt myn gnädig herren
1738 956 2673 1057 und oberen diser loplichen statt Bärn,
1706 1025 2643 1131 zu fortification vnd bevestigung
1732 1084 2578 1196 ir gnaden statt, nit geringe anzalen
1735 1146 2643 1239 wärkslüt annämen und erhaltenn
1754 1211 2682 1315 thüyndt etc. Sye er in willen kommen
1771 1276 2659 1372 sich desswägen alhar zubegäben,vnnd
1743 1343 2581 1449 daselbsten, arbeit und underhaltung —
1763 1400 2650 1512 zesuchen, vnderwägen aber vnd
1783 1474 2631 1563 entzwüschenn, wylen er keyn gält
1783 1514 2661 1617 und sehr übel bekleyt gsin, habe er
1793 1596 2604 1682 sich des almusens nit ersettiget,
1799 1637 2695 1747 sonders hinzugfaren, und ungfarlich
1783 1692 2689 1798 vor vier monaten, by einem gwüßen
1780 1758 2660 1833 purenhus lucerner gepiets (allewyl
1792 1831 2631 1898 das Volk z'abend gäßen.) ein par
1799 1886 2670 1986 hosen, so vor dem hus an der stangen
1816 1942 2623 2037 gehanget, die er jetz under an hatt
1824 2030 2032 2098 genommen.
1754 2097 2689 2195 Dannethin, als er in myner gn. herren und
1829 2147 2701 2242 oberen land und gepiet kommen, habe
1840 2217 2692 2312 er zu Kleynismatt, mit hilf Marx
1815 2266 2649 2361 Hamers von Trub, und Hans Schikis
1847 2332 2690 2418 von Brientz syner gspanen, welche er
1848 2377 2684 2473 vor etlich wuchen daselbst angetroffen
1858 2430 2701 2520 uß einer hütten, ein alpkeßi by 22 Pfund
1857 2479 2686 2570 schwär entzukt, daselbig mit einem
1850 2531 2700 2630 höltzinen schlegel zusammen geschlagen etc.,
2539 2668 2668 2729 und
