3024 4032
279 2966 346 3090 .
232 1965 401 2075 Instiert.
288 293 428 360 130.
486 293 1454 493 zu. Examen mit Niclaus Hug
383 452 442 562 g
478 437 1438 603 Warum er dan geglaubt, daß Sie sich auch
448 540 1116 672 zum Land hinaußgehen solle?
391 644 454 751 3.
465 619 1417 778 Weilen es verlauthen wollen, daß der
440 733 1440 880 Riesten von zweyen Buggispergeren übel¬
444 808 828 918 tractiert worden.
390 894 446 996 H.
458 893 1443 1043 Weßtwegen den der Herren zum Land heu¬
442 984 850 1102 ausgehen sollen?
475 1057 1370 1217 Weilen der Herren auch dabey gewesen,
380 1072 451 1197 .
441 1152 1189 1277 und geholffen die Zalmer stoßen.
374 1256 439 1348 H.
443 1246 1379 1379 dlas stoßen allein bey dem Anfang wäre
435 1338 1400 1457 nicht vermögend gewesen den Burren aus dem
433 1428 1406 1544 Land zu treiben, ob derselbe dann mehreren
424 1501 883 1621 Antheil dabey habe?
357 1588 1383 1738 R. das wüße er nicht, könte es auch mit gutem
419 1680 1417 1807 gewüßen nicht zeugen, Obwohlen er seines
411 1757 1355 1907 Wüßens von Anfang biß zu End gegen¬
410 1858 1338 1994 wärtig, oder nicht weit davon gewesen.
431 1972 1415 2098 Aus seiner Eigenen Vergicht solle Er nun¬
396 2068 1372 2188 mehro abmeßen, ob in dieser zwar annoch
405 2146 1325 2279 dunckelen Sach, da ein Mensch, welcher
385 2238 1394 2379 nach seinem Eigenen Zeugnuß keinen Anlaß
382 2325 1390 2458 gegeben, sein Leben eingebüßt, Er nicht als
382 2414 1335 2545 der Meist Schuldige Erscheine, zumahlen.
367 2499 1380 2634 Er bekantlich worden, ohne Ursach an den
381 2588 1284 2716 verstorbenen Hand angelegt zu haben
378 2642 1393 2787 Also diß Zeuth von seiner Hand geforderet
353 2748 1389 2894 werden müeße, wan er nicht andere Thäter¬
357 2854 695 2991 zeigen könne.
383 2961 1339 3097 Er begreiffe dieses freylich so, dennoch
352 3039 1338 3178 aber könne Er Niemand mehr angeben, und
338 3136 1304 3282 wolle also Erwarten, wie es weiters mit
336 3241 880 3370 ihme ergehen werde.
1564 2583 1623 2706 H.
1567 2959 1634 3073 .
1548 3073 1616 3190 .
1550 3232 1624 3338 G.
1584 848 1655 962 .
2673 194 2795 308 131.
1673 306 2449 517 zweytes Examen¬
1937 452 2052 541 mich
1655 557 2620 793 Bierommnuß zug
1664 746 2788 935 Er wüße, daß er sich der leydigen Schlägerey auch
1653 871 2791 1022 theilhafftig und schuldig gemacht habe, und deßen
1654 957 2752 1107 wegen schon erinneret worden die wahrhafften
1652 1042 2692 1202 Umbständ an den Tag zu geben, habe sie aber
1647 1136 2742 1287 vormahls nicht eröffnet, werde also noch mahls
1654 1218 2755 1379 gütlich befragt, ob Er nicht selbst gestoßen
1604 1340 2731 1467 2. Klein. Er habe nicht gestoßen, aber er habe ge¬
1641 1444 2785 1586 sehen, daß Scherz zu zweyenmahlen nach einem
1646 1518 2734 1640 der Gallmeren und wie er glaube nach dem
1644 1605 2193 1744 verstorbenen gestoßen.
1660 1693 2740 1839 Er habe sich doch verlauthen laßen, daß er dem
1601 1715 1649 1826 I.
1653 1789 2221 1917 Riesten bracht gegeben?
1583 1894 1638 2001 .
1649 1882 2732 2025 Er habe dieser dem Scherz nur zu gefallen ge¬
1628 1972 2711 2079 redt, daß selbiger gegen ihme nicht hörne.
1573 2065 1640 2173 8.
1669 2081 2782 2215 Diese seine Ausend gehe nicht an, maßen sonst
1629 2176 2496 2295 Erscheine, daß er geschlagen habe?
1580 2267 2760 2418 d. Obschon Er von Anfang her biß zum End dabey
1630 2357 2725 2481 gewesen, so habe Er wegen dem Gestüchel und
1622 2444 2723 2566 dunckelheit nicht gesehen, wer ihme geschlagen
1617 2522 1769 2618 habe.
1641 2621 2767 2806 Da er seiner letsten Außaag und Geständnuß
1629 2718 2722 2845 nach von Anfang biß zu End dabey gewesen,
1611 2755 2748 2936 so müße er nothwendig wüßen, wer geschlagen
1609 2873 2547 3019 habe, oder Er müße dafür leiden.
1650 2973 2773 3126 habe einmahl niemand gesehen auf ihne schlagen
1627 3058 2706 3214 Ob Er den Riesten niemahls auf dem Boden¬
1605 3163 1847 3275 gesehen?
1637 3259 2731 3436 Ja, habe ihne hiehar dem Meisten Steinholtzli
1623 3348 2735 3502 auf dem Boden gesehen, da es an ein Stoßen
2464 3503 2737 3583 gegangen
