3024 4032
239 370 355 465 220.
671 407 951 532 Urtheil
460 508 1134 626 des Niclaus Stahlers.
269 734 1403 932 HHr. Statthalter, Klun und Große
361 871 1331 985 Rath der Statt und Respublic Bern
359 946 1367 1094 Urkunden dienet. Demnach Wir auf
343 1024 1363 1172 Heutigen Tag bey Eyden versambtet Unß
346 1118 1388 1245 vortragen laßen, die verführte Crimi¬
335 1197 1390 1319 mal Procedur und Vergicht deß allhier¬
351 1279 1242 1406 vor Gericht gestellten Niclaus
337 1365 1288 1470 Stähler, Klein Lothringer genan̄t
335 1446 1295 1576 sonst gebürtig von Bockhausen in der¬
337 1548 1367 1686 Pfalz, daß mir aus derselben höchst
326 1645 1363 1754 unßfällig ersehen müßen, wie dieser
322 1726 1292 1851 Übelthäter vor nun bald drey Jahren
341 1819 1352 1950 wegen diebstählen von Unß allschon be¬
312 1915 1327 2039 straffet, dardurch aber so wenig gebeßen.
319 1996 1347 2114 iret worden, daß Er Unserem damahligen
314 2071 1346 2220 Gnädigen Gebott entgegen hiesige Lande
313 2154 1351 2286 vielfalti wiederum auch mit verborgen
309 2247 1333 2363 tragen dem verdächtigem Gewehr durch¬
300 2318 1309 2446 estreiffet. Denne auch mit höchstgefähr¬
301 2399 1288 2529 glichem Diebs- und Räuber- Gesind in
304 2487 1250 2636 Umbgang und Verbindung gestanden,
303 2580 1333 2709 daß ins besonders er im Decembri 1750.
298 2662 1351 2800 mit und neben anderen seinen Diebs-gesellen
294 2750 1327 2878 nächtlicher Weile in das Schloß Kindelbanck¬
292 2841 1284 2960 eingebrochen, Alda an Mobilien und Ge¬
297 2929 1186 3039 räth vieles geraubet und verderbet.
1184 2956 1231 3028 .
1224 3056 1261 3112 .
322 3000 1221 3134 Daß ferners im Junio 1751. Er zu
277 3097 1255 3221 Geütigkoffen in Unserer Graaffschafft.
284 3178 1347 3311 Burgdorff in ein hauß eingestiegen, und
1161 3310 1283 3386 mit
1329 1929 1357 2001 .
2514 344 2623 436 221.
1550 391 2609 581 mit einem seiner Gesellen verschiedene Trög¬
1540 477 2592 623 und gehalt mit Gewalt erbrochen, daraus dann
1535 574 2595 718 über d. 300. in Paarem Gelt gestohlen, und
1541 671 2598 813 sich darmit außert Lands gefluchtet und aller
1541 785 1891 924 durch gebracht.
1541 872 2603 1008 Da nun durch diese wiederhohlte und nahm¬
1549 968 2551 1086 schaffte diebstähle, durch seine vorhin be¬
1534 1045 2588 1186 fügte unüberländtliche Tartnäckigkeit, wie
1545 1144 2578 1274 auch durch seine Verbindung mit dem ausge¬
1540 1233 2590 1374 schriebenen diese Lande truckenden Räuber
1535 1316 2542 1458 und diebs, Gesind, dießes Niclaus Stah¬
1520 1424 2543 1572 sers unverbeßerliche Herz und gefähr¬
1535 1514 2539 1650 rliche Neigungen sich sattsamm erzeigen
1593 1611 2512 1734 Als haben Wir denen die gemeine
1519 1684 2600 1833 Sicherheit zu schützen, und auch mit dem Schwerd¬
1533 1781 2533 1885 der Gerechtigkeit hand zu haben, von dem
1529 1862 2500 1988 Allerhöchsten Regenten anvertraubet ist.
1636 1959 2596 2101 zu Recht Erkent und gesprochen.
1547 2060 2482 2185 Es solle dieser Unglückseelige Mißethäter
1544 2139 2563 2265 Niclaus Stahler als ein dieb und Räuber
1545 2225 2536 2347 nach Empfehlung seiner Armen Siele in die
1529 2305 2597 2430 Erbärmbde ihres Erlösers zu wohlverdienter
1534 2383 2464 2500 Straffe und Schreibung der Rösen dem
1534 2458 2560 2578 Scharff Richter übergeben, von demselben ge¬
1516 2541 2545 2669 wunden, unten auß nach dem Hochgricht ger¬
1522 2627 2546 2746 gführt, an demselben mit dem Strang vom
1534 2701 2575 2802 Leben zum Tod hingerichtet, und anderen zum
1521 2786 2580 2923 Abschens daran hangend gelaßen werden
2500 2927 2535 2968 .
1555 2876 2497 3001 Glben in Unserer großen Rathsver¬
1561 2963 2507 3098 samblung den 18ten Septembr. 1752.
