3024 4032
210 361 289 415 der
250 425 342 566 3.
219 717 374 861 befragt.
193 913 366 1042 geeteort.
400 447 1385 611 Examen mit Hans Sydeggerauß der
437 557 1360 715 Gemeind Wohleren, atalis 32. Jahr, verzeu¬
453 663 1077 771 rahtet, habe 11. Kinder
411 746 1404 890 In was absicht Er verwichenen Freytag allhier in die
400 847 727 957 Statt gekommen.
409 930 1413 1081 so habe ohnlängst auß Anlaß einer Gelt Ablösung,
379 1043 1381 1185 i. Namen anderer Leuthen mit Muchgh Zeug¬
365 1110 1389 1264 Bergen Tschiffely, als Oberherren zu Bümplitz, zu
381 1227 1354 1347 reden gehabt; Und da Er eben dieser Sachwegen
374 1318 1347 1454 wieder zu Minhohl gehen wollen, und gar in
373 1420 1390 1535 keinem anderen Absehen hiehar gekommen, habe
369 1510 1367 1656 Er in der Erscheinung bey demselben grad ange¬
359 1609 1403 1742 pfangen, curiositets halber, von dem Muß Kohler
362 1700 1361 1828 zu reden, darauf mein gnädigen Herren Zeügherr Ihne also
364 1804 1361 1920 bald fort gewiesen, also daß Er nicht Zeit gehabt,
354 1904 1404 2000 nur ein wort von dem zu reden, welches eigent¬
349 1975 1391 2113 lich die wahre Ursach seines harkommens gewesen,
341 2078 1348 2214 Er bezeuge einmahl aufrichtig, daß er sinth der
332 2193 1367 2294 zeit, da ihme von Meinen gnädigen Herrn Landvogt Orth ver¬
332 2273 1367 2407 botten worden, die versamlungen zu besuchen, Er
326 2363 1343 2499 sich jederzeit als ein gehorsammer Unterthan
319 2446 1365 2596 Meine gnädige Herren und Oberen aufgeführet, auch anders
330 2551 1372 2674 nichts begehre, als dero Gesatz- und Ordnungen
311 2645 1345 2770 zu geleben, deßen Ihme Jedermann in seinem
302 2735 1348 2875 Heimath müßte Zeugnuß abstatten; Und worzu¬
302 2853 852 2967 Er noch anjetzo angelobe
407 2931 1169 3077 Also abgelesen und bestähtiget.
330 3028 838 3157 Actum ut supra.
1417 2734 1559 2901 Frag
1403 2855 1575 2960 Antwort.
1424 3029 1563 3188 Prag
1486 524 1600 643 4.
1458 890 1617 1021 Befragt.
1461 1070 1613 1164 Authors
1461 1254 1578 1410 Frag
1449 1443 1596 1552 Antwort
2548 439 2643 527 212
1665 505 2567 678 Examen mit Benedicht Kränger ab
1684 621 2611 769 dem laß Kirchhören Rüegisterg, dermahler aber
1655 707 2605 876 wohnhafft in der Kirchhöri Zimmerwald, atatis 24. Jahr
1668 798 2365 939 verheurahtet, und habe ein Kind¬
1645 883 2607 1052 Auß was Ursachen Er verwichenen Freytag allhier
1678 988 2146 1104 in die Statt gekommen.
1677 1080 2582 1237 auß purem wunder, zu vernemmen, wie es
1636 1181 2301 1296 dem Muß Kohler ergehen werde.
2316 1231 2343 1299 e
1635 1273 2621 1415 Ob Er nicht zu eint und anderen von MngnHH. den
1614 1366 2044 1488 Rahten gegangen.
1654 1467 2612 1589 Ja Er habe sich bey meinen gnädiger Herrn Rechts Herr Lentulus
1620 1562 2600 1691 angemeldet, weilen sein Verwandter bey Ihme in
1613 1645 2589 1778 diensten stehe, sonsten Er bey keinem Anderen
1604 1741 2615 1875 Hauß sich angemeldet; aber auf der Gaßen habe
1592 1831 2607 1959 Er noch 3. Andere Herr Rahtsherren, so Ihme unbekant,
1604 1915 2576 2063 angeredet, denen Er gesagt: Es werde MngHH
1604 2017 2583 2139 eine Supplication vorgetragen werden, Anse¬
1600 2113 2598 2244 chen die im Schallenhauß enthaltene Elsbeth
1588 2194 2587 2320 Kißlig, darauf der Erstere von denen Herren
1589 2298 2544 2425 Ihme gesagt, er werde wohl thun wieder zurük
1589 2391 2587 2522 nach Hauß zu gehen, und sich still zu halten, der
1593 2486 2598 2604 Andere aber geandtwortet, man werde die Sup¬
1595 2571 2589 2702 plication schauben s. weiters habe Er mit Nie¬
1586 2658 2113 2802 mand darvon geredet
1610 2736 2548 2896 Weßentwegen Er sich dieser Sach angenommenen
1599 2861 2592 2992 Er habe das der Kißlig Bruder, der sein wohl bekan¬
2183 2939 2226 3048 .
1587 2966 2179 3094 ter seyn, zugefallen gethan
1604 3041 2592 3180 Ob nicht wahr, daß Er ein Anhänger deß Muß Kohlers
1582 3144 2582 3276 und seiner Lehr gewesen, und sich in seinen ver¬
1582 3251 2137 3385 samlungen einbefunden
2615 2026 2659 2126 s
2636 2362 2665 2462 d
