3024 4032
320 343 427 421 32.
424 648 498 785 E.
501 337 1479 497 der Meister Jun zugegen gebesen,
513 442 1460 589 der ihns nach der Gebamen geschükt.
514 625 1450 774 Es seÿn gar nicht zu glauben, daß
496 713 1470 856 er nicht eine vollkommene Gelouß¬
491 831 1458 986 heit seiner Schbester Schlängerschafft
486 941 1456 1087 gehabt; zumahlen sie jeder Zeit beÿ¬
493 1031 1405 1176 Einander geschlaßen, und über dan
494 1133 1415 1273 auch jederZeit mit Einanker deß
474 1229 1251 1397 Nachts umbher geschloeifet?
413 1438 1470 1598 R. Es betheüre, daß es solches gar nicht
484 1547 1468 1647 geloußt, wohl habe es ihra die Schban¬
474 1640 1441 1748 gerschafft offfers zu gemuthet, so sie
461 1750 1177 1875 ihme Beständig gelaugnet.
409 1933 1460 2069 E. Ob er noch alleZeit darauf beharre¬
484 2033 1408 2161 daß bie die Ersten Schmerthen die¬
452 2137 1465 2276 Kindbetterin angestoßen, und er Sie¬
460 2242 1437 2373 gefragt, loo es Ihre fehle, sie ihme¬
455 2342 1325 2469 von nichts anders als von Zahnd¬
453 2448 1044 2574 Schmerthen geklagt?
379 2625 1446 2777 R. Ja Er beharre darauf, es seyn nach¬
459 2755 1418 2872 wertho Biß gegen Morgen, daer
441 2844 1429 3001 aufgestanden, lönder eingeschlaffen.
385 3039 453 3167 E.
450 3032 1444 3180 Nachdeme es aufgestanden, und seine
449 3131 1475 3296 Schlester damahlen sich über Bauch Wich¬
445 3255 1462 3405 Beklagt, Ob sie ihme damahls nichts¬
443 3354 1213 3491 von Kindes - Wehr geredet?
1274 3445 1395 3587 .
1550 3036 1727 3149 Instert
1636 423 1715 545 H
1669 787 1727 920 E.
1638 1011 1719 1168 B
2726 239 2840 321 33.
1762 341 2772 496 Bezeuge gleichfalls, daß sie ihme von
1734 439 2746 605 nichts als Bauch Weh Meldung gethan
1738 531 2816 704 auch §. V: das Nacht- Gstherr geforderet.
1736 734 2826 888 Wielang hernach es das Kind schreyen
1740 882 1951 993 gehört.
1767 962 2764 1120 Es seyn nur eine Burtze Zeit in der¬
1725 1060 2782 1217 Kuche beÿ dem Beübr gelesen, Als¬
1727 1164 2782 1295 es das Gesthrey gehöret, darauf er¬
1719 1285 2798 1412 Eilends Zurück in die Stuben gegangen,
1735 1368 2684 1505 do habe es seine Schloester im Bett
1731 1482 2423 1630 auf sithend angetroffen.
1737 1661 2749 1805 Wer der Kindbetterin die auf ihrem
1664 1693 1712 1786 B
1728 1781 2797 1901 Bett gefundene Blutige Schare gegeben,
1732 1883 2622 1985 und bas Sie darmit verrichtet2
1644 2054 2830 2220 R. Damahlen, Als es das Kind gehörtschregen
1738 2165 2788 2299 und hierauf in das Stüblin gegangen, ¬
1718 2258 2772 2392 habe ihme die Kindbetterin die Schäre
1717 2360 2783 2493 geforderet, welche sich beÿ dem Ben¬
1710 2460 2750 2601 ester befunden, so es ihr aufr Bett ge¬
1727 2586 2800 2706 geben, luße aber nicht, bas Sie darmit
1723 2673 2715 2810 verrichtet, und seÿn von dießem Mo¬
1720 2767 2757 2904 ment an nicht bieder zu dießem Un¬
1718 2864 2655 3023 glückseeligen Menschen gewesen.
1746 3051 2719 3207 Es seÿn fast nicht zu glauben, daß es
1726 3162 2675 3304 von dieser leÿdigen Sach nicht eine
1733 3246 2751 3434 mehrere und genaubere Wißenschafft
2583 3446 2742 3524 habe
