3024 4032
200 372 295 442 202.
238 421 457 522 von wegen
491 364 1148 544 Niclaus Stahler etc.
406 508 1284 649 Aufgenommene Information von
388 586 1326 756 Veter Gründer, Alt Seckelmeister
391 707 1292 825 von deütigkoffen, in Gegenwart seiner
1285 731 1322 813 .
382 791 1337 905 Fraulein Elsbeth Kauler, beyde in Circa
375 884 883 996 70. Jahren Alters zu
212 966 1354 1094 Declarirte: Sambstags den 17. Frachmonaths
383 1073 1378 1196 1751. zwüschen Acht und Elsf Uhren Vormittag
374 1170 1346 1298 seye ihme zu deütigkoffen in seinem Hauß¬
368 1269 1322 1383 eingebrochen, ein Gänterli und Trog mit
361 1347 1351 1475 gewalt aufgesprengt und aus dem Trog ger¬
364 1455 723 1573 gstohlen worden.
371 1556 1335 1666 In einem Alten Suchigen Seckel, Alte Thaler¬
367 1637 1346 1767 und Alte durch Pfändler für dator F. 100.
466 1737 1340 1852 Denne in einem Alten Lädernen Seckel
346 1821 1339 1946 von dreyen Theilen, wie auch in einem Großen
347 1925 1339 2043 neuwen Lädernen gleichfalls freÿ Theillig¬
350 2012 1330 2131 igen Seckel, gantzer halbe, und Viertel
343 2117 1324 2231 Konthaler, etwas an Piecettes, denne
334 2207 1290 2324 L. L. L. Duplonen, ein Schiltlin Duplonen,
328 2296 1344 2399 Sonnen, und 1. Militon Suplone, Stem¬
331 2410 1336 2530 3. halbe Schiltli, Suplonen und viele neüe
332 2485 1310 2619 Hern, Bathen, welches alles sich sammethafft
321 2594 1318 2705 auf 200. R. mithin mit obigen §. 100. zu¬
313 2682 989 2811 rsamen §. 300. betraget u.
336 2783 1339 2905 Alle diese Seckel haben sich in dem Trogber¬
316 2872 1314 3020 efunden, welcher mit einem Pflug- Sach¬
323 2979 1329 3120 aufgestrengt, und das Sach neben dem Krog¬
311 3074 876 3187 stehen gefunden worden.
556 3172 1348 3308 Ingleichem sagen die Deponenten
316 3255 552 3396 noch aus¬
1112 3362 1281 3461 Man̄
1455 373 2371 546 In beym Niclaus Stadler e
1572 508 2542 645 Mann habe noch ein anderen Trog mit dem
1578 610 2584 756 Schlußel (: so sie in dem Gänterli müßen ge¬
1566 697 2584 866 pfunden haben.) Eröffnet, doch aber haben sie
1588 800 2571 926 nicht wahrnemmen können, daß etwas aus
1567 883 2237 1009 selbigem Entwendet worden.
1579 985 2526 1143 Während dieser leydigen Vergangenheit
1576 1084 2575 1230 haben sie sich beyde Deponenten samt allein
1576 1191 2540 1321 Hauß Gesind von dem Hauß abwesend und
1585 1287 2565 1420 auf der Matten mit Zeuben beschäfftiget
1581 1396 2608 1523 befunden, Sie selbsten haben Niemand ge¬
1570 1486 2587 1612 sehen, wohl aber haben die Nachbauren ihnen
1567 1578 2595 1705 gesagt, sie haben zwey Kerls umb das Hauß
1587 1671 2491 1801 herumbstreichen gesehen, und gleichen
1580 1776 2593 1892 Morgen durch das Dörfflein hinausgehen
1571 1858 2591 1984 da der Einte das Kutlin auf der Apel ge¬
1576 1950 2606 2087 tragen, Auch seÿe der Einte etwas großer
1570 2055 2587 2148 als der Andern gsin, Nach diesem haben sie
1570 2136 2608 2238 nicht das wenigste mehr von diesen dieben er¬
1552 2233 2568 2358 pfahren können, Wiewohlen Er der Depo¬
2570 2269 2598 2313 .
1557 2323 2608 2446 nent und seine Nachbauren gleichen Tags
1565 2424 2599 2574 nachgesetzt, und aller ohrten Nachstag ge¬
1557 2528 1777 2636 rhalten.
1576 2623 2597 2731 Endeten hiermit ihre Außaagen, mit Ver¬
1562 2698 2595 2829 sicheren, daß selbige durch aus Wahrheit
1572 2809 1876 2923 in sich halten.
1563 2865 2586 2999 Actum durch Mhgern Raths Herr
1576 2967 2569 3127 Ougspurger, nebst Herrn Vice Groß¬
1566 3072 2555 3183 Weibel Backbrett, und Gricht Schreiber¬
1555 3153 2590 3323 Baschet den 2ten Septembris. 1752.
2557 373 2644 464 203.
