3024 4032
349 378 398 438 8.
416 377 1475 521 Nicht lang darnach und Zwar noch vor Ein Uhr seÿn
408 475 1472 612 deß Gerbers Ehebeib und Tochter zu ihra ge¬
401 548 1474 672 kommen und haben gesagt, deß Rothen Fraub¬
412 620 1465 764 seyn gestorben, sie haben sie eingenahet und in den
390 698 1401 834 Baum gethan mit beÿfügen, daß sie an dem
398 794 907 916 Hals Blaulo gewefen.
506 890 1143 1043 Abgelesten und bestätiget.
377 1052 1442 1219 Ectum auf dem Hobuchl. den 10ten Juny
397 1196 549 1294 1751.
493 1240 1422 1471 Gutschubig Bera
1615 1592 1652 1652 1.
1613 2149 1656 2230 3.
1912 358 2259 523 Relatio
1739 511 2599 661 Medico 1 (hÿrurgiea.
1603 753 2738 922 Auh Hoch Oberkeitlichen Gefelch haben
1681 878 2736 1001 bir Endts, Underzeichnete und ohngesaumbt nach
1672 949 2740 1069 Hohbuehl. Obenher Bobeil Ambts Signanlo und
1673 1023 2730 1149 Landgrichts Konolfiügen umb den aldorten¬
1682 1112 2714 1221 bürcklich eingenaht, und im Sarck ligenden
1684 1210 2739 1319 Leichnam der Elsbeth Moster von Höchstetten-
1685 1269 2673 1393 in Seÿsein Mehhrn Großbeibel Esinger¬
1668 1366 2621 1477 und Herren Brichtschreiber Baschet zur
1672 1448 2718 1551 visitation und genaulden Besichtung begeben,
1682 1555 2746 1692 gewahrete man, daß das Gesicht etwas blaulecht
1672 1670 1882 1763 außsahn.
1624 1785 2738 1883 2. zum Mund und Nasten heraus, floße eine Visi¬
1654 1859 2722 1968 Cosn mit Blut vermischte Mater, in Aufspehrung
1666 1934 2682 2053 daß Mundts erzeigte sich die Jungen dick und¬
1663 2011 1880 2110 Blanlecht
1675 2151 2733 2268 Sahe man umb den gantzen Hals Herum ein mit¬
1655 2222 2727 2355 geblüet unterlofenen schwarzen Ring, der ganthe
1654 2317 2673 2444 Rucken ware mit Stagneerindem Gebluet unter¬
1650 2369 2747 2519 nloßen, hinter dem Linken Ehr fande sich ein kleinen
1649 2463 2660 2601 Ritzlein, so aber von keiner Consequeng ware,
1654 2552 2681 2685 Übrigend vermerckte man beder am Kopf noch¬
1656 2627 2630 2775 übrigen Theilen deß Leibs keine äußerliche
1636 2721 2714 2858 Lasion. So daß daraus klar zuschließen, daß
1653 2812 2608 2961 dießere Persohn erbürgt gestorben seÿn:
1657 2910 2153 3042 Den 11ten Juny. 1751.
2180 2981 2703 3132 Wyttenbach. B. M. p. t.
2174 3092 2388 3180 Ordinarius
1776 3124 2065 3251 Aigniert
2166 3146 2664 3273 Joh: Anthorj Scherer
2189 3237 2655 3329 operator Insulanus.
2790 264 2843 332 9.
