3024 4032
150 2938 292 3093 Frag
113 3130 304 3295 Antwort.
221 476 335 574 aud
225 656 357 781 befragt
188 832 361 945 Antwort
397 435 1453 619 Examen mit Christen Schweingruben
464 555 1283 691 von Wahlern, statis 30. Jahr, verheürahtet etc.
392 670 1397 803 Auß war Ursachen Er verwichenen Freytag auf dern
428 754 638 874 kommenen s
418 858 1385 979 der Hans Nydegger habe Ihme Abends zuvor ge¬
389 950 1370 1088 sagt, Er gehe auf dern vor wegen eines Gelt¬
389 1054 1378 1181 Aufbruchs, darauf Er sich entschloßen auch mit Ihme
379 1148 1375 1273 zugehen, um etwann eigentlich zu vernehmen, wie
368 1248 1355 1373 es sich in Ansehen deß Muß Kohlers verhalte,
368 1338 1358 1473 zumahlen man auf dem Land so vieles geschwäzt,
370 1428 1337 1557 daß man nicht wüßen mögen, was darvon zu
365 1527 1400 1644 glauben, da Er nun also hiehar gekommen, und in
364 1603 1369 1746 der Stadt /: die Ihme mit bekant wäre :/ herunge¬
362 1716 1397 1851 gangen, habe Er auf dem Käß- Marit den Albrecht
353 1809 1363 1945 Münger angetroffen, mit welchem Er in einen
365 1902 1353 2049 Keller gewesen eine halb Maas zu trinken, so
354 1998 1382 2150 haben Sie nachwerts noch den Dentz Kränger ge¬
356 2101 1372 2234 sehen, der den Marti Kißlig gesucht, bald her¬
350 2188 1374 2321 nach seye der Kränger wieder zu Ihnen gekommen
346 2298 1400 2422 und habe ihnen angesagt, er solle auß Befehlen eine gnädige Herrn
348 2388 1384 2513 Großweibels seine Cameraden aufsuchen, darauf
345 2479 1254 2611 Er sie mit ihme auf das Rahthauß geführt
346 2568 1375 2689 welchemnach Sie alle mit einander hiehar geführt.
339 2657 1352 2802 worden; Im übrigen aber seye er bey keinem
323 2771 1339 2893 Herren gewesen, und habe der Sachen deß
329 2843 1377 2990 Muß Kohlers im geringsten nichts angenommen.
338 2960 1335 3087 Ob Er ehemahlen die Kohler nicht besucht, und in
329 3046 1023 3193 Ihre versamlungen gegangen
353 3149 1367 3293 Ja, das bekenne Er, seye mehrmahlen bey Ihnen
323 3245 1326 3376 und in ihren versamlungen gewesen, Seith
1217 3357 1354 3490 ihrer
1468 657 1582 810 Sag
1443 1056 1571 1155 Antwort
1461 1626 1561 1773 sag
1445 2099 1576 2208 ubport.
2520 373 2613 472 221.
1591 415 2558 603 ihrer banisation aber habe Er dieselben nicht mehr
1592 540 2503 712 gesehen, auch beiters keine versammlungen besucht.
1606 625 2547 806 Ob Ihme nicht bewußt wäre, daß dergleichen verhan¬
1603 719 2509 884 ilungen von einer Hochen Obrigkeit verbotten
1591 848 2558 982 seyen. Er auch in der Kirchen dißörtiger verbott und
1591 939 2436 1076 Oberkeitliche Ordnungen ablesen gehöret?
1619 1035 2555 1189 Er müße bekennen, daß Er selbsten die Ordnung in
1600 1146 2536 1292 der Kirchen verlesen gehöret; Im übrigen seye
1589 1238 2567 1377 Er nicht offt in die versamlungen gegangen. Er seyn
1595 1328 2560 1467 wahr zu diesen Leuthen ins Hauß gewandlet: An¬
1600 1429 2547 1576 bey aber habe Er doch jederzeit den Offentlichen
1594 1535 2047 1657 Gottes dienst besucht.
1604 1614 2557 1772 Ob Er dießmahlen erkenne, hierinnen gefehlet zu
1590 1724 2529 1866 haben, und ob Er verspreche fürohin sich als ein Ge¬
1578 1816 2545 1946 horsammer und freuer Unterthan Meine gnädige er auf zu¬
1574 1919 2524 2061 führen, und alle dero Gesatz- und Ordnungen
1583 2003 2255 2143 in allen Fählen zu beobachten.
1618 2109 2532 2243 Ja, er erkenne und bereüwe seinen diß ohrts
1588 2198 2521 2320 begangenen Fehler, und verspreche hinführo
1563 2291 2530 2441 sich Gehorsam gegen die hohe Oberkeit und alle
1579 2388 2537 2518 dero Befelchen einzustellen, auch alles Schwer¬
1568 2476 2562 2636 emens sich für eins und allemahl zu müßigen.
1680 2568 2347 2713 also abgelesen und bestähtiget.
1572 2661 2124 2795 Actum ist supra.
2601 2509 2662 2622 .
2627 2073 2668 2182 s
2596 576 2676 736 .
2633 825 2674 871 e
2631 1327 2673 1380 .
2623 1367 2688 1452 .
2615 439 2679 585 .
