3024 4032
307 287 409 356 136.
257 471 450 570 Instiert
346 2088 405 2186 .
377 1166 442 1277 I
369 1484 427 1596 .
426 328 484 462 2
496 287 559 366 fas
526 304 1435 497 Examen mit Gristen Firsch.
493 452 1454 616 Alle seine bißherigen Außreden seyen von
469 539 1375 682 keiner Erheblichkeit, und zeigen nichts
1376 628 1438 685 .
472 638 1442 770 anders, als daß er den Schuldigen schonen
461 717 1465 862 wolle, womit er aber sich eine schwäre Straff¬
454 802 1439 938 auf den Hals ziehe. Solle also mit bey¬
443 878 1396 1025 seits setzung aller Menschen Forcht sein
1398 953 1439 996 .
464 965 1446 1096 Gewüschen Entladen und die Wahrheit
460 1060 826 1178 heraus sagen.
451 1119 1412 1274 Er weßen wohl, daß er die Wahrheit der
454 1223 1420 1343 Hohen Oberkeit sagen solle, könne aber
431 1306 1427 1431 solche nicht anders Eröffnen, als wie er
435 1400 700 1506 es gethan.
462 1445 1447 1607 So werde der stärckste Verdacht und ver¬
432 1561 1408 1677 antwortung auf ihme liegen bleiben, zu¬
406 1634 1404 1771 mahlen seine Außaage von Kundschafften
423 1728 1349 1861 großen theils wiedersprochen werden
410 1826 1410 1943 dahero in Ermanglung einer Wahrhafften¬
402 1895 1413 2023 Bekantnuß die Wahrheit mit Gewalt von
408 1986 1267 2106 ihme werde abgeforderet werden?
418 2080 1417 2216 In Gottes Nahmen, Er müße erwarten
394 2183 1415 2312 seyn, was wieder ihne werde auß geredt und
388 2267 1361 2395 vorgenommen werden, glaube, daß er
385 2341 1077 2479 die Wahrheit angegeben habe.
536 2480 1273 2622 Abgelesen und bestätiget.
1603 1415 1657 1529 .
1595 1788 1666 1912 .
1608 797 1668 922 .
2643 316 2764 426 137
1701 363 2490 544 Sweytes Examen
1934 511 2043 565 mit
1676 537 2745 738 Gristen Bürren, in der Kircheren
1673 798 2731 924 Er werde ohn allen Zweiffel seit Erster Verhör¬
1684 881 2732 1005 der Sach beßer nachgedacht haben, und ver¬
1664 957 2739 1087 hoffentlich nun bereit seyn eine Vollkommenere
1680 1056 2724 1181 Bekantnuß von sich zu stellen, wozu Er ernstlich¬
1673 1145 2713 1264 ermahnt werde. Solle also sagen, ob Er nicht
1675 1221 2682 1344 den 3ten über den Boden auß gestoßen habe,
1672 1313 2422 1442 und bey der Schlägerey gewesen.
1670 1411 2738 1542 Weiler den 3. noch andern habe Er nicht angerührt,
1671 1506 2715 1628 und seyn erst dazu gekommen, als die Schlägerey
1666 1583 2718 1711 vorbey gewesen, indemme ein Wollhut in dem¬
1660 1705 2685 1802 Weg gelegen, neben welchen er auch gegangen.
1690 1776 2716 1902 Richt nur werde Er genugsamb überwiesen
1662 1862 2686 1980 werden, daß er bey der Schlägerey gewesen,
1654 1931 2667 2066 sonder selbst mit Stoßen sich einicher maßen
1677 2013 2707 2112 verdächtig gemacht, Seine Negativen dienen
1661 2095 2679 2220 also zu nichts anders, als sich harte Straff¬
1657 2179 2244 2301 auf den Halß zu ziehen.
1585 2255 1653 2404 d
1667 2296 2697 2409 Beruffte sich auf sein gutes gewüßen, und
1655 2365 2716 2480 seinen Merchmann Zendicht Schönig, welcher
1659 2442 2716 2578 ihme gesagt, daß muß zug, mit einem Stecken
1649 2542 2089 2660 drein geschlagen.
1577 2608 1642 2738 .
1670 2620 2691 2759 Wines komme, daß dieses der Schönig, und Er
1655 2719 2173 2852 Nicht gesehen habe?
1575 2811 1654 2922 h
1679 2804 2716 2952 Weilen Er damahls einwenig vorauß gegangen
1594 2899 1645 2991 D.
1658 2915 2684 3020 Ob er nicht bekennen müeße, gestoßen zu haben?
1595 2982 2689 3086 R. das könne er nicht bekennen, es möge ihme nun ergehen
1652 3054 2019 3136 wie es immer wolle.
1969 3110 2547 3230 Abgelesen und bestätiget.
1639 3153 2682 3324 Detum in die Oberen Gefangen schafft durch
1636 3260 2671 3388 Mahgherrn Raths Herrn Stürler, als von Meine gnädige Herren
1651 3332 2711 3455 den Räthen unterm 19ten diß verordneten Ober examinator
1654 3409 2608 3515 mit herrn GroßMeibel und Herrn Schricht Schreiber
2145 3462 2699 3553 den 23ten Juny 1752.
