3024 4032
222 368 327 446 208.
299 1184 357 1281 5.
229 1363 372 1459 Antl.
278 2044 339 2148 5.
188 2402 336 2529 Ant.
432 368 1173 529 Niclaus Stahler etc.
374 519 1348 645 Nachricht gehabt, glaube auch nicht, daß
391 610 1312 733 der Basel, kein solches gewußt, noch so
400 698 1369 817 viel Gelt alda vermuthet, sonderen als
401 785 1365 906 er in denen Kleideren hin und wieder etwas
398 888 1366 1032 wenigen Gelts gefunden, habe diß ihme
389 979 1384 1117 Anlaß gegeben die verschloßenen Trög ob¬
379 1079 1035 1199 gedeuter Maßen zu öffnen.
396 1181 1359 1277 Wo nachwerts er mit dem gestohlenen Gelt
379 1275 681 1389 hingekommen.
619 1359 660 1424 2
401 1358 1380 1465 habe 20. von Thaler davon einem ger¬
382 1479 1362 1581 wüßen teutschen Johannes, welcher mit
387 1558 1357 1678 einem Glücks - Kasten den Marckten nach¬
380 1656 1348 1781 gehe, entlehnet, der ihme auch solche nie¬
365 1748 1353 1872 mahlen wieder Restituirt, das Übrige
363 1862 1359 1971 aber habe er alles mit Zehrung und Klein¬
356 1955 841 2059 deren durchgebracht.
374 2034 1325 2155 Anjezo solle er gleichfalls die Umbstände
362 2135 1354 2261 und wahre Vergangenheit deß Einbruchs
352 2221 1363 2346 und diebstahls im Schloß Kindelbanck Er¬
340 2318 859 2439 röffnen und ansagen.
364 2420 1320 2565 aler Groß Languedoe, La Rose und die
328 2524 1338 2655 Welsche Andres samt ihme seyen zu Göthigen
338 2611 1342 2739 im WuhrtsHauß zum Schwartzen Kopff
329 2720 1351 2860 zusammen gekommen. Da seyen sie gegen Solbe¬
332 2819 1336 2937 thurn hinunter gewesen, von der haben hie¬
337 2919 1360 3047 in Willens gehabt, gegen Burgdorff zu gehen,
322 2998 1353 3144 seyen aber nicht dorthin, sonderen ins dorff
323 3117 1326 3250 Kindelbanck gekommen, dorten seyen der Gros¬
320 3198 1329 3340 Languedor und der Andres gegen das Schloß
1171 3348 1269 3430 zu
2554 313 2660 425 209
1638 309 2448 513 Niclaus Stahlen etc.
2584 486 2625 572 .
1575 471 2582 624 zu gewesen, unter vorwand, wie danke
1579 572 2595 715 awercks - Gesellen, zu fechten, als sie nun
1577 656 2624 816 hierbey gewahret, daß Niemand in dem
1575 763 2643 906 Schloß seyn, haben sie hierauf den Schluß
1572 856 2636 1010 gefaßet, deß Nachts einzubrechen, darauf
1568 966 2592 1092 im alle vier die übrige Zeit des Tages¬
1576 1050 2221 1192 in dem Wald zu gebracht,
1562 1166 2611 1335 deß Nachts aber umb Elß Uhren seyen sie
1576 1270 2621 1387 alle vier mit einander gegen das Schloß zu
1565 1364 2582 1511 gegangen, Unterwegs habe einer von
1570 1456 2592 1583 seinen Cameraden einen Pfaal ausge¬
1567 1562 2584 1689 zogen und unter ob sich eingeschlagen,
1569 1648 2608 1809 sagend, das werde verhinderen, daß die
1573 1748 2628 1887 Sunde nicht bellen; Als sie hierauf beym
1555 1864 2616 1990 Schloß angelanget, haben sie erstlich an einer
1557 1947 2619 2080 Seithen auf sprengen wollen, so sie aber nicht
1570 2044 2604 2157 bewerckstelligen können, darnach haben sie
1574 2148 2569 2276 gegen Seits des Gartens mit zweyen
2516 2286 2544 2335 .
1569 2252 2512 2385 Haul Eisen: so sie bey einem neuben
1573 2303 2623 2472 Bauren Hauß zu underst im dorff beyge¬
1557 2422 2620 2584 nommen.) die Bäll, Laden aufgesprenget,
1561 2530 2623 2656 uund mit den Stühlen oder Kalmen der Sauben
2549 2652 2581 2705 .
1554 2625 2548 2767 haben sie aufgeläget, wiß sie auf solche
1568 2726 2598 2852 Wys in ein Zimmer eingebrochen, nachhero¬
1570 2807 2585 2970 seyen der La Rose und der Andres hinein¬
1549 2903 2564 3059 gestiegen, der Groß Languedor und
1554 2997 2578 3157 Er Inquisit aber seyen inzwüschen draußen
2552 3129 2581 3178 .
1572 3094 2551 3256 auf beyden Seithen Schiltwacht gestanden,
1573 3195 2556 3332 der La Rose habe in dem Zimmer mit seine
2432 3303 2577 3397 lß
