3024 4032
321 275 429 355 68.
454 460 1079 599 Beurtheilen können,
1134 471 1536 614 So haben seine
460 566 1497 721 dennoch in angebohrner Milde, eint
460 669 1505 808 und andere Umbstände in gonstige
457 773 1504 915 betrachtung nemmen, und Gnade vor¬
465 876 1484 1004 walten laßen wollen, Mithin
763 987 1129 1132 Erkennt
450 1177 1504 1332 Es solle obgenante Marion Valette
476 1304 1501 1440 zwar allergnädigest mit der Toden
442 1407 1475 1545 straff verschonet dennoch aber zu
439 1515 1478 1649 Abbüßung ihres schwaren Verbrechens
436 1601 1487 1760 für Zeit ihres Lebens in der Schallen¬
448 1707 1477 1857 werck Stin̄stuben eingesperret, und
438 1811 1490 1952 allda zur Arbeit angehalten werden.
443 1930 1481 2070 Geben in Unser Großen Rahts Ver¬
426 2035 1403 2160 samlung den 6. Decembris 1751.
390 2214 1458 2401 Zedel an Meine gnädigen Herren anherren fischer
402 2363 1469 2506 Ihne dieser Urtheil benachrichten,
411 2470 1465 2603 damit die Valette in der Schallen¬
408 2552 1482 2702 werck. Spinnstuben angenommen werde.
365 2748 1466 2888 Zedel an Herren Großweibel Einger.
399 2859 1474 3006 Ihne der Urtheil gleichfahls verstän¬
394 2965 1420 3100 wigen, damit die Valette in das
390 3061 1444 3207 Schallenwerck überliferet werden
402 3171 600 3295 könne.
2662 437 2762 552 69.
1924 467 2314 605 rocedur
1696 552 2799 678 Wegen Christen Riesen von Oberbalm verlun¬
1715 650 2742 748 dung und erfolgten Dod. de 14ten Juny 1752.
1805 727 1905 813 3.
1540 787 2766 922 Relatio. Freytags den 9ten diß, Als mich in Officio
1738 865 2748 983 auf dem Rathhauß befande, ließe sich bey¬
1735 946 2693 1049 Mir melden Hanß G. von Ober- Balm, in
2687 989 2726 1044 .
1738 1015 2656 1131 Begleit Daniel Riesten deß Weibels.
1738 1098 2750 1205 alda, welche mir anbrachten, wie in lest abge¬
1725 1160 2694 1292 nwichener Nacht sich bey dem Weißenstein¬
1726 1249 2684 1373 Holzli eine nahmhaffte Schlägerey zu ge¬
1727 1329 2719 1439 tragen, in welcher gedachter Oz, vor
1724 1404 2650 1530 weistender Maaßen, verbundet, sein
1724 1474 2744 1605 Camerad aber Christen Riesen, auch von
1720 1559 2720 1676 Balm, also muß handlet worden, daß er
1717 1637 2705 1753 wegen starcker Verbluetung in des Chor¬
1711 1716 2751 1845 Richter Dannis Hauß zu Schlien darnieder
1725 1806 2728 1908 liege, begehren daher behörige Justiz, vor¬
1711 1878 2661 1987 nemlich aber ohnverzüglichen Rath und
1711 1942 2006 2041 Gülffe, etc.
1703 2000 2747 2144 Worauff den Weibel nöthiger alsogleich an¬
1728 2105 2724 2207 beyde Herrn Chirurgos Insulanos geschicket.
1721 2161 2707 2280 Als aber der Einte wegen Beschäfftigung in¬
1700 2236 2726 2332 dem Artillerie, Camp gar nicht, der andern
1709 2309 2744 2431 aber erst nach Besorgung seiner Statt Patienten
1696 2380 2706 2493 sich nach Schlien verfuegen zu können, erklä¬
1704 2445 2719 2561 iret. Indeßen obgedachter Oz und Weibel
1701 2529 2713 2645 Risten gar bittlich umb eylfertige Hülff an¬
1698 2604 2726 2721 gehalten, so schickte Mr Nöthiger nach Herrn
1705 2671 2723 2776 Chirurgo Hartmann, oder, abwesenden Fahls,
1698 2742 2654 2832 an einen Anderen, mit der Instruction,
2647 2772 2691 2821 .
1708 2809 2738 2912 daß der Plessierte zu Schlien alsobald be¬
1689 2884 2659 2988 sorget und verbunden, nach Bewandtnuß
1712 2956 2683 3058 seines Zustandts allda gelaßen, und ver¬
1699 3019 2713 3117 pfleget, oder aber nach deßen Gennath, oder
1695 3097 2698 3204 allhero in die Statt transportiert, Mir aber
1692 3169 2573 3291 alsobald der Raport gebracht werde.
2518 3299 2639 3397 Als
