3024 4032
338 366 429 450 80.
481 495 1486 606 Wie, und von wein zu Boden geworffen worden,
476 576 1469 709 hingegen habe er ganz deutlich gesagt, daß der
473 654 1492 808 Scherz ihne angegriffen habe; wohl habe er Riesen
480 730 1480 889 auch von horen sagen, daß die Gebrüdere laugn
1083 796 1168 866 und
487 821 1428 968 und Muß Gug, von Liebell zwey Bugger¬
468 910 1476 1062 sperger, so er aber nicht mit Nahmen genamset
471 1017 802 1129 darbey gewesen.
473 1087 1464 1255 Diestes seyn alles, was der Riesten in seinem
478 1190 1498 1338 Hauß selbigen Abendts gesagt, und ein mehrers
472 1271 1425 1424 habe Er deponent nicht gehört, maßen er
491 1353 1477 1483 morgens darauf gegen Abend nach Hauß
473 1437 1429 1568 geführt worden, sonsten Er die der Hohen¬
459 1517 1435 1678 Oberkeit schuldige Treüb und Pflicht in
470 1614 1423 1738 einem solch lächtigen Umbstand nicht bey¬
465 1687 1428 1832 seits setzen und Niemand verschohnen
477 1794 707 1919 bürde.
1241 3287 1348 3444 43.
1620 491 1720 614 4
1668 930 1719 1012 z.
1667 1131 1729 1264 3.
1667 1255 1711 1340 H
1642 1417 1714 1509 .
2755 324 2844 386 61
1761 471 2796 628 Niclauss Zeender, auf dem Subeli ver¬
1744 583 2781 708 Ober Schnerli, atatis 30. Jahr deponirte
1910 684 2602 833 Praemissa Exhortatione.
1747 872 2769 1028 Ob Er auch bey der Schlägerey gewesen, so ver¬
1720 968 2764 1070 gleichenen Constag abendts zwüschen denen von
1719 1046 2457 1169 König und Balm sich verloffen.
1738 1120 2439 1255 Ja, Er seye auch darzu gekommen.
1736 1226 2807 1338 Ob er dann mit ihnen aus der Statt gegangen, oder
1729 1307 2670 1414 wo Er darzu gekommen und was er gesehen?
1745 1386 2738 1517 Er seye nicht mit ihnen aus der Statt gegangen
2336 1457 2576 1521 vo angetroffen
1719 1466 2762 1593 habe sie nicht weit von dem Bulgenbach, da sie
1711 1544 2758 1672 dann gegen dem Meisten Stein Költzl. zugekommen,
1720 1625 2778 1720 und da haben die Königer angefangen die vor¬
1720 1694 2733 1820 zalen zu stoßen, so daß sie zu Boden gefallen,
1713 1764 2741 1905 und ob schon er den Gebründeren Zug und dem
2576 1846 2606 1907 5
1697 1849 2730 1961 Scherz öffters abgewehrt, daß sie die Salmer
1717 1925 2778 2039 in Ruhe laßen, haben sie dennoch sich nicht ent¬
1706 2003 2770 2126 ehalten können, zu stoßen, auch habe er selbst
1684 2068 2757 2195 stöße bekommen, worvon er zu Boden ge¬
1691 2152 2789 2270 efallen, und deßtwegen ein wenig zurückbleiben
1702 2228 2800 2335 müeßen. Da Er nachgefolget, seyn würcklich deß
1673 2307 2792 2427 Riesen Guth am Boden gelegen und weiters habe
1690 2387 2784 2513 er nicht gesehen und seye nicht bey der Schlägerey
1684 2478 1891 2573 gewesen.
1636 2547 2783 2688 2. Wo er die Konitzer noch werths wieder angetroffen
1693 2649 2435 2746 und was Er von Ihnen gehört habe?
1636 2701 2759 2850 R. bey der Könitz Stapffen, habe er die Könitzer ange¬
1686 2793 2702 2923 etroffen, die von der Schlägerey geredt und zu
1695 2871 2765 2983 Einer die Sach auf die Anderen zu werffen gesucht,
1693 2934 2714 3082 und mit Einander Disputirt, Ein mehrers seyn
1693 3027 2309 3125 ihme hierüber nicht bekant.
1687 3093 2792 3202 Obige Deponenten wurden noch erstatteter gelubdt
1694 3173 2759 3289 auf Citation zu Er scheinen nach Hause Erlaßen,
1700 3235 2779 3340 Bendlicht Schern aber von Basel, muß und Niclauß
1694 3303 2777 3415 Jugi von Liebschreil, welche auf Citation von selbst
1702 3377 2773 3477 erschinnen, wurden dermahlen nicht verhört, sonderen
1681 3441 2786 3557 einmahl als sehr verdächtig in die Obere gefangenschafft
1675 3508 2495 3607 geschickt. Den 14. Juny. 1752.
2607 3544 2779 3638 Tege
