3024 4032
201 349 297 430 322.
423 362 866 511 Manifest
328 463 1193 620 der Köhlerischen Sect halber.
287 686 1358 827 It der Schuldtbuß und Rath der
321 784 1306 898 Stadt dern, Thun kund Riemit, und fügen
316 863 1389 988 zu wüßen. Demnach Aus der leibliche und Geist
316 939 1376 1042 gliche Wohlstand Unserer getreuwen, lieben An¬
302 1005 1391 1116 gehörigen und Unterthanen so nahe an dem Herzen
310 1073 1366 1175 liget. So haben wir nicht anderst, als mit Ein¬
305 1141 1372 1267 pfindlichstem Bedauren vernommen müßen,
313 1234 1405 1333 daß eint- und anderer Orthen in Unseren Landen
315 1304 1344 1424 nin seit etwelchen Jahren eine gefährliche und
304 1389 1376 1492 schändliche Lect einzuschleichen, und sich auszubrei¬
304 1456 1306 1561 rten Beymun, welche zwar in einen besonderen
301 1523 1373 1637 Schein der Gottseeligkeit sich einzuhellen, und
307 1604 1406 1725 dardurch viele, auch redliche und aufrichtige Seelen
298 1663 1386 1785 zu berücken und zu verführen wüße, da doch aber
317 1739 1352 1852 und in der That ihre Lehr- Sätze höchst irrig und
310 1820 1322 1939 also beschaffen sich befinden, daß durch selbige
310 1887 1379 2007 der Anglauben gepflanzet, dem Angehor¬
304 1964 1375 2055 sam gegen die Naturliche, rechtmäßige Ober¬
301 2035 1390 2144 keit der Weg gebahnet, Allen Sunden und lasteren
296 2111 1369 2220 dan̄ Thür und Schor geöffnet werden: Wie die¬
301 2186 1321 2305 traurige erfahrung dieses alles vielfaltig zu¬
293 2258 1291 2377 Unserer großesten Betrübnuß erwiesen hat.
284 2359 1382 2477 Zumahlen biß anhin weder Unsere außgegen¬
214 2426 1347 2520 Erbene Landsvätterliche Vermahnungen, ober¬
289 2498 1376 2617 keitliche ernstliche Edict und gefehle, noch auch die
286 2578 1361 2706 würcklich angebenckte Züchtigungen und Straffen
269 2646 1372 2774 Vermögend gewesen, dieser Seelen verderbenden
269 2727 1171 2853 Seuche den gebenschten Einhalt zu thun.
241 2840 1324 2945 Die eyferige, so wohl als auch liebreiche Ge¬
280 2913 1366 3034 mühungen und unermüdetes Anhalten aber der
253 2999 1378 3103 Lehreren Gödtlichen Worts, welche nach ordentlichem
263 3047 1366 3162 und rechtmäßigem Beruff zu Gischoffen und Gürthen
271 3126 1281 3246 über die Seelen gesetzet sind, mit Ungehorsamm
253 3194 1283 3330 Widerspruch und verachtung belohnet worden.
1032 3320 1257 3443 Das
2565 403 2669 483 303
1486 349 2631 557 von wegen deß Exequierten Hieronimus Rossess.
1550 506 2624 707 das abwesen dan dieser Pregeister und Sonderlingen
1564 613 2583 755 solche bittern und tödtliche Brüchte hervorgebracht,
1577 677 2594 846 daß einte und andere derselben, wegen zuverey,
1556 741 2607 919 Ehebruch und Todtschlag f: zu deren Vollbringung sie
1565 812 2616 975 annoch das Heilige Mort Gottes ärgerlich und schreckt,
1568 890 2590 1025 rlich mißbrauchet) von Unß offentlich an Gutt¬
1579 968 2590 1136 Leib und Leben allschon haben bestraffet werden.
1570 1065 1771 1170 müssen.
1562 1118 2594 1266 Es hat aber der Allerhöchste Gott welcher für seine
1575 1207 2577 1331 Ehre eyferet, und seine geoffenbahreten Wahr¬
1570 1279 2566 1399 rheiten schützet, nach seiner unausforschlichen
1567 1350 2618 1478 Weißheit verhanget, und in diesen letst abgelichenen
1568 1432 2592 1549 Tagen geschehen laßen, daß hieronimus Rohle
1558 1500 2602 1640 gebürtig von Grügglen in der Kilchöri Ringgisterg
1562 1569 2542 1660 welcher als einer der vornemsten Lehreren.
1564 1640 2624 1757 dieser schändlichen Sect bekant geworden, wegen
1556 1702 2580 1820 seinen vielfältigen Begehungen und schröck¬
1561 1771 2598 1896 nlichen verbrechen, in Unsere Bande gerathen
1576 1871 2600 1998 Da dann, theils in denen mit ihme gehaltenen
1576 1949 2590 2072 verhören, und aus seiner freywilligen unge¬
1556 2010 2549 2125 zwungenen Bekantnuß, theils auch durch
1568 2085 2599 2197 viele von ihme Kohler selbst bestens angenom¬
1562 2144 2533 2258 einene Gezeugen, er überführet worden.
1558 2205 2596 2328 daß er durch Berechnung eines besonderen
1546 2279 2551 2393 inmittelbahren Umbgangs mit Gott und
1537 2357 2550 2448 Unserem Beiland. Durch Ankündung der¬
1536 2417 2593 2545 Welt Ende, und andere Prophezegungen sich em
1539 2503 2596 2616 Ansehen und Anhang zu machen gesucht, daß
1531 2571 2563 2687 Er das Heilige Mort Bottes bald verachtet.
1548 2644 2593 2744 und verschmähet, bald aber zu seinem Muth¬
1545 2718 2605 2835 willen mißbrauchet, daß er endtlich dieße
1524 2786 2538 2897 seine Lehre und vorgebende offenbahrungen
1544 2846 2612 2984 wieder wüßen und gewüßen, als ein vorsetzlicher
1539 2934 2586 3042 Petrieger hervorgebracht, alles aber zu seinem
1546 2999 2569 3111 Eigenentz, Wohlgeben und Vollbringung seiner
2484 3060 2518 3091 .
1545 3059 2551 3163 unreinen sündlichen Küsten abgezwecket, und
1536 3144 1917 3248 angewendet habe.
1537 3215 2506 3356 Auf welche jetz angeführte, und noch viel¬
2396 3296 2577 3379 in ihre ge¬
2627 1114 2671 1165 d
2624 1207 2667 1274 .
2635 1380 2680 1462 .
2647 760 2692 859 .
