3024 4032
307 347 409 433 22.
358 2339 433 2412 1.
573 381 1320 548 riminal Procedur
783 532 940 638 M1
487 593 1489 753 marion Valette, Bernard
491 717 1477 855 Valette eines Refugirten Strumpf
511 827 1449 964 Wäbers Tochter Atatis. 20. Jahr.
388 1125 1464 1321 onnlags den 26.ten Septembris
485 1231 1465 1352 1751. bard durch Eutter Bnaden die¬
478 1351 1469 1479 mere Melohhen vice Großbeibel Dimer
462 1454 1447 1558 und Aman Manuel von begen der
461 1555 1492 1694 deß Kindts= Mordts sich schuldig gemachten
458 1655 1500 1780 Marion Valette, Bernard Valette einer
464 1759 1380 1878 refugierten Strumpfloabers Tochter
461 1846 1429 1970 Atatis 20. Jahr auf dem Zollberde in
447 1940 1467 2077 Meister Rohlers deß Mahlers Behan¬
457 2039 1392 2169 esung Information aufgenommen
458 2125 1446 2270 und nachfolgende Persohnen verhohrt.
461 2311 1391 2455 Meister Stempfli, der Beube¬
434 2431 1077 2553 Gsthaulder declarierte:
499 2610 1461 2747 Beuth Morgens umb halb Acht¬
431 2723 1466 2853 Uhr seye Er durch die Gebammen Maria
425 2812 1482 2953 Jaggl. Berichtet borden. Was Maßen¬
445 2909 1368 3048 deß Strumpfbäber Valette altere
440 3033 1479 3157 Tochter Rindbetteren borden, und das¬
436 3131 1453 3260 Kind albereit Toct seÿn; sagende, der
431 3237 1483 3373 Rindbetterin jungere Schlooster seÿn sie¬
443 3352 1362 3461 abzuhohlen gekommen, Allein sie
1268 3456 1474 3550 trage
1750 428 2682 571 trage Bedenckens alleine dorthin zu¬
1757 549 2704 658 gehen und Bitte also ihne mit zugehen.
1891 634 2676 757 Morauf er Deponent samt der
1763 724 2676 847 Geblmen in des Valettes Haus zu¬
1757 811 2729 937 der Kindbetterin gegangen, Als Sie nun
1760 920 2692 1035 mit Einander dorthin gekommen, seyen
1745 1011 2691 1142 sie in das Kleine untern Stüblin, bo die
1745 1114 2692 1235 Kindbetterin gelegen, zu ihr vors Bett
1756 1206 2702 1311 gelesten, und da habe Er Deponent zu
1745 1303 2728 1425 ihr gesagt, wie es komme, daß Sie Kind¬
1758 1412 2698 1522 "betterin seÿn, und aber jederZeit die¬
1744 1512 2708 1620 Schlängerschafft gelangnet, Sie hhabe ge¬
1739 1591 2695 1721 antbortet, Sie habe nicht gelaußt, und¬
1752 1685 2739 1813 auch nimahlen geglaubt, daß sie schlan¬
1747 1784 2691 1914 ger gewesen; Worauf er beiters¬
1747 1880 2691 1999 nichts, die Gebammen aber ferners Sie
1748 1973 2730 2072 gefragt, bie solches hienach in ihrer selbst
1745 2071 2697 2190 Eigenen Außag enthalten; Nür das¬
1763 2157 2692 2276 habe Er noch gefragt, Wer der Vatter
1750 2254 2716 2376 deß Kindes seÿn? Worüber sie ihme
1748 2340 2665 2460 verdeuttet, Er seÿn der Lieutenant
1750 2445 2685 2561 Wernier Woraufhin Er die Sachen¬
1760 2538 2688 2665 Muchghrn Raths herren Stettler als
1745 2637 2689 2769 Praesident deß Chor Grichts angezeigt,
1751 2720 2720 2859 Welcher ihne sogleich an Mehlrn Groß¬
1748 2818 2198 2961 Beibel gelausten.
1840 2998 2536 3150 Abgelesen und bestätiget.
2481 3302 2623 3480 2
2724 365 2799 454 93.
