3024 4032
317 1550 387 1698 3.
328 1197 385 1353 g
247 392 374 484 166.
327 667 384 773 d
407 422 482 494 tes
378 419 1386 606 und Peinliches Examen, mit
573 535 1206 669 Bendicht Scherz
430 648 1368 788 Müße nicht eigentlich, ob der Riesten
406 735 1385 887 von des Gugis Streich auf die Sand¬
398 837 1375 979 gefallen, oder schon vorhin am boden¬
414 910 1389 1054 gelegen, Einmahl habe der Juge sich
402 1008 1350 1159 gebuckt, umb dem Riesten die Streichen
397 1112 642 1248 zugeben.
412 1209 1272 1348 Was die Gugi mit dem Ruesten für
393 1302 1365 1428 Streit und Ursach gehabt auf ihne zu
375 1398 1354 1521 schlagen, ob Sie von Ihme oder Jemand
389 1486 1317 1611 Anders hier zu angereitzt worden.
416 1602 1275 1723 das möge er nicht bußen, Einmahl er
1276 1652 1332 1700 .
365 1682 1256 1821 habe sie darzu gar nicht gereitzet, zu
365 1781 1340 1913 mahlen er den gantzen Tag die Ballmer
374 1864 1251 2003 nicht gesehen, auch keine Ursach ge¬
358 1962 1345 2081 habt ihnen Übels zu zu füegen, sondern
371 2050 1311 2205 nur im Vorbey gang das Meitschi ge¬
344 2149 1333 2271 sehen, und mit demselben gehen wollen,
370 2235 1327 2410 Wurde mit ernstlicher Errinnerung
350 2365 1353 2494 in sich selber zu gehen, an sein gefänglichen
335 2442 1270 2584 Ohrt geführt, da falls die Umbständ
339 2537 1285 2678 Morgens nicht an tag gebracht werden.
1287 2591 1321 2633 .
331 2626 1233 2758 so dann ohne fernerers Schohnen die
327 2714 1237 2846 Marter an ihme vollzogen werden.
330 2806 475 2911 solle,
492 2855 1184 2987 Actum ut supra.
1454 2023 1605 2129 Pottes.
1506 3112 1585 3244 .
1534 954 1596 1030 .
1560 1603 1609 1673 9
2508 413 2656 526 1637.
1643 493 2642 686 Wriller und Peinliches Examen
1934 647 2047 749 mit
1640 703 2450 904 Dieronimus Hug.
1634 903 2606 1048 Wie ihme in vorigen Examinibus, sonderheitlich
1631 999 2602 1134 aber in letsterem bedeutet worden, daß MnGHH.
1617 1077 2620 1218 ihne einen der meistschuldigen befunden, dennoch
1629 1161 2551 1286 aber können sich doch dieselben mit seiner
1631 1240 2573 1359 Vergicht nicht beingen, inmaßen er immer¬
1615 1312 2582 1461 bey den Stallmeren gewesen, solle also mige
1625 1401 2586 1526 folteret sagen; Was ihne vermögen den
1615 1490 2633 1610 Riesen zu schlagen, und also übel zu tractieren
1631 1579 2613 1713 Er habe den Scher auf dem Riesen gesehen, und
1621 1684 2552 1809 daß er selbigen zu zweyenmahlen gestoßen
1603 1770 2608 1871 Aber Hand habe er an denselben nicht gelegt, und
1609 1839 2609 1955 ihne nur nicht berührt, wüße auch nicht, ver
1607 1908 2172 2040 denselben geschlagen habe.
1641 2013 2614 2150 Er könne sich auf keine Weyd looß willen, daß
1614 2102 2603 2214 er den Riesen geschlagen, indemme Er deßen
1610 2188 2596 2303 durch Kundschafften überwiesen, auch dem
1611 2260 2604 2399 Schertz solches gesagt, Eben so wenig werde er
1592 2348 2621 2492 zu glauben machen, daß er nicht sagen könte,
1600 2427 2592 2553 der Kaubtsächlich auf den Riesen geschlagen,
1607 2518 2535 2633 und wormit selbiger geschlagen worden,
1595 2586 2574 2692 solle also durch Zwang mittell sich die Wahr¬
1589 2667 2589 2794 rheit nicht auspreßen laßen, die auf fer¬
1595 2772 2556 2889 nires Verbeigeren an ihme ohne Schohnen
1600 2830 2598 2968 werde angewandt werden. Allermaßen das
1597 2922 2619 3049 Blut von ihme, seinem Bundig, und Scherz
1601 3020 2149 3154 abgeforderet werde, 2.
1601 3098 2595 3244 habe nicht gesehen schlagen, noch womit Riesen
1578 3210 2112 3341 geschlagen worden.
