3024 4032
254 388 374 473 190.
529 393 930 593 Litis
414 524 1259 698 deß Benzicht Scherzen
364 744 1365 949 Edd. Standsacher Klein und
395 868 1343 1020 Große Räth der Statt und Respublic¬
403 966 1380 1093 Berrn, thun kund hiemit. Alsdann sich
395 1045 1357 1174 zugetragen, daß Christen Rissen und
389 1141 1392 1260 Hanß Sz, beyd von Oberbalm Abendts¬
383 1233 1377 1364 deß 8ten lest abgebührenen Monaths Juny
380 1311 1353 1467 auf ihrem Reinbleg und freyer Straße
390 1418 1356 1536 ohnweit hiesiger Stadt, ohne Anlaß, noch
377 1523 1372 1640 Reichung feind seelig, ja mordtlich ange¬
377 1612 1306 1720 griffen, und also muß handlet worden,
1306 1678 1362 1746 .
371 1689 1304 1814 daß der Christen Riesen etwelche Tage
365 1788 1373 1910 hernach an denen empfangenen Schmerz
368 1853 1307 2000 schafften Wunden sein Leben einbüßen.
367 1957 920 2081 und verlieren müßen.
399 2043 1363 2197 So haben Wir mit beförderung und vorge¬
356 2147 1351 2294 falt dieser ruchloßen Gewalthätigkeit nach¬
351 2241 1298 2375 pforschen, die schuldig befundene dan̄ in
1301 2290 1330 2343 .
1304 2388 1335 2427 .
344 2339 1302 2467 Unsere Gewahrsamme und Bande bringen
344 2438 522 2555 laßen.
352 2511 1360 2648 Da nun so wohl aus denen eingenommenen
352 2614 1375 2760 Informationen, verhörten vielen Kundschafften
347 2704 1354 2834 Vergicht der schuldigen Antheil haberen, Als¬
331 2809 1351 2930 auch aus eigenem Bekantnuß deß allhir
335 2879 1361 3011 vorgestellten Bericht Schertzen von
337 2973 1328 3112 Basel gebürtig, ohnwidersprechlich und zu¬
317 3059 1345 3198 hellen Tage liget, daß Er Scherz der Ur¬
312 3144 1352 3286 nheber und Anfänger der Unglücklichen
315 3225 1331 3382 Schlägerey gewesen, aus welcher dann dieser
1089 3355 1365 3470 Todschlag
2556 409 2649 503 191.
1601 447 2605 616 Todschlag erfolget, daß Er würcklich und zu¬
1612 550 2615 710 verschiedenen mahlen obgedeute Tallmer ge¬
1593 670 2608 798 stoßen, Sie herdfällig gemachet, und mit
1665 764 1695 813 1
1592 764 2543 901 Cansten geschlagen, In diesem ganzen
1594 858 2569 994 Unwesen und Tumult dann sich gantz er¬
1594 945 2558 1084 boßt und wütend erzeiget habe. Also
1599 1034 2596 1190 daß wir umb den erfolgeten Tod Schlag
1606 1138 2607 1285 ihne verantwortlich zu machen und nach der
1600 1230 2548 1337 strengen Gerechtigkeit zu beurtheillen.
1605 1321 2351 1454 Bug und Ursach gehabt hätten.
1668 1428 2517 1561 Weilen Wir aber nach angeborner
1583 1535 2613 1659 Schuldigkeit auch in gnädige Betrachtung zu¬
1587 1632 2631 1757 rnemmen beliebet, daß Er Scherz mit bloßer
1581 1714 2605 1846 und unbewaffneter Haust allem geschlagen
1585 1820 2548 1937 zu haben bekantlich worden, dieses auch in
1589 1905 2326 2030 Peinlicher Befragung erhalten.
1589 2008 2585 2153 So haben Wir Allergnädigest Erkent¬
1646 2101 2115 2255 und Gesprochen
1573 2218 2530 2347 Es solle dieser gegenwärtige Benzicht¬
1601 2321 2613 2455 Schers zwar mit der Todes- Straff ver¬
1567 2406 2618 2534 schonet dennoch aber zu Bezeügung Unsers
1589 2507 2537 2626 Gerechten Ersters wider alle dergleichen
1583 2594 2619 2715 boßhafftl. Stöhrer der gemeinen Ruhe und Sicher¬
1562 2687 2595 2826 rheit, und zu Abschreibung solcher Freveltha¬
1574 2775 2581 2899 eten, mit dem verurtheilten Niclauß zug
1571 2856 2623 2997 gebunden auf die Richt Statt geführet werden,
1570 2965 2517 3095 deßen Einrichtung zu schauben, hernach
1565 3048 2613 3175 wieder in die Obere Gefangenschafft gebracht,
1564 3136 2605 3283 und alda nach abschwörung des Urpheils
2395 3216 2605 3352 Entlich
