3024 4032
237 308 353 402 136.
303 497 388 618 d
324 883 381 1000 .
269 1288 358 1429 I
430 470 1423 641 deßen versinne Er sich gar nicht, und glaub¬
412 590 1378 718 nicht mit dem Schindler ein Wort geredt
384 688 1408 871 zu haben, als da er ihne von dem Girschi
385 783 701 906 gescheiden.
422 876 1329 1038 Ob Er sich gleichfalls nicht errinnern,
395 981 1325 1108 daß bey Anfang deß Streits, hiehar
389 1076 1336 1231 dem Hölzli, als die Zallmer gestoßen.
1339 1156 1371 1189 .
377 1169 1186 1316 worden, Er auf sie geschlagen.
389 1296 1379 1423 Nun, kein Strauch habe er geschlagen, be¬
371 1385 1282 1546 oder hieher noch denseits dem Hölzli
588 1506 1011 1667 Confrontiert
689 1638 810 1723 mit
388 1689 1357 1867 Schindler, Schönig und Brauw
352 1829 1332 1983 darauf wurde ihme von Schönig mit
362 1946 1399 2094 Umbständen unter Augen Erhartet, daß
344 2049 1404 2198 Er Ihne Muß Gugi deßen Bruder
348 2142 1308 2276 Clauß wie auch den Scherz gesehen,
338 2222 1368 2351 den Riesten in eine dorn Standen zu Boden
344 2323 1353 2461 werffen, und darbey auf dem Bodenligen.
396 2418 1365 2576 Der Brauss aber erhielte ihme unter
322 2526 1369 2676 Augen, daß Er Ihne nicht nur gesehen stoßen
323 2613 1345 2771 sonderen auch mit Stecken auf die Gallmer¬
310 2720 552 2853 sschlagen.
359 2823 1336 2978 Aller dieser Vorhaltungen, wie auch
313 2933 1365 3058 deßsen, so er sich gegen den Schern berühmet
299 3018 1299 3159 ohngeacht, bliebe der muß zug dennoch
304 3106 1114 3238 auf der Absoluten Negatio¬
340 3192 1344 3349 Endtlich würde der Schindler nochmahls
289 3297 806 3441 Ernstlich befragt:
1149 3393 1219 3461 1
2578 385 2700 468 139.
1628 539 2653 728 Ob damahls, als er gesagt, fursch laßt das
1647 637 2661 796 gelten, es geht zu grob etc. Er gesehen, daß
1634 728 2593 896 man mit Stecken schlage, auch daß beyde
1626 806 2211 952 Jug, darbey gewesen?
1634 928 2619 1064 Antwortet derselbe, Er könne mit gutem Ge¬
1634 1030 2651 1138 weßen Zeugen, daß er gesehen mit Stecken
1628 1112 2625 1219 schlagen, als er obige Wort geredt, und ihme
1628 1190 2554 1306 vom Blauß zugi geantwortet worden.
1634 1279 2603 1406 den Clauß wüße er gar wohl und diesen
1622 1364 2602 1514 s: namlich den muß ich duncke es ihne auch
1630 1470 2627 1611 daß er darbey gewesen, wie es ihm allerdings
1615 1569 2619 1683 im sum seyn, und wollte er, ohngeacht aller¬
1631 1652 2640 1785 Vorstellungen, von dieser Expression nicht
1617 1756 1854 1875 abstehen.
1630 1852 2606 2015 Solchemnach sind sämtliche Inquisiten¬
1618 1956 2447 2101 wieder an ihre ohrt geführt worden.
2189 2042 2418 2203 .
