3024 4032
226 1606 372 1760 befange¬
300 1881 364 1982 ch
246 2289 323 2372 4
248 378 365 487 170.
325 705 386 808 I
335 985 397 1116 .
348 477 415 557 d
416 401 511 481 fes
425 399 1376 577 und Peinliches Examen, mit
520 511 1122 673 Christen Hirsch
425 651 1357 812 Warumb Er sich dann gegen den Schenz be¬
394 780 1265 904 erühmt, daß er Inquisit auf den
399 872 1045 1004 Riesten geschlagen habe
417 985 1352 1130 Der Scherz möge sagen, was er wolle, so
405 1058 1377 1198 seye es nicht dem also, und suche der Scherz
408 1144 1274 1298 vielleicht seine Wort zu verlehren.
386 1375 1372 1517 Als aus Anlaß einer Zwöüschen dem Scherz¬
400 1476 1374 1562 und Brauen vorgenommenen Confrontation
393 1564 894 1671 der Grauw ernstlich
401 1625 1361 1762 worden: Er solle zu Verhütung strenger Mit¬
392 1714 1312 1800 chen das, was ihme noch von dieser Sach in
378 1783 1209 1902 Wüssen seyn möchte, noch dato sagen.
1219 1842 1257 1891 .
380 1867 1329 1995 Er habe sich noch seithar erinneret, daß nach
377 1954 1359 2080 demme muß Jugi den Hirschi und Schiedler
370 2038 1348 2152 gescheiden, seye er gegen der Anderen Bursch¬
1244 2147 1273 2189 .
364 2112 1242 2232 zurück geloffen, und habe geschrauwen,
368 2185 1342 2313 laßt das gelten, oder ich schlage alles nider¬
356 2258 1342 2391 Worauf derselbe nahe bey Könitz wieder zu¬
350 2346 1286 2464 ihen Deponenten gekommen und gesagt,
353 2430 1326 2549 Er habe bras drei geschlagen, maßen die
358 2502 1291 2633 Salmer an dem Schmidter Sonntag ihme
335 2594 800 2722 auch bras gegeben:
358 2692 1295 2809 Über diessen Umbstand declarierte der
322 2763 1297 2894 Scherz, so darumb befragt worden, daß er
318 2859 1314 2978 mit dem Muß Guge an dem Schmitter Son¬
330 2926 1310 3063 tag zu zalen gewesen, und alda mit ein¬
323 3019 1306 3160 ander von den Halmeren angegriffen, von
337 3099 1131 3239 dem Wihrt aber gescheiden worden.
322 3203 957 3360 Actum ut supra¬
1383 2490 1417 2531 1
1541 2425 1588 2533 h
2533 406 2665 497 74
1623 427 2562 625 Dieres und Peinliches
1840 547 2406 687 Examen mit
1651 687 2624 850 Niclaus Tug
1646 799 2548 918 zwar gleich Anfangs an dem Ohrt der
1632 901 2002 1009 Marter etc.
1616 1004 2593 1147 Nach einer Seriosen Ermahnung wurde Er
1715 1122 2590 1244 Gleichwie ihme schon genugsamb vorge¬
1467 1134 1685 1257 befragt.
1604 1203 2587 1319 stellet worden, daß durch das Bereits her¬
2582 1269 2621 1311 .
1601 1292 2639 1422 ausgekommene MegnHHerrn ihne höchst schuldig¬
1628 1391 2585 1513 an dem geschehenen Todschlag finden, also
1607 1472 2636 1598 werde er dato noch in Gute Ermahnt zu eröffnen
1608 1543 2622 1663 die wahren Umbstände dieser leidigen Her¬
1598 1635 2634 1755 egangenheit, in wie weit er sich selbsten theile
1618 1711 2634 1860 hafftig gemacht, und vber seine mitgehülffen
1618 1800 2600 1934 gewesen, das Anschauwen deß Scharff¬
1611 1876 2631 2016 : Richters und der folter werde, ob Gott
1623 1964 2590 2088 will, ihne zu einer renden Bekantnuß.
1606 2060 1915 2166 Vermögen
1637 2127 2613 2269 Er bezeuge, daß er die völlige Wahrheit
1543 2133 1616 2275 3
2569 2261 2610 2325 .
1621 2237 2570 2343 bekennet, und ein mehrers nicht biße
1619 2308 2014 2429 noch sagen könne.
1617 2393 2569 2520 Alemahlen, als der Riesen auf dem
1596 2463 2615 2610 Bocken gelegen, und er auf ihme gsin, wer
1607 2553 2596 2701 noch mehr darbey und auf dem Stieffen ge¬
1605 2668 1842 2786 wehen
1621 2731 2603 2871 Er habe den Küsten nicht auf dem Boden gesehen
1538 2751 1605 2881 .
1600 2837 2612 2947 aber die Meitli haben ihme nachhero verzelt,
1599 2909 2616 3038 der Schertz habe sich zweymahl mit dem Riesten
1596 3003 2038 3127 zu Boden gelaßen.
1519 3078 2626 3205 2. Als er den Riesen auf dem Boden gehabt, ob
1585 3176 2437 3295 Er damahlen nicht auf ihre geschlagen?
1534 3258 2586 3405 R. Er bezeüge, daß er sich mit gutem gewißen
2459 3355 2585 3434 nicht
