3024 4032
160 2240 330 2334 Hworauf
175 2313 362 2379 ter Schmillen
165 2362 367 2448 zu dem Firsch
156 2418 367 2497 gesagt: Es gehe
160 2460 367 2548 viel zu grob.
266 2792 334 2884 d.
260 3039 331 3164 3.
294 281 408 362 126.
472 306 601 390 Ites
481 321 1394 485 Examen, mit Benzicht Scherz
979 491 1026 553 8
449 478 1424 616 zwey Tag hernach habe dans Jugen zu seiner
455 574 1399 677 Meister Brauben, Hanß Schmidlers Widt¬
448 655 1434 793 frauw gesagt, Er und sein Bruder wollen
455 740 1431 861 draus, und Er inquisit solle sich auch reiß¬
438 811 1429 946 pfertig machen. Er habe aber der Frauben¬
453 913 1374 1028 den gleichen Bescheid, wie oben gegeben,
367 1022 434 1139 F.
455 1003 1418 1163 Nicht minder verdächtig habe er sich dadurch
424 1091 1436 1224 gemacht, daß er zu Peter Schindler gegangen
439 1182 1411 1298 und demselben zugemuthet habe zu zeugen
431 1266 1405 1395 Er solle sagen, daß er Schmidler ihne Inquisit
428 1345 1418 1497 am Boden gesehen, und allda auf ihne schlagen
425 1436 1276 1559 welches ihme derselbe außgeschlagen.
355 1546 1380 1661 d. Weilen mann durchgehendts gesagt, daß er
416 1615 1309 1738 eintzig angeklagt seyn, so habe er von
402 1701 1416 1823 Schindler, als der dabey gewesen, zu ver¬
401 1803 1401 1927 memmen begehrt, wie doch die Sachhergangen
399 1880 1411 2014 und wer die Schuldigen seyen. Der ihme
395 1974 1362 2109 dann gesagt, daß er gesehen deß Christen
377 2059 1401 2193 Spychers knecht und den Kirschi Rath nach¬
392 2141 1389 2295 dem Riesen spritzen, und mit Füßen gegen
378 2238 1386 2353 ihne stoßen, dienne habe der Schindler ihme
382 2327 1367 2454 auch nachwerths gesagt, das könne nicht
377 2413 1393 2542 eintzig auf ihne kommen, maßen er noch
355 2496 1362 2621 etwas mehrers wüße, und dieses habe der
342 2588 1375 2713 Schmeller ihme Erzellt in beyseyn deß Zeu¬
346 2665 1374 2795 rdicht und Hanß Zeenders aus der halten,
353 2767 1365 2918 Mann Er sich so unschuldig gewußt, so habe er nicht
329 2869 1382 3022 nöthig gehabt, einem anderen ein Zeugnuß abzu¬
330 2956 573 3055 forderen?
342 3049 1389 3157 Es seye nicht bösen gewüßens halber, sonder
329 3134 1348 3240 zu Steüber der Wahrheit, daß er dem Schindler
329 3225 1359 3335 diese Außaag zugemuhtet, zumahlen er noch
314 3290 1308 3418 glaube, daß er das angemuthete solle ge¬
1079 3388 1342 3525 shen
2638 274 2753 375 129.
1676 293 2665 443 des Examen, mit Bendicht Scherz¬
1648 449 2657 608 gesehen haben, habe auch auf deß Schindlers
1663 553 2685 685 Verweigerung ihme gesagt. Er begehre nicht
1653 626 2721 778 daß Er wieder sein Mußen solches Zeugen solle
1661 718 2687 850 welches obvernambsete beyde Zernder ohne
1653 805 2414 939 zweifel werden gehört haben.
1733 907 2709 1030 Endet damit seine Außaag, so ihme abge¬
1647 990 2697 1126 glesen und also bestätiget, nach werths wieder¬
1647 1075 2431 1225 an sein Ohrt geführt worden.
