3024 4032
208 331 290 425 211.
183 459 387 566 urtwort.
184 1217 327 1360 Prag
173 1705 354 1789 antwort.
416 433 1409 615 Er könne nicht abseÿn, daß vor diesem Er nicht viel mit
393 576 1371 711 Ihme ungegangen, und Er habe nichts als Gutes
400 681 1385 799 von Ihme gehöret und gesehen, Seith deme Ihme aber
392 759 1367 892 verbotten worden versamlungen zu halten und zu
388 866 1380 985 besuchen, habe Er auß diesen Sachen gestellet, den
380 966 1390 1088 Miß Kohler auch weiters nicht besucht, als ein ein
385 1052 1358 1181 iziges mahl zu viel, da er ihne nur ein baar Stund
375 1147 626 1257 gesehen.
394 1231 1376 1377 Nachdem Er verwichenen dienstag der Muß kohler
371 1324 1385 1469 in der Gefangenschafft gesehen, und von Ihme Selbsten
371 1412 1376 1564 die widerruffung seiner betrüglichen und ärgerlichen
359 1491 1409 1660 Lehr angehöret, was dieses bey Ihme für eine Würkung
366 1613 665 1730 verursachet?
393 1696 1346 1840 Er seye nun überzeuget, daß der Kohleren ihre
356 1806 1339 1941 Lehr nicht gut, und nicht auf gute Absichten ge¬
354 1881 1379 2035 richtet gewesen, und habe Er den festen vorsatz ge¬
367 1986 1349 2130 nommen der Gebott- und verbotten MnGHH.
332 2073 1330 2235 ohn außgesetzt zu gehorsammen, sich deß Lehrens
340 2180 1376 2316 und außsprechens zu müßigen, und sich fürbas
335 2262 1348 2419 in aller Stille als ein getreuer Unterthan zu
340 2373 1316 2505 verhalten, welches Er dermahlen noch auf¬
328 2457 748 2592 richtig versprechen.
456 2557 1144 2705 Also abgelesen und bestähtiget.
323 2656 827 2786 Actum ut supra.
1515 537 1579 623 5.
1473 813 1615 937 besagt.
1445 992 1620 1099 Antwort.
1432 1988 1563 2136 Prag.
1430 2106 1580 2213 iution.
1439 2265 1568 2415 Tag
1416 2376 1575 2493 Antwort.
1434 2512 1565 2620 Sug.
1404 2645 1565 2763 Antwort
1424 2747 1545 2883 Mag
1387 2955 1580 3068 unterent
2555 448 2645 521 un
1654 520 2620 662 Den 18ten Januarii 1753. wurde weiters Examiniert
1651 595 2571 780 Hans Kirpf von Riggisterg etatis 11. Jahr
1679 702 2090 813 verheürahtet etc.
1668 809 2582 967 Was Ihne veranlaßet vorige Wochen allhier in
1677 900 2072 1014 die Stadt zu kommen.
1654 984 2591 1150 daß Er allerley Reden gehöret, betroffend das Ur¬
1635 1103 2593 1239 theil deß Muß kohlers, da es gelautet, Er werde
1622 1198 2609 1325 lebendig verbrennet, oder mit Zangen zerrißen werden,
1608 1281 2605 1433 welches Ihne gedauret, weilen Er ehemahls den Musi
1612 1387 2567 1514 Kohler gekennet, und von Ihme gute Reden gehöret
1617 1477 2591 1620 Derowegen Er allhar gekommen, um das eigentliche
1607 1574 2592 1703 hierüber zu vernemmen, wie Er nun hier noch
1605 1656 2619 1788 mehrere Freund angetroffen, haben Sie einander
1593 1747 2602 1880 angestifftet zu denen Herren zu gehen, und wo
1596 1846 2582 1970 möglich, deß Kohlers Urtheil abzubitten, daß es
1604 1946 2209 2067 verringeret werden möge.
1623 2003 2555 2161 Wer diejenige seyen, so Ihne hierzu angestifftet.
1607 2136 2551 2255 Eben die mit Ihme gefangenen Bentz Kränger
1598 2205 2081 2338 und Albrecht Münger.
1615 2302 2382 2437 Bey welchen Herren Er sich angemeldet:
1612 2401 2581 2530 bey auch geherren Rahtsherr Stigsturger, sonst nirgends.
1598 2513 2557 2628 Wer noch mehr mit ihme zu meine gnädiger Herrn Rahtsherr
1595 2596 2056 2709 Sugsburger gewesen.
1592 2680 2314 2810 Niemand, seye allein dort gewesen.
1619 2776 2526 2906 Was Er nun Meine gnädige Herren Rahtsherr Ougsturger
1642 2866 1918 2988 vorgetragen?
1603 2950 2523 3073 Einmahl erstlich in Ansehen deß Muß Kohlers, von
1579 3052 2536 3183 welchem Er geglaubt, Er seye fälschlich angeklagt
1572 3141 2539 3270 worden, für den Er um ein gnädiges Urtheil bitten
1566 3230 2534 3365 mögen. Zweytens dan habe Er auch von der
