3024 4032
270 283 409 371 116.
362 473 436 574 d.
457 460 1434 631 Er könne mit gutem Gewüßen nicht Zeugen,
435 569 1441 700 daß er einen der Anwesenden gesehen drei¬
430 650 1392 783 schlagen, und denselben gekennet, wohl
414 735 1297 863 habe er gehöret Schläge außtheillen.
237 864 454 988 Iustiert
485 852 1376 1000 Wie Er doch dieses erharten dörffe, da¬
429 958 1434 1085 er versicheret, Er habe allezeit wollen scheiden
412 1054 1400 1164 Müße also die Streitende wohl haben unter¬
404 1125 1140 1249 scheiden und kennen können.
434 1212 1393 1354 Er versichere doch, daß er Niemand ge¬
338 1244 400 1340 d
400 1305 1312 1415 kennet, als wan in dem Tumult der
393 1391 1326 1522 Eint oder Andere ihme nahe gekommen.
1325 1421 1401 1513 .
401 1478 1393 1618 wie auch den Scherz, als er seinen Guth ge¬
1156 1605 1195 1661 .
378 1568 1130 1705 suchet und wieder geforderet.
401 1731 1368 1885 Als ohngeacht aller Vorstellungen über die
379 1846 1378 1964 Ohnwahrscheinlichkeit seiner Aussag, nichts
380 1929 1378 2029 anders aus dem Deponenten zubringen,
368 1995 1408 2132 würde Er in die Gefangenschafft geführt
338 2405 1354 2584 Hanß Müller, von Ober Scherli
338 2538 1374 2664 so schon den 15. ten verhört worden, nochmahl
349 2621 1325 2776 bescheiden, und nach der Ernstlichsten
347 2737 704 2878 Vermahnung
149 2931 385 3093 befangt.
430 2960 1354 3082 Ob Er sich beßer besinnet, und nun¬
313 3059 1383 3163 mehro die völlige Bekantnuß deßen, so
335 3136 1373 3256 ihme von dieser Schlägerey bewußt von sich
314 3225 1354 3366 stellen und selbiges mit dem Eyd bestätigen
327 3309 519 3413 wolle
1184 3385 1351 3528 d. 6.
1602 1517 1653 1620 g
1595 1691 1653 1811 3
1612 538 1683 675 d
1624 739 1674 837 I.
1614 925 1675 1024 G.
1723 546 2674 700 Er wolle aufrichtig alles sagen, was er mit
1709 628 2222 769 gutem gewüßen könne.
1702 730 2668 880 Ob Er dann Niemand gekennet, der bey diesem
1692 815 2585 942 leydigen Handel drein geschlagen habe?
1703 927 2653 1072 Er bezeuge, daß Er keinen Streich, gesehen
1678 1011 2603 1146 gehen, als wie er vorhin gemeldt, den, so¬
1678 1086 2683 1201 Clans Jugi dem Riesten mit der Haust von
1671 1161 2647 1284 hinden versetzet, auf welchen der Riesten¬
1672 1235 2689 1371 für sich auf seine Händ in die Ständen ge¬
1660 1339 2633 1449 rfallen, aber gleich wieder aufgestanden,
2632 1398 2664 1432 .
1686 1422 2452 1538 und ohne Guth davon gegangen.
1678 1502 2681 1642 Was Er dan̄ von denen Umbstehenden vor
1672 1606 2115 1719 dieser Sach gehöret?
1679 1704 2690 1843 Es seye gleich die Elsbeth Hännj darzu gekommen,
1661 1793 2670 1916 welche mit dem Scherz über diesen Handel
1642 1858 2649 1991 gezancket, diesem habe er zugehorchet, und
1646 1952 2701 2071 also anderer Reden nicht wahrnemen können,
1701 2058 2666 2197 Er seyn darauf mit Renz und Niclaus
1630 2144 2664 2256 Zeender nach Hauß gegangen; und könne
1643 2235 2659 2366 mit gutem gewußten weiters nichts Zeugen.
1662 2317 2538 2493 Actum den 18ten Juny. 1752.
2634 417 2742 522 179.
