3024 4032
231 352 360 452 296.
371 492 1426 654 MCachdeme hierbige Procedur sub 26.
397 598 1408 733 Decembris 1752. von Meine gnädige Herren en Rähten
389 711 1333 821 für complet erken̄t und angenommen,
375 786 1364 906 hiemit auch beschloßen worden, hat es
382 870 1368 1004 sich Ergeben, daß der Inquisit hieron¬
375 946 1397 1097 uns Kohler nach seinem Verlangen von
388 1023 1374 1151 etwelchen Seiner Anhängeren auf deren
375 1096 1372 1244 gebührend gesuchte, und erhaltene Bewil¬
367 1193 1024 1324 rligung besuchet worden:
368 1273 1366 1425 Wie er nun in Gegenwart Vier derselben,
382 1342 1398 1501 nahmens Christen Marschall von Neüwenegg,
374 1432 1332 1563 Bendicht Krenger ab dem Laaß kilchhöri
368 1505 1370 1650 Rueggisperg, Albrecht Münger von Üttligen
367 1575 1339 1738 und Christen Ulrich von Nidermühleren,
376 1666 1343 1787 nne sehr reuwende Bekantnuß seiner
354 1730 1352 1871 Verbrechen und Revocation Seiner Lehe
346 1819 1279 1945 gethan, durch welche Sein des Kohlers
343 1906 1353 2040 anhängeren die Augen geöffnet, oder doch
342 1985 1299 2097 wenigstens Allen widersprechenden der
349 2067 1142 2189 mund gestopfet werden solten.
325 2144 1354 2283 Als haben Ihr Gnaden, auf hochdenenselben
328 2239 1305 2357 beschehene underthänige relation, Ihren
330 2299 1369 2455 Dieneren dem Großweibel und Grichtschreiber
331 2385 1288 2506 befohlen, diese hergangenheit und Ver¬
319 2475 1326 2601 handlung in Schrifft zu verfaßen, die¬
310 2560 1343 2663 selbe dann, zwar nicht als ein stuck der
304 2623 1346 2767 Procedur zumahl selbige beschloßen, sondern
310 2719 1327 2866 lediglich in rei memoriam anzufügen,
315 2799 1338 2933 und auf diesem fuß Meinen gnädigen Herrn und Oberen
300 2885 1326 3008 Räht und Burgeren am Tag der Beur¬
304 2960 949 3100 theilung vorzutragen.
271 3117 1319 3276 Zinstags den 9. Januarii 1753. Wurden in
281 3247 1342 3340 gegenwart obenvermeldter Vier Man̄wen
284 3309 1199 3440 von Mit Ehrndl. H. Helffen Sigfried
2504 433 2615 536 297.
1620 479 2619 643 nach vollendeter Underweisung der hieroniungs
1603 561 2599 721 Kohlers seines Verlangens mit seinen Leüthen
1605 664 2593 799 zu reden, und selbige seines gegenwärtigen
1603 710 2562 844 Seelen zustands zu berichten, erinneret, und
1503 784 2622 946 befragt. Ob er nun jetz gern und freywillig vor
1600 855 2592 1016 diesen Seinen freunden, welche von selbsten
1582 939 2609 1088 verlanget ihne zu sehen und seinen gegenwär¬
1600 1026 2622 1162 stigen Zustand zu erkundigen, Seine bekant¬
1590 1089 2595 1242 uß thun, und ihnen seine dißmahligen
1589 1174 2575 1339 Empfindungen und überzeügungen Vor¬
1612 1265 1970 1370 legen wolle?
1474 1350 1606 1443 Antw
1684 1341 2427 1462 Ja, er wolle es gerne thun.
1461 1433 1626 1570 befragt
1702 1455 2576 1566 Ob er dann noch erkenne, daß er vorhin
1603 1528 2527 1642 auf irrigen wegen gewandlet, und auch
1588 1594 2600 1737 andere Leüthe auf diese Verwege verleitet,
1583 1671 1734 1772 habe
1471 1782 1585 1864 Antw
1661 1756 2435 1893 Ja, das erkenne er jetz wohl
1452 1875 1644 1999 befragt
1712 1871 2586 1993 Ob er auch noch bekenne, daß er bey
1589 1952 2579 2061 Seinem Lehren und Predigen keinen guten
1582 2026 2566 2145 Grund und Absehen gehabt, nicht Gottes
1572 2104 2544 2213 Ehe, und der Seelen heil, sondern mehr
1588 2167 2596 2301 Seine gute Tage, und erfüllung seiner Ge¬
1585 2260 2138 2364 lüsten gesuchet habe?
1452 2356 1587 2476 Antw
1640 2362 2548 2482 das müße er leyder bekennen; Im
1588 2437 2589 2557 anfang zwar seye es nicht so bös gemeint
1572 2515 2568 2645 gewesen, aber nachwerts seye alles un¬
1582 2600 2027 2706 lauter worden.
1450 2684 1643 2820 befragt.
1643 2699 1687 2827 d
1687 2713 2581 2830 Ob er auch nicht müße bekennen, daß
1580 2812 2613 2888 er offt und viel, besonders bey seinen falschen
1574 2864 2600 2976 Weißagungen, wider wüßen und gewüßen
1558 2955 2607 3076 geredet, und sich darbey als ein Betrieger
1561 3035 2122 3170 Auffgeführet habe?
1447 3135 1571 3248 tuto
1594 3149 2562 3277 Ja: Er seye zuletst ein solcher worden.
1425 3242 1632 3361 befragt.
1707 3258 2546 3373 Ob er auch erkenne, daß er mit
