3024 4032
227 361 328 424 258
316 361 1388 519 von Wegen Zueronimus Röhler
379 485 1409 610 daß er diese wiederholte Mort mehr
395 578 1391 716 mahlen von ihme und seinem Bruder
386 660 704 771 gehört habe.
390 841 1358 970 Aber obige Sub 2ten Decembris von
383 947 1274 1079 Hans und Christen Streit abgelegte
395 1059 1384 1186 Deposition, Ansehend jene Gotts-
365 1137 1310 1257 lästerliche Red pag. 243. welche
378 1239 1367 1373 von dem Inquisiten aus Anlaß der
377 1325 1334 1479 fehlgeschlagenen Prophezeyung von
374 1421 1379 1559 der Welt Ende, auß gegoßen worden,
376 1519 1400 1669 würden dato verhört, als von obigen
364 1629 973 1734 Gezeugen angezogen.
340 1733 1327 1922 David Schweingruber, der
357 1882 1236 2009 Schulmeister zu Rüeggisperg, und
347 1963 1352 2097 Gieronimus Sachen, Schulmen¬
335 2055 1358 2196 ester zu Rohrbach, Welche ihre diß öhr¬
344 2157 1160 2281 rtige Außaag dahin abgeleget:
433 2254 1306 2382 daß als Sie vor ohngefehrd drey
325 2350 1371 2467 Jahren, aus Anlaß einer Mezg, von
1301 2460 1351 2518 .
330 2434 1293 2560 Muß Sachen zu Brügglen Beruffen.
322 2524 1369 2656 und eingeladen worden, sich allda auf den
319 2618 1362 2749 Abend eine große Menge volcks einge¬
878 2710 920 2782 .
306 2721 1355 2858 pfunden, da habe der Christen Kohler in
325 2809 1350 2944 der einten Stuben eine Zeitlang mit
311 2927 1355 3048 Ihnen disputiert, das Staube Testament
302 3025 1266 3166 in der Hand haltend, Allbau sie nichts
300 3118 1338 3261 sonderl anstößiges von demselben ge¬
313 3232 1319 3376 ghört, sich aber wald aus diesem Anhang¬
1137 3337 1326 3448 Congr
2517 406 2620 515 259.
1478 368 2501 534 von Wegen Hieronimus Röhler
1609 513 2568 631 weg- und nach Hauß begeben. Der
1588 607 2574 728 Muß Kohler habe sich zwar auch in dem
1595 693 2589 828 Gang und in einer Anderen Stuben hören
1597 788 2554 923 laßen, bezeugen aber beyde, daß sie
1588 890 2566 1014 Quaestionierliche Kästerliche Mort nicht
1590 980 1947 1113 gehöret haben.
1689 1062 2571 1190 Über eben diese Verdammliche Mort¬
1593 1162 2160 1286 würden auch verhört.
1565 1256 2627 1372 Anna und Christina Büehlmann
1581 1365 2619 1482 Schwesteren von Brügglen, welche aber
1585 1469 2508 1562 von allem diesem gar nichts wüßen,
1583 1551 2612 1684 sonder vielmehr die Kohler in allem aus¬
1571 1657 2601 1795 schönen, als hocherleuchtete Lehrer dar¬
1567 1761 2580 1883 geben, und einen standhafften, ja aller
1579 1861 2586 1969 liebreichen Zuredungen ohngeacht, hart¬
1569 1948 2560 2065 gnäckigen Anhang, an diese Leuth und
1576 2051 2214 2151 Sectierer erwiesen haben,
1568 2120 2532 2240 Worauf sie auch mit ferneren Lilliger.
1578 2223 2304 2325 Ermahnung dimittirt worden.
1644 2295 2590 2427 Gleichermaßen wurde auch abgehört.
1551 2384 2527 2511 Daniel Bürren, der Schulmeister
1555 2490 2592 2594 zu Gutschel, in Specie über Gottslässerliche
1547 2583 2598 2692 Reiden, so der Inquisit Muß Kohler zu gedacht¬
1558 2679 2587 2804 tem Bütschel soll außgespeyet haben s nammlich
1553 2779 2578 2895 Absit Blasphemia Dicto :/ Godt wiße nicht
1553 2877 2596 2993 ein Supflen mehr, als er zum Antwortet, daß
1563 2964 2544 3087 er dergleichen von dem Muß Kohler selbsten
1565 3054 2535 3164 nicht, wohl aber aus deß Christen Kohlers
1558 3153 2559 3270 Mund, in deß Maßen Gegenwart in einem
1539 3257 2577 3394 Hauß zu gedachten Zuschel gehöret habe, mit
2406 3345 2559 3437 dieser
