3024 4032
227 351 350 461 274.
413 343 1236 529 Bieronimus Rohter
226 630 1386 794 Quastio Prima. Ob Er sich nicht höher und
385 777 1407 907 unmittelbahrer Offenbahrungen berüh¬
382 865 1388 991 rinet; Auch eines besonderen Umbgangs
387 951 1319 1097 mit Gott, Ja gar vorgegeben, Er seye
385 1055 1386 1199 bey Gott im Humblischen Rath geseßen.
208 1220 1357 1371 Responsio. Er wolle es gesagt haben, jedoch in
382 1326 1367 1468 einem Geistlichen Verstand, und nicht
375 1425 1002 1568 in Absehen auf den Leib¬
209 1589 400 1728 Quart
415 1608 1283 1754 23. Ob Er und sein Bruder der
367 1705 437 1774 d
364 1722 1347 1866 Christen sich nicht für die zwey Zingen der
352 1810 1367 1951 Offenbahrung Johannis Cap. XI. auß¬
350 1915 787 2028 egeben dörffen.
353 2083 1282 2253 Ja, das wolle er auch gesagt haben.
189 2055 328 2244 B.
193 2379 1360 2540 Quest. 3. Ob er nicht auch gesagt, Er habe
331 2491 1164 2633 die Satan in seiner Gewalt
191 2667 294 2796 G.
341 2659 1198 2829 Ja, Er wolle es gesagt haben.
134 2845 322 2971 Quast.
347 2875 1285 3008 4. Ob Er nicht vielmahls die Ge¬
311 2983 1354 3116 grichte Gottes und das Ende der Welt
313 3055 837 3205 vorgekündet habe.
153 3258 263 3420 2.
335 3272 983 3417 Er sage auch hierzu Ja¬
2500 362 2615 446 225.
1540 311 2616 518 Außag der Gebeugen über¬
1612 453 2585 614 sche ghung in Confrontatione
1481 665 2545 823 Ad Quastionem 1ten Betreffend den
1584 761 2568 903 Umbgang mit Godt, und die hohe Offen¬
1577 872 2596 1000 gbahrungen, daß er sich deßen berühmet,
1572 967 2601 1091 wird bezeuget von Hans Stutz dem Chor¬
1582 1059 2608 1197 Richter, von Bendlicht Sichen, Muß Rohr¬
1588 1165 2575 1289 bach, Anna Bachmann, Hans Streit
1575 1259 2623 1392 und Christen Streit sezen hinzu, daß
1578 1374 2568 1488 würde Kohler sich berühmet, sie sitzen mit
1564 1444 1985 1585 Gott im Rath.
1951 1549 2596 1680 Christen Gärtner Ana¬
1445 1566 1866 1676 Ad Quaest. 2 dam
1582 1639 2559 1766 Nachmann, Hans Streit, Christen Streit
1571 1760 2562 1905 und Elias Bruehlhard bestätigen ihre
1573 1856 2563 1968 dißöhrtige Außag, und bejahen diese
1550 1950 1758 2094 Schrag.
1430 2403 2520 2535 Ad Quaest. zum Bendlicht Rißen, und An̄a¬
1567 2522 2260 2643 Bachmann Zeugen dießes.
1427 2787 2595 2997 Ad Quaest. Num. Hans Stube der Chorrichter
1566 2939 2576 3120 Bendlicht Kisten, Muß Rohrbach, Anna
1572 3052 2536 3191 Hochman, und andern mehr Zeugen¬
1577 3179 1829 3300 dießes.
