3024 4032
237 335 297 405 218.
296 445 360 581 n
209 765 374 929 anfragt.
206 1005 376 1130 Antwort.
206 1164 345 1307 Srag
201 1370 362 1461 undtwort
192 1776 320 1912 Srag.
154 1967 338 2072 Antract.
142 2634 279 2756 Spag
139 2737 299 2840 antwort
134 2821 268 2980 Frag
105 3001 300 3158 Antironti
121 3195 257 3369 Stag
448 458 1414 603 Examen mit Christen Marschall auß die
468 571 1324 699 Kirchhori Neuen Egg atatis 43. Jahr
491 671 992 781 ohnverheurahtet etc. S.
408 815 1383 956 In was absehen Er vorige Wochen allhar in die Stadt
393 921 684 999 gekommen.
422 995 1382 1156 Um zu vernemmen, wie es um den Muß Koster
436 1090 612 1176 sohn
403 1183 1358 1320 Was Er für Ursachen gehabt, sich deßen zu er¬
376 1288 648 1400 ekündigen.
398 1383 1377 1528 Man habe so viele Reden über Ihne gehört, daß man
384 1480 1371 1613 nicht gewußt, was darvon zu glauben, derohalben Sie
374 1567 1365 1716 zu Meine gnädige Herren Großweibel gewesen, und haben um Er¬
362 1643 1303 1811 glaubnuß gefragt, Ihne Kohlet, zu besuchen.
371 1773 1346 1942 Warum er nachwerts schon am Freytag wiederum
361 1894 759 1992 hiehar gekommen.
377 1976 1399 2122 Gleichfalls auß Ursach der Reden, so Er gehöret, da man
348 2093 1378 2223 außgestreüwet, was vor ein hartes Urtheil MnGHH.
344 2170 1378 2313 über den Muß Köhler gefället, so gelautet, Er solle
337 2273 1350 2399 mit feürigen Zangen zerrißen und die jungen zum
340 2374 1393 2498 Kachen herauß gerißen werden, so seye Er auß Liebe,
319 2457 1376 2596 und um ein gnädigere Straff vor Ihne zu bitten, wie¬
326 2564 939 2684 der althar gekommen
345 2644 1006 2774 von wem Er dieses vernohmen.
340 2724 1192 2881 von denen Landsleuthen durchgehends.
330 2835 1358 2987 bey welchen Herren Er sich hier in der Stadt ange¬
319 2936 556 3032 emeldet
352 3016 1298 3171 Bey mir gehen Schelmeister Simmer
320 3127 1064 3262 sonst bey keinem andern Hauß.
322 3226 1347 3373 Er solle aufrichtig erklären, was die wahre Ursach
1471 602 1612 699 Intwort
1463 1153 1593 1270 Sung.
1448 1352 1611 1454 Antwort
1453 2086 1564 2202 Srag.
1430 2445 1592 2557 Antwort.
1414 2730 1553 2863 Sag¬
1429 2935 1569 3043 Antwort
2554 441 2647 513 u
1643 499 2588 658 seye, daß Er sich so sehr um dem Muß kohler bekenneret.
1651 618 2614 770 Er müße bekennen, daß vor diesem er Umgang mit Ih
1641 700 2576 840 mnen gehabt, doch schon lange nicht mehr, und sit dem
1622 761 2587 924 dr banisiert worden, Außert, daß Er Sie einmahl
1630 873 2558 999 zu viel besucht, um zuschauwen, wie Sie dort leben
1626 980 2630 1146 auch den Sommer darauf habe Er Ihnen Leuthen helffen
1621 1072 1906 1188 einsommeren
1637 1167 2619 1326 Ob nicht wahr, daß Er auch einer seiner Jüngern gewesen,
1627 1255 2458 1384 und außgesprochen in seinen versamlungen.
1645 1355 2568 1477 Er gestehe, daß Sie gute Cameraden gewesen, Er habe
1618 1456 2610 1580 aber von Ihme nichts als gute Sachen gesehen und gehöret.
1608 1533 2575 1664 Und seith deme Ihme die Versamlungen verbotten worden,
1613 1637 2570 1754 habe Er selbige nicht mehr gehalten oder besucht, wohl
1604 1740 2586 1855 Seye Er sithar mehrmahlen von ohngefehrd etwann zu
1610 1818 2612 1944 guten Freunden gekommen, da man einander mit
1595 1927 2590 2041 guten gesprochen erbauet, aber nicht, daß darzu ge¬
1603 2018 2169 2129 botten oder eingeladen worden.
1622 2092 2600 2223 Ob Er dann jetzt verspreche und angelobe, bey verwürkung
1603 2192 2601 2322 der Oberkeitl. Gnad, von dergleichen versamlungen sich
1585 2272 2574 2412 zu äußeren, und dero anderer Gebollen und verbotten
1584 2374 2399 2498 als ein getreuer Unterthan zu geleben?
1626 2468 2597 2586 da, wan es biß hiehar nicht hiehar nicht durch auß ge¬
1595 2557 2590 2688 schehen, so hoffe er mit der Hilff und Grad Gottes forthin
1586 2646 2280 2785 sein versprechen völlig zu erfüllen.
1606 2754 2580 2893 Ob Er von denen seye, welche sich gerühmet, die wüßen, wo
1588 2844 2166 2971 der Christen Kohler seye?
1615 2942 2264 3056 Nein, Er wüße nichts von Ihme
1742 3005 2300 3147 Abgelesen und bestättiget
2021 3149 2050 3209 .
1585 3131 2015 3241 Actum ut supra
