3024 4032
263 3189 328 3294 e
443 383 1442 570 Montags den 26ten Juny. 1752.
456 512 1373 651 ward durch Meine gnädige Herren Rathsherren
428 594 1376 731 Stürler, Herren Groß Weibel und
1374 692 1409 735 .
436 703 1346 830 Herren Gricht Schreiber in der
442 793 1439 946 Oberen Gefangenschafft wiedermahle,
456 890 841 1019 vorbescheiden.
525 1110 1358 1254 Willhelm Brauw.
427 1318 1428 1471 Nach Ernstlicher Erinnerung und Betrohung
429 1406 1420 1542 mit Ihme, gleich mit anderen Inhafftierten
399 1498 1354 1635 zu verfahren, wann Er nicht die Klare
422 1591 973 1740 Wahrheit hervorgebe.
223 1762 442 1934 befange
464 1810 1393 1949 Ob Er laugnen dörffe, daß der Peter¬
395 1908 1407 2038 Schmoler Ihme und dem Christen Zirsch
390 1977 1405 2134 wie auch denen Jugi abgewehrt, mit ver¬
383 2084 1406 2222 keuten, Es gehe viel zu Grob. Worauf
375 2177 1306 2321 der Kirschi den Schindler angreiffen
374 2287 1425 2426 wollen, welches aber die Hugi verhinderet
302 2416 376 2514 3.
397 2399 979 2533 darvon wüße Er nichts.
302 2512 362 2612 g
388 2497 1387 2635 Ob nicht wahr, daß er nahe bey dem Riesen
349 2600 1381 2733 gewesen, als die letzten Streichen Ergangen.
284 2689 361 2806 I.
377 2692 504 2786 kun
297 2793 344 2886 d
377 2787 1390 2931 Ob dann auch nicht wahr, daß er kurz vor der
341 2882 1398 3013 Zeit als die Schlägerey vorgegangen, den
329 2962 1384 3100 Küsten mit Raht gespricht, und mit schehen¬
347 3076 835 3196 nach ihm gestoßen.
362 3185 1135 3327 Nein das habe Er nicht gethan.
1168 3379 1333 3500 Auch
292 304 425 404 148.
2637 339 2763 471 149.
1667 474 2717 633 Auf diese deß Graus versetzte Negativen¬
1678 587 2704 724 wurde er alsobald gegen den Peter Schirch¬
1668 686 2617 821 uler Confrontiert, und dieser letztere
1536 818 2644 979 Poefragt: Ob dieser vor ihnen stehende Willhelm.
1682 933 2680 1045 Graus der nembliche Knecht von Zinnen¬
1676 1017 2684 1149 Hauß seyn, von welchem Er in seinen Be¬
1664 1109 2205 1226 ppositionen geredet
1602 1237 2671 1388 d. Ja der seyn er. Darauf wiederholte Er in¬
1673 1317 2675 1444 gegenbart und under Augen deß Graus
1672 1402 2625 1505 daß der Riesten auf dem Weg von Ihme
1667 1493 2606 1598 Schiedler hergegangen, und der Graut¬
1659 1563 2649 1709 Zwüschen Sie beyde in die Mitte gekommen,
1653 1668 2610 1786 da er dan gegen die Riesen, mit seinen
1654 1753 2658 1884 Schuhen Rath gesprizt, welches er ihme abge¬
1659 1833 2676 1965 wehrt, worauf der Hiersche ihne angreiffen
1656 1927 2682 2059 wollen, welches aber auf Herbey kommen der
1659 2018 2260 2163 Gugi abgewendet worden.
1581 2191 1609 2249 s
1529 2204 2211 2340 Trag an den Schüchler
1645 2320 2686 2464 Weilen sie beyde so nahe bey dem Ruesten ge¬
1653 2411 2677 2552 wesen, als kurz darauf die letzte und gröbste
1642 2515 2628 2634 Streichen ergangen, so solle er nun sagen
1653 2589 2664 2725 Wie nahe der Graub darbey gewesen, mit
1654 2694 2542 2809 Was er darvon möchte gesehen haben?
1667 2795 2649 2931 Als Er obberührter Maßen, mit dem Grauli
1562 2784 1642 2905 i
1637 2878 2617 3020 gezancket, seye derselbe ein Schrift oder
1644 2962 2649 3126 Frey vor ihme hergegangen, Als Er Schindler
1651 3067 2650 3194 mit einem Stecken gesehen einen Streich auf¬
1631 3131 2682 3292 den Riesen thun, er wiße aber nicht von wenn
1636 3236 2643 3355 Der Graub aber könne es wohl gesehen haben
2393 3368 2615 3498 dlicher
