3024 4032
353 1130 411 1267 ch
294 289 409 371 124.
368 470 432 601 .
455 352 490 410 .
455 315 1415 506 Examen, mit Bendicht Scherz¬
463 483 1445 629 Er habe ihre Schwöster bey der Land gehalten,
443 573 1416 699 welche lieber mit denen Ballmeren gegangen
432 644 1417 773 wäre, und deßthalber mit ihme gezancket,
426 743 1417 860 worauf die Elsbeth darzu gekommen, welche
433 808 1438 949 ihme noch härter und obige Wort zugeredt.
425 907 1421 1020 worüber er ihre auch grob genug geantwor¬
425 966 1366 1098 rtet, sie habend aber vor Grumbgehen noch
421 1051 822 1176 Frieden gemacht.
443 1144 1370 1312 Ob er noch bey seiner vorigen Außaag be¬
400 1256 1405 1368 harre, und behaubte, daß so wohl der
408 1332 1418 1481 Muß Gug, und Christen Firschi sich gegen
421 1419 1375 1551 ihme Inquisit berühmt, sie haben denen
401 1509 1057 1629 Stallmeren Braw gegeben.
350 1612 1418 1742 R: Ja, denne solle er noch diesen Bericht geben
394 1701 1363 1817 daß Morndrest nach der Schlägerey am¬
392 1779 1403 1890 Morgen u. Männer, als deß verstorbenen
382 1860 1385 1983 Riesen Vatter und Muß Gug, Zimmer¬
388 1946 1415 2071 man̄ zu Schlien zu sein Inquisiten Vatter¬
383 2023 1393 2151 gekommen, umb wegen deß vorgegangenen
368 2110 1350 2246 Freündlichkeit zu suchen. Darüber sein
379 2195 1389 2324 Vatter hart mit ihme geredet und ihme zu¬
371 2280 1350 2413 gesprochen, wann er schuldig seyn, so solle w
353 2367 1390 2512 sich in Sicherheit setzen. Er aber habe er
355 2450 1380 2588 uwiederet, wie er biß hieher aufgesagt
370 2552 1381 2690 Namblich, Er habe nicht Ursach zu fliehen,
359 2638 1111 2784 maßen Er nicht Land angelegt.
341 2753 1355 2876 darauf seye er aus dem Goltz nach Hauß
344 2830 1393 2984 gegangen, unterwegs habe er den Kirschi
352 2916 1342 3068 angetroffen, demme er Eröffnet, was ihme
329 3005 1378 3126 sem Vatter gesagt. Darüberhin seÿn, wie
347 3076 1303 3216 ihne gedanckt, dem Girschen angst worden,
341 3170 1385 3295 der habe gesagt, sie wollen mit den Zug
338 3265 1372 3371 gehen zu reden, haben aber nur den Clauß
1154 3350 1269 3502 bey
1589 1841 1639 1982 h
1578 1312 1667 1472 I
2621 390 2736 476 123.
1689 381 2658 568 der Examen, mit Bendicht Scherz¬
1673 488 2666 700 bey Hauß angetroffen, welcher Ihme Inquisit
1673 629 2626 786 damahls und wiederumb nach dem Mittag¬
1670 724 2701 883 Eßen gesagt, er solle mit dem Küesten schaffen
1675 802 2690 961 sie wollen es dann schon mit einander machen
1671 893 2686 1035 Er aber habe geantwortet, er habe da nichts zu¬
1684 971 2681 1124 schaffen, doch wann die Zug mit ihme gehen¬
1673 1069 2655 1199 wollen, so wolle er noch gehen, darauf der
1679 1135 2666 1284 Blauß Tugi gesagt, wann er gehe, so komme er
1683 1226 1969 1352 auch darein
1694 1330 2666 1472 Auß dieser letsten Stede deß Gugis erhelle
1668 1425 2668 1546 klar, daß derselbe, so durch aus dabey geloe¬
1667 1504 2604 1621 sen, ihne Inquisit als schuldig erkennet,
1669 1586 2650 1710 weil er sagt, er förchte Auch darein zu¬
1667 1671 2589 1794 kommen, und ob nicht wahr, daß er ihme
1660 1757 2653 1889 Inquisit angetragen, sich daraus zu machen.
1679 1852 2628 1989 Er könne, was Ihne Inquisiten betreffe,
1676 1953 2658 2043 ohnmöglich mehreren Antheil bekennen, an¬
1668 2025 2661 2159 der unglücklichen Schlägerey, als er würcklich
1650 2105 2669 2250 angegeben. Was aber den Klauß zuge Be¬
1649 2207 2677 2308 etreffe, müße er noch dieses anfügen, daß
1652 2290 2679 2416 als er den Sontag darauf von Saris Hauß
1655 2368 2685 2503 auf liebelegen kommen und bey zugis hauß
1653 2460 2639 2602 vorbey gehen wollen, habe derselben vatter
1642 2549 2667 2672 ihme hineingeruffen, Alles er Manner an¬
1630 2624 2657 2777 getroffen, welche sich wegen dieser Sach mit
1637 2736 2673 2872 dem alten Gugi unterredet, und ihne Inqui¬
1636 2811 2649 2939 ihiten Befragt. Denen er auch in Treulden
1643 2895 2666 3013 geantwortet, was ihme in müßen; Als
1631 2994 2649 3115 Er aus dem Hauß gegangen, seye ihme der
1643 3056 2628 3186 Clauß zug begegnet, der ihne Inquisit
1624 3143 2652 3291 bey seits genommen und gesagt, ich holffe
1621 3229 2642 3359 fort, Auf welches Er Inquisit geantwortet.
1623 3304 2686 3461 Einmahl, Er gehe nicht, maßen er nicht geschlagen.
2486 3410 2652 3523 Pr
