3024 4032
232 2887 420 2998 Iusticit
334 350 430 426 102.
401 525 474 634 H.
422 776 481 887 G.
409 1180 469 1318 d
414 1341 479 1459 I
414 1631 472 1736 P.
385 1836 460 1944 d
382 2014 452 2133 g
612 341 1173 496 Bendicht Scherz
507 497 1464 627 Wo sie angefangen die Gallmer zu stoßen
498 589 1462 718 und ob nicht Er der Erste gewesen, so ange¬
489 693 693 808 pfangen.
514 752 1467 875 Er könne das Ohrt eigentlich nicht sagen,
496 843 1461 974 so viel er sich zu erinneren wüße, bey dem
490 922 1474 1039 Burgeren Zihl, wolle auch nicht laugnen
489 987 1476 1133 daß er darbey, und vielleicht der Erste ge¬
479 1109 656 1217 gwesen.
502 1136 1472 1309 Wer noch mehr gestoßen, und vber alles
479 1256 864 1361 darbey gewesen?
501 1309 1473 1444 darbey seyen gewesen Christen Herren
467 1399 1463 1546 samt seinem Knecht Zeit N. die beyden
472 1497 1484 1638 Jugi, weiters wiße er sich nicht zu Erinneren
475 1611 1466 1744 Als Er hierauf zu dem Jost Gubel Holtze
449 1691 1249 1821 gekommen, wer bey Ihme gewesen?
489 1782 1473 1934 Er Erinnern sich nicht, daß jemand anders¬
481 1887 1281 2024 wey ihme gewesen, als das Meitli.
485 1984 1478 2104 Ob ihme damahlen der Klauß geender
460 2068 1461 2204 nicht abgewehrt, und gesagt, er solle nicht
455 2157 1384 2303 Unglück suchen, und Er ihne hierauf in
446 2238 1431 2371 eine dornern gestoßen, Worüber derselbe
451 2335 1435 2468 ihme Inquisit eines mit einem Steckli ver¬
431 2429 615 2559 bschet.
391 2517 1468 2683 d. Ja, dem könne also seyn, Er bezeuge aber und
418 2632 1443 2749 betheüre, daß er außert obgedeütem stoßen,
438 2705 1455 2829 denen Balmeren keinen Streich versetzet, auch
425 2783 1003 2909 keinen darzu angestrengt.
452 2879 1472 3021 Es solle sich doch begreiffen, da er gestehen müßen,
429 2972 1391 3099 und auch überwiesen seyn, daß er der Erste
413 3042 1452 3186 Anfang zum Streit gewesen, seine Außaag auch
416 3125 1438 3236 der Wahrheit und denen eingenommenen Berichten
425 3205 1463 3349 nicht gemäß seyn, daß die schwährste verant¬
407 3303 1429 3428 Wortung dießes Unglücks auf ihne fallen
417 3393 1437 3535 werde, sach wäre dann, daß er klare Anzeig
1299 3466 1408 3607 I
2707 345 2830 434 103.
1863 382 2357 540 Bendicht Scherz
1726 512 2755 669 thun könte, wer die mehreren Antheil daran ge¬
1737 623 1889 746 thallt.
1684 727 2760 848 R. Er bezeuge nochmahls, daß er selbsten nicht ge¬
2551 789 2625 869 bli
1742 807 2772 918 sehen schlagen, Muß Zug, habe ihme auf dem
1730 879 2700 1000 Heimb Weg von der Schlägerey gesagt, Er habe
1733 968 2825 1081 denen Zallmeren Braf gegeben mit seinem Stecken.
1809 1058 2704 1203 Morndrist drauft seyn er mit Christen
1726 1144 2774 1273 Kirschi in ein Scheerlin zu schärmen gangen, der
1723 1217 2781 1344 habe ihme gleichfalls gesagt, Er habe denen Fall
1729 1307 2177 1407 eineren Brast geben.
1726 1319 2730 1502 zwey tag darnach habe er den Peter Schindler im
1725 1451 2762 1575 Holtz angetroffen, der ihme gesagt si von dieser
1719 1516 2784 1664 Schlägeren redend er seye von Anfang biß
1720 1596 2764 1732 zum End darbey gsin, und habe allzeit gesucht.
1720 1681 2764 1801 zu mitlen, darüber Er auch insonderheit mit
1719 1761 2727 1894 dem Firschi untens worden. Als haben sie
1727 1829 2775 1956 den verstorbenen Riesen am Boden gehabt,
1714 1921 2767 2037 und allda mit Stecken auf ihn geschlagen, das
1717 1986 2778 2107 wehrern werde der Schmidler selbsten ausreden
1700 2057 2687 2177 Er Inquisit wüße einmahl weiters nichts.
1714 2127 2758 2248 Worauf derselbe vor dißmahlen dimittirt
1714 2212 2732 2338 und wieder an sein Ohrt geführt worden.
1799 2307 2488 2476 Abgelesen und bestätiget.
1672 2431 2788 2615 Retum in der Oberen Gefangenschafft
1709 2560 2794 2687 durch meine gnädigen Herren Großweibel und Grichtschreiben
1700 2647 2304 2790 Den 17. ten Juny 1752.
