3024 4032
334 362 441 456 78.
1164 483 1212 535 .
493 482 1443 608 zumahlen der Scherz und seine Cameraden
501 554 1416 681 ihns betrohet, auch würcklich mit Worten
501 638 1404 752 und Wercken zimblich übel tractieret,
496 735 660 833 haben.
492 829 1392 976 Auf ferners Anbringen, beharret die
1394 901 1459 966 .
490 931 1408 1021 Deponentin, daß Sie mehrers mit gutem
485 1009 1477 1127 gewüßen nicht außzureden wüße, dannoch
492 1084 1404 1202 müße Sie beyfüegen, daß die beyde
470 1163 1474 1287 Follmer nicht nur keinen Anlaß zu diesem
455 1241 1461 1370 Streit gegeben, sonderen auch die Ersten Streich
473 1318 1392 1462 und Herr fall mit gedult vertragen, und
1393 1372 1443 1423 .
471 1416 1461 1538 rühling ihres Wegs zugehen begehret haben.
1263 3292 1369 3411 3
1626 525 1723 638 3.
2702 342 2812 452 79.
1763 517 2723 642 Bendicht Hantis, obiger Deponentin
1736 626 2746 741 Vatter Deponierte, Auf Ernstliche Errinne¬
1721 693 2761 814 erung die Wahrheit und so zureden, daß Er
2552 786 2581 832 s
1717 776 2667 895 seine Außaag Eydtlich bestättigen könne.
1711 1003 2712 1161 Ser verstorbene Stiefen seyn verbüchenen.
1738 1124 2756 1232 Constag zu ihme in sein Hauß gekommen, da
1730 1188 2749 1319 er just im Ersten Schlaff gewesen, wie nun seine
2726 1314 2755 1364 .
1720 1264 2706 1416 töchter ihne gebrecket und gesagt, es seye ein
1716 1340 2684 1492 Unglück wiederfahren, auf die Meiste, wie
1711 1448 2765 1577 seine Tochter die Hergangenheit hierben, ohne
1715 1531 2714 1651 einache mehrere Umbstände erzellet. Der
1722 1583 2773 1748 Christen Ruesten, nachdem Er bestmöglichst
1711 1685 2755 1799 von ihme besorget worden, habe ihm Deponent
1708 1758 2775 1873 und die Herzugekommene Leüth, unter anderen
1695 1839 2703 1967 Hieroninuß zugi, Kilchmeyer von Schlien
1686 1928 2776 2050 Bendicht Zeender auf dem Gebeli, und zeindiche
1688 2014 2727 2135 Spycher, zu Oberbalm in diensten und andere
1711 2108 2710 2219 mehr vermahnt seine Reposition umb so da¬
1699 2183 2760 2290 mehr aufzunemmen, als er vielleicht Morgens
1712 2266 2691 2384 nicht mehr im Stand seyn werde, solches zu
1695 2367 1850 2470 sagen.
1692 2462 2780 2611 Solchemnach Er Ihnen Eröffnet, ohne daß weder
1699 2593 2783 2709 Er, noch letz betruncken gewesen, daß Er seines
1699 2651 2776 2777 Wegs fort gegangen und niemand das wenig
1677 2729 2722 2867 este in den Weg gelegt, und obschon er von
1697 2823 2769 2945 etlichen, sonderheitlich von dem Bendicht Scherz
1682 2900 2725 3020 gestoßen worden, habe er gleichwohl mit gutem
1693 2984 2705 3114 Bescheid geantwortet. Wormit der Schern sich
1693 3065 2739 3190 nicht benueget, sonder immer auf ihne looß¬
1685 3154 2636 3272 gegangen, und ihne wieder zumachen begehrt,
1706 3239 2749 3341 Während demme andere ihme unbekante, auch hie¬
1698 3326 2700 3445 zu gekommen, nachwerts seye er unwüssend.
2602 3420 2713 3492 wie
