3024 4032
1766 485 2798 662 timinal, Socedur
1998 635 2152 735 Wis
1685 716 2704 874 Gristen Rener von Grofn.
1679 819 2581 982 Höchstetten, Auf dem Hohbüchl:
1655 944 2752 1082 Den 16. Junii 1751. Langte bey Ihrgul. Herren
1667 1034 2733 1135 AmtSchultheißen folgendes Schreiben ein von
1779 1109 2625 1244 SFreyweibel Rot von Reichigen.
1657 1236 2760 1460 Hoch wohlgebohrne Hochgeacht
2005 1378 2631 1546 Gnädige Herren.
1644 1583 2740 1770 Ach habe leider d. 8tn diß, Auf der Racht
1682 1724 2771 1831 vernommen, bie daß deß Ghristen Kienerd
1669 1794 2723 1916 Eheloeib ob Bobeil in der Kirchhor; Großen
1682 1867 2624 2001 Hochstetten Plötzlich gestorben seÿn solle.
1681 1961 2730 2073 Welches mir verdächtig vorkommen, sonderlich¬
1673 2042 2717 2168 weil ich auch vernomen, daß sie die Ehe,Leuth zu¬
1666 2113 2656 2230 Zeiten Streit mit einanderen gehabt. Als
1667 2202 2738 2316 hab ich mich Morgens dee 9ten diß an das Ohrt
1673 2308 2723 2413 begeben, und noch vermeldte Vorgesetzte darzu
1667 2375 2748 2514 beschickt Namens der Chorrichter Lugibüchl
1670 2451 2725 2602 Grichtsas Hans Schlärtz und Weibel Moser¬
1668 2536 2756 2682 daselbst, und andere mehr. Und mich ihrenthalben
1668 2619 2620 2753 Insarmirt, wie auch durch den Schärer und
1656 2710 2739 2846 Grichtsäs Jacob Bloster von Biglen vissitieren
1654 2792 2688 2936 loßen. Und hab von Erst den Rienep als Ehe¬
1656 2875 2689 3009 Man befragt, bie die Sach her, und zugangen
1661 2956 2706 3090 sey. Dahadte Er von Erst ab seinem Eheleib¬
1654 3053 2733 3162 Wollen klagen, Als Bau sie ihme mit hätte wollen
1643 3146 2721 3285 folgen. Im Überigen gibt er vor, sie habe ge¬
1640 3243 2668 3375 sagt, sie Wolle und Ober Graden und für
2578 3370 2692 3462 Ein
