3024 4032
203 2265 346 2415 Frage
149 2460 303 2591 Anti¬
161 2952 300 3074 Bung
131 3153 294 3269 Ant.
226 350 376 417 224.
287 409 399 489 von
417 362 1267 491 Wegen Dicconius Röhler
401 480 1350 600 daß Er deponent sie verrahte, und sie
406 556 1384 695 in der Straaff bringe, diene habe er
400 666 1373 797 ihme auch gesagt, Er solle nun wieder
383 777 1367 917 gehen, er werde aber Morgens schon
394 869 1388 991 aufhören. Und habe darüber der Ober¬
395 954 1375 1086 keit trotz gebotten, worauf Er Ber
388 1036 1378 1202 iponent nach Rüggisperg sich verfü¬
372 1144 1361 1281 iget und dißes dem Herren Pfarrer
385 1249 1369 1367 angezeigt, der dann nach dem Amman
376 1336 1314 1465 geschickt und ihme aufgetragen mit¬
388 1438 1376 1563 betraffneten Männeren die Kohler an¬
366 1530 1336 1659 zuhalten. Dieser Anweisung zu¬
365 1621 1370 1757 folg Er Deponent mit ein halb dotzet
373 1730 1283 1854 Maueren nach Brügglen in ihr der¬
360 1817 1360 1951 Rohleren Hauß gegangen, da sie aber
353 1917 1374 2032 hingekommen, haben sie Niemand mehr
350 1988 1301 2122 gefunden, daher sie vermuthet, daß
349 2096 1163 2226 Ihnen Jemand Nachricht gegeben.
375 2266 1313 2418 Wir sie die Kohler damahls gekleidet
349 2392 592 2481 gewesen.
345 2465 1367 2615 Sie haben städtliche Kleider gehabt, und
337 2570 1291 2686 seyn der Christen in einem Braunen,
330 2668 1303 2787 der Muß aber in einem Blauben Rock¬
319 2775 1348 2912 Erschinnen, seyen auch mit degen Ver¬
317 2883 698 2998 sehen gewesen.
334 2968 1361 3096 Ob mann seither dieselben droben herumb
316 3065 1284 3212 niemahls mehr gespührt und gesehen?
337 3164 1346 3309 Er Deponent habe selbige nicht mehr ge¬
307 3272 1341 3405 gsehen, hingegen habe er verlichenen Sontag
1108 3394 1311 3484 Allwann
1436 3155 1532 3292 S.
2526 255 2667 354 225
1452 270 2554 516 sonstigen Vierominus Röhler
1556 389 2539 574 allwan er mit Herren Pfarrer die
1563 512 2575 651 Hauß, Visitationen gehabt, von der¬
1545 593 2633 744 Nohleren Weiberen vernommen, daß
1554 684 2484 843 ihre Manner Erst letst verlangenen
1544 794 2559 940 Ernehling noch in ihrem Hauß zu a
1554 920 2051 1036 Brügglen gewesen.
2434 1000 2595 1111 Ab¬
1599 1019 2433 1171 Ob diese Zweÿ Gebrüdere Kohler
1450 1051 1556 1170 Rag
1543 1114 1967 1275 mitlet seyen.
1577 1214 2598 1348 Sie haben wenige Mittel und bestehe
1439 1256 1554 1373 Auto
1555 1321 2553 1437 dero Vermögen zusamen nur in einer
1552 1408 2598 1550 Ruch Sommer, und Winterung. Doch habe
1558 1517 2595 1642 der Christen an oberwehntem Tag zu ihme
1553 1625 2535 1760 Deponent gesagt, er habe noch für 20.
1551 1723 2210 1844 Jahr Gelt genug im Sack.
1575 1798 2587 1955 Was ihme annoch Erinnerlich seyn, daß
1457 1834 1546 1964 Brag
1551 1911 2581 2056 sie in ihren Versamblungen gelehret, und
1557 2016 2182 2135 ihne anstößig bedunckt.
1569 2094 2594 2239 Anfänglich haben sie aus dem Mort Gotter
1430 2116 1543 2230 Antl
1564 2191 2551 2321 und insbesonders aus der Offenbahrung
1551 2294 2544 2433 Johannis gelehret und gesagt, dieselbe
1546 2403 2540 2522 seÿn Ihnen geöffnet. Unter anderenn
1542 2484 2586 2627 habe er vielfaltig gehöret, sie beyde Rohler
1556 2579 2530 2719 seyen die Zeugen der Offenbahrung, sie
1553 2679 2582 2808 offnen den Zimmel, wenn sie wollen sein ein
1671 2781 2582 2911 Der Christen habe auch einsten gesagt,
1558 2863 2572 3010 es seyn erst einen Stund, daß er bey den
1547 2970 2595 3130 24. Eltesten im Himmel im Rath geseßen,
1584 3138 2577 3277 Was ihme in müßen seye wegen Elsbeth
1547 3231 2593 3359 Reßlig von Ringgisperg, so nunmehre in der
1564 3331 2378 3461 Schallenberck, Stumstuben enthalten
2435 3340 2588 3435 Mel
