3024 4032
362 334 461 414 90.
439 478 505 575 d
538 422 1492 560 zwüschen Tag und Nacht seyn er mit Pater
527 527 1455 637 Michel, zum Chor hinauß gegangen und
510 581 1477 726 habe den Hanß Stöckli, deß kilchmeyer
510 679 1488 803 Rentschen Knecht bey der Schanz angetroffen
526 772 1485 892 mit diesen beyden seye er biß zu dem
512 866 1474 1006 Weißen Stein Kölzli gegangen, alles er
512 945 1506 1069 den 6 und des Chorrichter Sans Tochter
515 1032 1504 1162 auf dem Ruckwung angetroffen, wie er noch
518 1122 1419 1240 etwas weiters gegangen, habe er den
513 1200 1465 1336 Scherz gehört mit vielem Folderen seinen
500 1289 1482 1421 Guth zurückforderen, zugleich ein Mensch
501 1366 1476 1498 Christina ab dem Ziehl an dem Wegge¬
514 1462 1445 1594 pfunden, so nahe dabey gestanden, mit
515 1525 1458 1652 welchem dennen Bendicht Spani von Basel,
504 1632 1472 1736 Peter Michel und noch einem ihme unbekann¬
496 1690 1412 1806 1ten Kerl er fortgegangen. Und habe
501 1783 1288 1906 nichts von der Schlägerey gesehen.
459 1859 1437 1976 2. Wenn er von den Leuthen, so an dem Weg¬
486 1937 1375 2078 bey einander gewesen, gekennet habe?
504 2035 1480 2157 Obschon viele Leuth bey einander gewesen,
431 2058 490 2156 s.
480 2120 1478 2222 habe er doch Niemand anders gekennet, als
483 2196 1378 2337 die Jugi, den B. und hindicht Scherz
362 2465 1471 2659 10. Niclause Zeender auf dem
461 2581 1487 2724 Gübel, fügte seiner gestrigen Deposition
473 2713 752 2808 annoch wey
280 2923 1451 3087 Auf befragen. Er habe gestrigen Tags ausgesagt
459 3026 1443 3182 daß er vor Anfang der Schlägerin von dem
451 3114 1449 3237 Scherz in die Forneren gestoßen worden, und
444 3176 1456 3319 darauf demselben mit seinem Handstecklen¬
448 3260 1482 3410 ein Streich versetzt, ob dann damahls der
1312 3413 1406 3528 69
1554 638 1721 775 Setl.
2644 432 2739 513 91.
1722 495 2680 646 dz nicht schon geschlagen und verbundet ge¬
1738 558 1942 701 sbachen
1754 672 2741 832 Er habe gehört, daß hinder ihme Schlage vorger¬
1724 768 2744 911 egangen, worauf er die Muß Gegen Beyen
1727 841 2708 980 Dann sol gefaßt, und alles Ernsts abmahnen
1720 927 2682 1055 wollen, zum Danck aber habe mann ihne zu
2682 1005 2719 1046 .
1714 1004 2679 1152 wochen, und in die Pfüze gestoßen, wüße
1726 1099 2181 1215 aber nicht von wein,
1730 1187 2693 1317 Als er hierauf auch dem Scherz abwehren
1716 1287 2756 1408 wollen, habe ihme derselbe einen Straß gegeben
1725 1360 2742 1476 daß er in die Korn gefallen, welches ihne ge¬
1705 1443 2725 1575 schmerzet, daß er aufgestanden und selbigem
1715 1527 2725 1649 mit seinem Stecklin einen Streich gegeben, worauf
1717 1600 2701 1736 er gleich hernach vor ihme Streichen gehört er¬
1709 1721 1886 1809 gehen.
1702 1783 2732 1971 Müße übrigens an seiner gestrigen Außaag
1707 1896 2103 1997 nichts zu änderen.
1698 1975 2593 2119 Factum den 15te Juny. 1752.
2350 3171 2715 3322 Continuierte
