<?xml version="1.0" encoding="UTF-8" standalone="yes"?>
<PcGts xmlns="http://schema.primaresearch.org/PAGE/gts/pagecontent/2013-07-15" xmlns:xsi="http://www.w3.org/2001/XMLSchema-instance" xsi:schemaLocation="http://schema.primaresearch.org/PAGE/gts/pagecontent/2013-07-15 http://schema.primaresearch.org/PAGE/gts/pagecontent/2013-07-15/pagecontent.xsd">
    <Metadata>
        <Creator>prov=University of Rostock/Institute of Mathematics/CITlab|PLANET AI GmbH/Gundram Leifert/gundram.leifert@planet-ai.de:name=German_Kurrent_XVI-XVIII_M5.4(htr_id=38771)::::v=2.6.7
prov=University of Rostock/Institute of Mathematics/CITlab|PLANET AI GmbH/Tobias Gruening/tobias.gruening@planet-ai.de:name=de.uros.citlab.module.baseline2polygon.B2PSeamMultiOriented:v=2.6.7
prov=University of Rostock/Institute of Mathematics/CITlab|PLANET AI GmbH/Gundram Leifert/gundram.leifert@planet-ai.de:name=Transkribus German Kurrent M2(htr_id=29820)::::v=2.6.7
prov=University of Rostock/Institute of Mathematics/CITlab|PLANET AI GmbH/Tobias Gruening/tobias.gruening@planet-ai.de:name=de.uros.citlab.module.baseline2polygon.B2PSeamMultiOriented:v=2.6.7
prov=University of Rostock/Institute of Mathematics/CITlab|PLANET AI GmbH/Tobias Gruening/tobias.gruening@planet-ai.de:name=/net_tf/LA73_249_0mod360.pb:de.uros.citlab.segmentation.CITlab_LA_ML:v=2.6.7
Transkribus</Creator>
        <Created>2022-05-02T15:21:58.967+02:00</Created>
        <LastChange>2022-09-12T15:28:11.228+02:00</LastChange>
        <TranskribusMetadata docId="1334850" pageId="52362999" pageNr="92" tsid="114644902" status="IN_PROGRESS" userId="9570" imgUrl="https://files.transkribus.eu/Get?id=ITUJEBSWMWRBGRVDVBVERNLB&amp;fileType=view" xmlUrl="https://files.transkribus.eu/Get?id=ELGQEBUDSZZCOWXLPNZJEPBM" imageId="30688049"/>
    </Metadata>
    <Page imageFilename="IMG_6905.jpg" imageWidth="3024" imageHeight="4032">
        <ReadingOrder>
            <OrderedGroup id="ro_1687513628737" caption="Regions reading order">
                <RegionRefIndexed index="0" regionRef="r1"/>
                <RegionRefIndexed index="1" regionRef="r2"/>
                <RegionRefIndexed index="2" regionRef="r3"/>
                <RegionRefIndexed index="3" regionRef="r4"/>
                <RegionRefIndexed index="4" regionRef="r5"/>
                <RegionRefIndexed index="5" regionRef="r6"/>
            </OrderedGroup>
        </ReadingOrder>
        <TextRegion orientation="0.0" id="r1" custom="readingOrder {index:0;}">
            <Coords points="242,368 242,526 339,526 339,368"/>
            <TextLine id="r1l1" custom="readingOrder {index:0;}">
                <Coords points="237,497 263,498 289,487 310,502 326,490 337,492 349,486 339,389 322,388 300,376 274,396 255,390 227,403"/>
                <Baseline points="242,476 274,473 306,468 339,468"/>
                <TextEquiv>
                    <Unicode>178.</Unicode>
                </TextEquiv>
            </TextLine>
            <TextEquiv>
                <Unicode>178.</Unicode>
            </TextEquiv>
        </TextRegion>
        <TextRegion orientation="0.0" id="r2" custom="readingOrder {index:1;}">
            <Coords points="308,1578 308,2000 366,2000 366,1578"/>
            <TextLine id="r2l1" custom="readingOrder {index:0;}">
                <Coords points="328,1640 336,1640 342,1636 352,1640 360,1636 374,1636 374,1548 366,1548 339,1572 328,1570"/>
                <Baseline points="336,1620 366,1620"/>
                <TextEquiv>
                    <Unicode>.</Unicode>
                </TextEquiv>
            </TextLine>
            <TextLine id="r2l2" custom="readingOrder {index:1;}">
                <Coords points="313,1761 337,1758 349,1745 375,1742 363,1647 356,1648 347,1657 329,1656 321,1666 302,1673"/>
                <Baseline points="315,1710 363,1704"/>
                <TextEquiv>
                    <Unicode>i</Unicode>
                </TextEquiv>
            </TextLine>
            <TextLine id="r2l3" custom="readingOrder {index:2;}">
                <Coords points="297,1902 305,1903 315,1894 324,1900 335,1892 346,1893 357,1772 341,1770 325,1758 311,1755"/>
                <Baseline points="308,1866 341,1869"/>
                <TextEquiv>
                    <Unicode>I</Unicode>
                </TextEquiv>
            </TextLine>
            <TextLine id="r2l4" custom="readingOrder {index:3;}">
                <Coords points="307,1998 324,1994 337,2006 352,2009 359,1903 350,1900 347,1902 344,1898 341,1900 331,1894 323,1900 314,1898"/>
                <Baseline points="317,1965 348,1967"/>
                <TextEquiv>
                    <Unicode>f</Unicode>
                </TextEquiv>
            </TextLine>
            <TextEquiv>
                <Unicode>.
i
I
f</Unicode>
            </TextEquiv>
        </TextRegion>
        <TextRegion orientation="0.0" id="r3" custom="readingOrder {index:2;}">
            <Coords points="318,957 318,1254 366,1254 366,957"/>
            <TextLine id="r3l1" custom="readingOrder {index:0;}">
                <Coords points="328,1072 345,1074 357,1066 374,1063 374,981 365,980 361,983 354,983 345,992 328,989"/>
                <Baseline points="336,1041 366,1041"/>
                <TextEquiv>
                    <Unicode>d</Unicode>
                </TextEquiv>
            </TextLine>
            <TextLine id="r3l2" custom="readingOrder {index:1;}">
                <Coords points="313,1250 322,1249 346,1227 354,1228 361,1234 370,1232 363,1141 349,1142 342,1150 331,1143 321,1149 319,1147 315,1152 306,1153"/>
                <Baseline points="318,1212 360,1209"/>
                <TextEquiv>
                    <Unicode>d</Unicode>
                </TextEquiv>
            </TextLine>
            <TextEquiv>
                <Unicode>d
d</Unicode>
            </TextEquiv>
        </TextRegion>
        <TextRegion orientation="0.0" id="r4" custom="readingOrder {index:3;}">
            <Coords points="335,440 335,592 381,592 381,440"/>
            <TextLine id="r4l1" custom="readingOrder {index:0;}">
                <Coords points="329,571 338,571 353,559 389,568 385,486 375,488 367,485 357,489 347,482 336,492 325,492"/>
                <Baseline points="335,542 381,540"/>
                <TextEquiv>
                    <Unicode>4.</Unicode>
                </TextEquiv>
            </TextLine>
            <TextEquiv>
                <Unicode>4.</Unicode>
            </TextEquiv>
        </TextRegion>
        <TextRegion orientation="0.0" id="r5" custom="readingOrder {index:4;}">
            <Coords points="339,484 339,2550 1368,2550 1368,484"/>
            <TextLine id="r5l1" custom="readingOrder {index:0;}">
                <Coords points="428,521 439,524 446,520 459,525 467,517 477,522 485,514 519,514 517,488 503,491 476,473 464,483 443,482 433,492 426,493"/>
                <Baseline points="435,510 460,508 485,506 510,504"/>
                <TextEquiv>
                    <Unicode>e</Unicode>
                </TextEquiv>
            </TextLine>
            <TextLine id="r5l2" custom="readingOrder {index:1;}">
                <Coords points="423,563 983,522 1108,550 1199,530 1292,569 1351,563 1351,490 1272,514 1214,468 1065,464 955,403 884,448 706,450 652,418 520,519 423,515"/>
                <Baseline points="431,542 476,539 522,537 567,533 613,531 659,527 704,525 750,522 795,521 841,519 887,518 932,517 978,516 1023,518 1069,519 1115,521 1160,525 1206,529 1251,534 1297,540 1343,549"/>
                <TextEquiv>
                    <Unicode>und Peinliches Examen, mit</Unicode>
                </TextEquiv>
            </TextLine>
            <TextLine id="r5l3" custom="readingOrder {index:2;} person {offset:0; length:15;}">
                <Coords points="414,696 480,652 583,669 708,633 808,676 841,654 1094,699 1167,641 1257,640 1256,598 1194,604 1095,541 1002,534 855,585 646,561 411,581"/>
                <Baseline points="420,647 461,645 503,643 544,640 586,638 627,636 669,633 710,631 752,629 793,626 835,624 876,624 918,623 959,621 1001,621 1042,621 1084,623 1125,624 1167,627 1208,630 1250,635"/>
                <TextEquiv>
                    <Unicode>Gieronimus Hugi</Unicode>
                </TextEquiv>
            </TextLine>
            <TextLine id="r5l4" custom="readingOrder {index:3;}">
                <Coords points="397,787 560,773 696,808 767,764 835,810 891,759 975,758 1251,819 1363,810 1364,756 1124,681 1018,718 912,677 802,719 714,680 620,731 498,704 398,732"/>
                <Baseline points="405,771 452,771 500,770 547,768 595,767 642,764 690,762 737,759 785,758 832,756 880,755 928,755 975,755 1023,756 1070,758 1118,760 1165,764 1213,770 1260,777 1308,786 1356,797"/>
                <TextEquiv>
                    <Unicode>an einem Hauffen auf dem Bocken gewesen,</Unicode>
                </TextEquiv>
            </TextLine>
            <TextLine id="r5l5" custom="readingOrder {index:4;}">
                <Coords points="394,883 879,846 1369,890 1370,808 1160,809 1074,764 844,814 744,783 676,823 571,790 395,798"/>
                <Baseline points="402,852 450,852 498,852 546,851 594,849 642,848 690,846 738,845 786,842 834,840 882,839 930,839 978,839 1026,839 1074,841 1122,842 1170,846 1218,851 1266,858 1314,865 1362,875"/>
                <TextEquiv>
                    <Unicode>möge aber nicht wißen, was damahlen vor¬</Unicode>
                </TextEquiv>
            </TextLine>
            <TextLine id="r5l6" custom="readingOrder {index:5;}">
                <Coords points="389,965 414,961 431,970 441,963 458,972 488,960 499,970 530,956 587,963 614,982 630,978 626,893 575,907 526,888 495,906 459,895 449,907 409,902 387,911"/>
                <Baseline points="395,935 420,932 445,930 470,929 495,927 520,926 545,926 570,926 595,925 620,923"/>
                <TextEquiv>
                    <Unicode>gegangen.</Unicode>
                </TextEquiv>
            </TextLine>
            <TextLine id="r5l7" custom="readingOrder {index:6;}">
                <Coords points="399,1055 520,1028 694,1072 922,1040 1152,1080 1194,1052 1376,1069 1376,1033 1285,971 1188,1012 1089,951 1004,950 953,1000 861,948 756,983 696,950 472,959 400,995"/>
                <Baseline points="408,1034 456,1032 504,1032 552,1031 600,1029 648,1029 696,1028 744,1026 792,1026 840,1025 888,1025 936,1025 984,1026 1032,1028 1080,1029 1128,1032 1176,1035 1224,1039 1272,1043 1320,1049 1368,1055"/>
                <TextEquiv>
                    <Unicode>Ven Er hierbey gekennet, daß auf dem</Unicode>
                </TextEquiv>
            </TextLine>
            <TextLine id="r5l8" custom="readingOrder {index:7;}">
                <Coords points="382,1129 485,1119 616,1153 659,1125 714,1132 747,1116 770,1100 769,1055 686,1082 637,1045 607,1067 547,1056 518,1029 487,1056 438,1046 380,1071"/>
                <Baseline points="389,1113 415,1112 442,1110 468,1109 495,1109 522,1107 548,1107 575,1107 602,1106 628,1106 655,1106 682,1106 708,1106 735,1105 762,1104"/>
                <TextEquiv>
                    <Unicode>kauffen gelegen.</Unicode>
                </TextEquiv>
            </TextLine>
            <TextLine id="r5l9" custom="readingOrder {index:8;} person {offset:14; length:8;} person {offset:28; length:7;}">
                <Coords points="402,1205 543,1242 908,1206 1345,1240 1345,1195 1262,1145 989,1126 940,1154 852,1119 736,1178 653,1178 553,1130 402,1139"/>
                <Baseline points="410,1200 456,1200 502,1200 549,1200 595,1199 641,1199 688,1197 734,1196 780,1196 827,1194 873,1194 919,1193 966,1193 1012,1194 1058,1196 1105,1197 1151,1199 1197,1203 1244,1207 1290,1212 1337,1218"/>
                <TextEquiv>
                    <Unicode>der Kircheren Christen, der Hirschi seyn</Unicode>
                </TextEquiv>
            </TextLine>
            <TextLine id="r5l10" custom="readingOrder {index:9;}">
                <Coords points="383,1341 574,1278 779,1271 817,1303 957,1268 1010,1311 1095,1272 1177,1310 1352,1282 1352,1253 1171,1246 1130,1211 1021,1235 897,1206 799,1248 685,1211 383,1227"/>
                <Baseline points="390,1280 437,1280 485,1278 533,1277 580,1275 628,1275 676,1274 723,1272 771,1271 819,1269 867,1269 914,1269 962,1269 1010,1269 1057,1271 1105,1272 1153,1275 1200,1277 1248,1282 1296,1286 1344,1292"/>
                <TextEquiv>
                    <Unicode>auch hinzugekommen, von dem habe es ihne</Unicode>
                </TextEquiv>
            </TextLine>
            <TextLine id="r5l11" custom="readingOrder {index:10;}">
                <Coords points="372,1385 472,1362 609,1398 739,1354 806,1391 917,1360 997,1395 1240,1357 1287,1383 1298,1323 1123,1284 973,1328 871,1275 770,1330 568,1280 372,1345"/>
                <Baseline points="380,1359 425,1359 471,1358 516,1356 562,1355 607,1354 653,1353 698,1352 744,1350 789,1350 835,1350 880,1349 926,1349 971,1350 1017,1350 1062,1352 1108,1353 1153,1355 1199,1358 1244,1359 1290,1364"/>
                <TextEquiv>
                    <Unicode>gedunckt, daß er mit füßen gestupfft.</Unicode>
                </TextEquiv>
            </TextLine>
            <TextLine id="r5l12" custom="readingOrder {index:11;}">
                <Coords points="379,1452 488,1475 595,1446 636,1485 740,1436 871,1488 948,1460 1199,1502 1277,1464 1276,1376 1225,1365 1111,1419 974,1410 918,1360 786,1401 379,1387"/>
                <Baseline points="387,1445 431,1443 475,1442 519,1440 563,1439 607,1437 651,1436 695,1435 739,1434 783,1433 828,1433 872,1433 916,1433 960,1433 1004,1434 1048,1435 1092,1436 1136,1438 1180,1440 1224,1442 1269,1446"/>
                <TextEquiv>
                    <Unicode>Bald hernach seÿe der Schönig auch dar¬</Unicode>
                </TextEquiv>
            </TextLine>
            <TextLine id="r5l13" custom="readingOrder {index:12;}">
                <Coords points="380,1581 479,1549 517,1565 595,1532 684,1535 711,1521 731,1532 731,1468 668,1463 635,1495 609,1500 589,1491 557,1500 544,1486 521,1500 445,1462 380,1486"/>
                <Baseline points="387,1520 412,1521 438,1523 464,1523 490,1524 516,1524 542,1523 567,1523 593,1523 619,1523 645,1521 671,1521 697,1522 723,1523"/>
                <TextEquiv>
                    <Unicode>bey gestanden.</Unicode>
                </TextEquiv>
            </TextLine>
            <TextLine id="r5l14" custom="readingOrder {index:13;}">
                <Coords points="394,1659 572,1635 648,1663 685,1635 1182,1662 1262,1645 1263,1543 1112,1589 948,1569 910,1593 857,1545 813,1572 775,1551 652,1574 620,1544 491,1595 395,1579"/>
                <Baseline points="402,1619 444,1619 487,1619 529,1619 572,1619 615,1618 657,1617 700,1617 742,1617 785,1617 828,1617 870,1617 913,1617 955,1619 998,1619 1041,1620 1083,1622 1126,1623 1168,1626 1211,1628 1254,1632"/>
                <TextEquiv>
                    <Unicode>Was Er darbey vor Streichen gesehen</Unicode>
                </TextEquiv>
            </TextLine>
            <TextLine id="r5l15" custom="readingOrder {index:14;}">
                <Coords points="395,1748 488,1714 581,1769 642,1723 735,1721 808,1780 929,1725 1003,1764 1252,1770 1302,1761 1305,1677 892,1674 689,1636 647,1664 398,1660"/>
                <Baseline points="404,1707 448,1707 493,1707 537,1709 582,1709 626,1709 671,1709 715,1710 760,1710 804,1712 849,1713 894,1714 938,1715 983,1718 1027,1719 1072,1722 1116,1726 1161,1729 1205,1732 1250,1737 1295,1743"/>
                <TextEquiv>
                    <Unicode>lg habe darbey keine gesehen, wohl aber gehört,</Unicode>
                </TextEquiv>
            </TextLine>
            <TextLine id="r5l16" custom="readingOrder {index:15;}">
                <Coords points="379,1837 471,1800 643,1843 695,1813 763,1838 808,1805 857,1837 925,1804 1004,1802 1005,1760 869,1730 798,1779 737,1723 633,1724 581,1770 479,1732 381,1754"/>
                <Baseline points="387,1787 417,1787 447,1787 478,1787 508,1787 539,1788 569,1788 600,1790 630,1791 661,1792 691,1793 721,1794 752,1796 782,1797 813,1799 843,1799 874,1800 904,1800 935,1800 965,1800 996,1800"/>
                <TextEquiv>
                    <Unicode>daß man klopff außtheille.</Unicode>
                </TextEquiv>
            </TextLine>
            <TextLine id="r5l17" custom="readingOrder {index:16;}">
                <Coords points="369,1914 532,1887 676,1920 801,1891 945,1928 1086,1908 1130,1937 1345,1910 1346,1849 1157,1819 952,1818 861,1866 698,1814 606,1851 468,1804 371,1835"/>
                <Baseline points="378,1871 426,1872 474,1873 522,1875 570,1875 618,1877 666,1878 714,1878 762,1880 810,1881 858,1881 906,1883 954,1884 1002,1884 1050,1886 1098,1887 1146,1889 1194,1890 1242,1892 1290,1893 1338,1896"/>
                <TextEquiv>
                    <Unicode>Ob Er seinen Bruder nicht auch darbey gesehen.</Unicode>
                </TextEquiv>
            </TextLine>
            <TextLine id="r5l18" custom="readingOrder {index:17;} person {offset:33; length:7;}">
                <Coords points="372,1983 461,1993 498,1962 1079,2015 1114,1991 1216,2041 1278,2005 1339,2018 1340,1945 1294,1926 373,1913"/>
                <Baseline points="380,1971 427,1970 475,1970 522,1968 570,1968 618,1968 665,1969 713,1970 760,1970 808,1971 856,1973 903,1974 951,1976 998,1977 1046,1979 1094,1981 1141,1983 1189,1986 1236,1989 1284,1991 1332,1994"/>
                <TextEquiv>
                    <Unicode>Nun, sonderen erst nachdemme der Kirschi</Unicode>
                </TextEquiv>
            </TextLine>
            <TextLine id="r5l19" custom="readingOrder {index:18;} person {offset:4; length:9;}">
                <Coords points="354,2063 436,2055 479,2088 615,2052 763,2092 853,2057 982,2109 1096,2056 1133,2086 1321,2075 1322,2014 1217,2041 1113,1991 940,2028 809,1985 658,2013 596,1976 555,2006 448,1980 354,2006"/>
                <Baseline points="362,2054 409,2052 457,2052 504,2051 552,2051 599,2051 647,2051 694,2051 742,2051 789,2051 837,2051 885,2052 932,2054 980,2055 1027,2055 1075,2058 1122,2058 1170,2061 1217,2063 1265,2066 1313,2069"/>
                <TextEquiv>
                    <Unicode>und Schindler von Ihnen gescheiden worden.</Unicode>
                </TextEquiv>
            </TextLine>
            <TextLine id="r5l20" custom="readingOrder {index:19;}">
                <Coords points="370,2179 543,2161 591,2205 694,2161 790,2215 950,2174 1034,2217 1108,2172 1351,2180 1352,2148 1255,2147 1153,2077 1007,2128 946,2091 844,2120 708,2086 620,2126 457,2074 372,2101"/>
                <Baseline points="378,2154 426,2154 474,2154 522,2154 571,2156 619,2156 667,2157 716,2158 764,2159 812,2160 861,2162 909,2163 957,2164 1005,2165 1054,2166 1102,2168 1150,2169 1199,2169 1247,2171 1295,2171 1344,2171"/>
                <TextEquiv>
                    <Unicode>Welchemnach der Inquisit, auf Bezeugen</Unicode>
                </TextEquiv>
            </TextLine>
            <TextLine id="r5l21" custom="readingOrder {index:20;}">
                <Coords points="358,2239 1037,2286 1096,2254 1292,2251 1293,2183 1177,2172 1112,2223 934,2175 837,2220 640,2182 591,2205 558,2174 448,2219 358,2212"/>
                <Baseline points="365,2237 413,2235 461,2234 510,2234 558,2235 606,2237 655,2238 703,2241 751,2244 800,2246 848,2249 897,2250 945,2252 993,2253 1042,2253 1090,2253 1138,2252 1187,2250 1235,2246 1284,2241"/>
                <TextEquiv>
                    <Unicode>nun alles, was ihme in Wißen, geredt zu¬</Unicode>
                </TextEquiv>
            </TextLine>
            <TextLine id="r5l22" custom="readingOrder {index:21;}">
                <Coords points="350,2334 506,2363 755,2327 847,2341 911,2393 1117,2341 1164,2364 1212,2330 1280,2351 1282,2263 1208,2246 1080,2301 999,2274 937,2312 869,2261 761,2246 493,2289 353,2243"/>
                <Baseline points="359,2313 404,2315 450,2316 495,2316 541,2318 587,2320 632,2322 678,2324 724,2325 769,2327 815,2330 861,2331 906,2333 952,2334 998,2335 1043,2336 1089,2336 1135,2336 1180,2334 1226,2333 1272,2331"/>
                <TextEquiv>
                    <Unicode>haben, loß gebunden und an sein Ahrt ge¬</Unicode>
                </TextEquiv>
            </TextLine>
            <TextLine id="r5l23" custom="readingOrder {index:22;}">
                <Coords points="341,2442 367,2427 464,2433 550,2410 569,2420 608,2409 625,2421 663,2401 685,2409 699,2403 699,2367 628,2341 575,2363 531,2350 500,2369 476,2366 429,2331 377,2372 341,2371"/>
                <Baseline points="348,2399 374,2402 400,2404 427,2405 453,2406 480,2406 506,2406 533,2406 559,2405 586,2405 612,2403 639,2403 665,2403 692,2403"/>
                <TextEquiv>
                    <Unicode>gführt worden.</Unicode>
                </TextEquiv>
            </TextLine>
            <TextLine id="r5l24" custom="readingOrder {index:23;}">
                <Coords points="331,2522 371,2536 420,2515 574,2515 631,2541 662,2516 722,2566 917,2528 919,2487 780,2465 718,2424 620,2473 433,2467 383,2428 333,2461"/>
                <Baseline points="339,2504 367,2507 396,2508 424,2508 453,2510 481,2511 510,2511 538,2513 567,2514 595,2516 624,2516 652,2517 681,2518 709,2520 738,2520 766,2522 795,2524 823,2525 852,2527 880,2528 909,2531"/>
                <TextEquiv>
                    <Unicode>Actum ut supra¬</Unicode>
                </TextEquiv>
            </TextLine>
            <TextEquiv>
                <Unicode>e
und Peinliches Examen, mit
Gieronimus Hugi
an einem Hauffen auf dem Bocken gewesen,
möge aber nicht wißen, was damahlen vor¬
gegangen.
Ven Er hierbey gekennet, daß auf dem
kauffen gelegen.
der Kircheren Christen, der Hirschi seyn
auch hinzugekommen, von dem habe es ihne
gedunckt, daß er mit füßen gestupfft.
Bald hernach seÿe der Schönig auch dar¬
bey gestanden.
Was Er darbey vor Streichen gesehen
lg habe darbey keine gesehen, wohl aber gehört,
daß man klopff außtheille.
Ob Er seinen Bruder nicht auch darbey gesehen.
Nun, sonderen erst nachdemme der Kirschi
und Schindler von Ihnen gescheiden worden.
Welchemnach der Inquisit, auf Bezeugen
nun alles, was ihme in Wißen, geredt zu¬
haben, loß gebunden und an sein Ahrt ge¬
gführt worden.
Actum ut supra¬</Unicode>
            </TextEquiv>
        </TextRegion>
        <TextRegion orientation="0.0" id="r6" custom="readingOrder {index:5;}">
            <Coords points="1446,252 1446,3494 2705,3494 2705,252"/>
            <TextLine id="r6l1" custom="readingOrder {index:0;}">
                <Coords points="2492,310 2506,308 2560,358 2581,358 2611,331 2636,346 2652,332 2672,330 2670,254 2656,256 2636,244 2616,249 2581,226 2569,234 2549,232 2521,258 2513,250 2490,252"/>
                <Baseline points="2499,294 2526,299 2554,298 2581,295 2609,293 2636,293 2664,297"/>
                <TextEquiv>
                    <Unicode>179.</Unicode>
                </TextEquiv>
            </TextLine>
            <TextLine id="r6l2" custom="readingOrder {index:1;}">
                <Coords points="1534,581 1735,490 1937,524 2040,467 2709,454 2706,361 2565,382 2443,329 2256,393 2124,354 1893,400 1686,362 1522,430"/>
                <Baseline points="1538,543 1596,527 1654,514 1713,501 1771,491 1829,482 1888,475 1946,468 2004,463 2063,458 2121,454 2179,452 2238,449 2296,447 2354,446 2413,444 2471,443 2529,441 2588,440 2646,438 2705,435"/>
                <TextEquiv>
                    <Unicode>Ediertes und Peinliches Examen¬</Unicode>
                </TextEquiv>
            </TextLine>
            <TextLine id="r6l3" custom="readingOrder {index:2;}">
                <Coords points="1809,605 1819,602 1831,589 1841,596 1851,588 1873,597 1879,590 1888,594 1894,590 1899,593 1911,590 1907,550 1885,556 1865,544 1853,558 1824,542 1813,554 1804,555"/>
                <Baseline points="1815,588 1844,583 1873,581 1902,579"/>
                <TextEquiv>
                    <Unicode>mit</Unicode>
                </TextEquiv>
            </TextLine>
            <TextLine id="r6l4" custom="readingOrder {index:3;} person {offset:0; length:14;}">
                <Coords points="1623,754 1831,729 1899,694 1928,713 2031,686 2080,716 2207,644 2293,632 2288,578 2185,606 2053,549 1938,613 1830,589 1777,639 1698,604 1614,648"/>
                <Baseline points="1628,722 1661,715 1694,710 1727,703 1760,698 1793,693 1826,689 1859,684 1892,679 1925,675 1958,673 1991,670 2024,668 2057,666 2090,665 2123,663 2156,664 2189,665 2222,666 2255,668 2288,669"/>
                <TextEquiv>
                    <Unicode>Benricht Scher</Unicode>
                </TextEquiv>
            </TextLine>
            <TextLine id="r6l5" custom="readingOrder {index:4;}">
                <Coords points="1552,846 1963,796 2053,818 2107,790 2198,823 2293,798 2286,701 2194,701 2139,736 1780,728 1662,793 1548,794"/>
                <Baseline points="1559,839 1595,834 1631,829 1667,823 1704,819 1740,814 1776,809 1813,805 1849,800 1885,797 1922,793 1958,791 1994,788 2030,786 2067,783 2103,783 2139,782 2176,782 2212,782 2248,783 2285,785"/>
                <TextEquiv>
                    <Unicode>An dem Ohrt der Marter ein¬</Unicode>
                </TextEquiv>
            </TextLine>
            <TextLine id="r6l6" custom="readingOrder {index:5;}">
                <Coords points="1466,1017 1815,943 1953,989 2094,935 2517,964 2639,933 2633,830 2476,872 2425,841 2254,908 1970,828 1462,951"/>
                <Baseline points="1472,993 1529,982 1587,973 1645,965 1703,957 1761,950 1819,946 1877,941 1935,937 1993,935 2051,932 2108,930 2166,929 2224,927 2282,926 2340,926 2398,924 2456,923 2514,920 2572,918 2630,915"/>
                <TextEquiv>
                    <Unicode>Ermahnet: Mann verhoffe, in demme Er die Ernst¬</Unicode>
                </TextEquiv>
            </TextLine>
            <TextLine id="r6l7" custom="readingOrder {index:6;}">
                <Coords points="1551,1107 1936,1012 2108,1060 2168,1013 2303,1056 2469,1011 2544,1049 2648,1025 2643,930 2538,981 2384,957 2319,997 2096,935 1753,1020 1691,986 1548,1046"/>
                <Baseline points="1557,1073 1611,1062 1665,1053 1719,1046 1773,1038 1827,1034 1881,1029 1935,1025 1989,1020 2043,1019 2098,1016 2152,1016 2206,1014 2260,1014 2314,1013 2368,1013 2422,1013 2476,1011 2530,1011 2584,1010 2639,1008"/>
                <TextEquiv>
                    <Unicode>shofften Mittel wordurch man zu gerauß¬</Unicode>
                </TextEquiv>
            </TextLine>
            <TextLine id="r6l8" custom="readingOrder {index:7;}">
                <Coords points="1564,1164 1741,1173 1842,1126 1980,1158 2093,1103 2202,1132 2497,1096 2573,1126 2644,1106 2640,1021 2282,1081 2176,1019 2110,1061 1989,1025 1928,1072 1645,1077 1562,1126"/>
                <Baseline points="1571,1152 1624,1143 1677,1135 1730,1127 1784,1122 1837,1116 1890,1112 1943,1109 1997,1106 2050,1103 2103,1101 2156,1100 2210,1098 2263,1098 2316,1097 2369,1097 2423,1097 2476,1097 2529,1097 2582,1097 2636,1095"/>
                <TextEquiv>
                    <Unicode>ebringung der Wahrheit gegen ihne benöthi¬</Unicode>
                </TextEquiv>
            </TextLine>
            <TextLine id="r6l9" custom="readingOrder {index:8;}">
                <Coords points="1555,1292 1821,1203 1978,1241 2055,1209 2253,1232 2306,1184 2536,1175 2532,1105 2358,1100 2224,1172 2144,1140 2001,1177 1905,1130 1823,1188 1763,1195 1702,1148 1633,1206 1548,1192"/>
                <Baseline points="1559,1244 1607,1235 1655,1229 1704,1221 1752,1217 1801,1212 1849,1207 1898,1203 1946,1200 1995,1199 2043,1196 2091,1193 2140,1191 2188,1190 2237,1187 2285,1184 2334,1182 2382,1179 2431,1176 2479,1172 2528,1167"/>
                <TextEquiv>
                    <Unicode>iget seyn, vor angen sehe. Es werden</Unicode>
                </TextEquiv>
            </TextLine>
            <TextLine id="r6l10" custom="readingOrder {index:9;}">
                <Coords points="1560,1371 1716,1377 1794,1317 1971,1338 2241,1277 2368,1317 2450,1270 2565,1297 2644,1280 2640,1206 2399,1205 2298,1245 1875,1219 1731,1295 1555,1292"/>
                <Baseline points="1565,1334 1618,1328 1672,1322 1725,1316 1779,1311 1832,1307 1886,1302 1939,1297 1993,1293 2046,1289 2100,1286 2154,1282 2207,1280 2261,1276 2314,1274 2368,1272 2421,1271 2475,1271 2528,1269 2582,1269 2636,1271"/>
                <TextEquiv>
                    <Unicode>selbige so viel auf Ihme vermögen, daß</Unicode>
                </TextEquiv>
            </TextLine>
            <TextLine id="r6l11" custom="readingOrder {index:10;}">
                <Coords points="1567,1481 1643,1435 1783,1454 1908,1398 1951,1427 2462,1362 2508,1402 2608,1367 2602,1281 2285,1300 2168,1361 2062,1315 2004,1351 1918,1320 1861,1367 1781,1338 1561,1396"/>
                <Baseline points="1571,1425 1622,1420 1673,1415 1725,1411 1776,1407 1828,1402 1879,1398 1931,1394 1982,1390 2034,1386 2085,1383 2136,1380 2188,1376 2239,1374 2291,1371 2342,1368 2394,1365 2445,1362 2497,1359 2548,1356 2600,1353"/>
                <TextEquiv>
                    <Unicode>er sein Herz völlig lähren, und die völlige</Unicode>
                </TextEquiv>
            </TextLine>
            <TextLine id="r6l12" custom="readingOrder {index:11;}">
                <Coords points="1566,1556 1739,1522 1895,1541 1993,1495 2226,1474 2416,1470 2483,1504 2600,1477 2595,1396 2266,1382 2127,1455 1908,1400 1853,1448 1561,1477"/>
                <Baseline points="1571,1523 1622,1517 1673,1513 1724,1506 1775,1503 1826,1499 1877,1495 1928,1491 1979,1487 2030,1484 2081,1481 2132,1478 2183,1476 2234,1473 2285,1470 2336,1467 2387,1465 2438,1463 2489,1460 2540,1457 2591,1455"/>
                <TextEquiv>
                    <Unicode>wahrheit an Tag geben werde, damit Er</Unicode>
                </TextEquiv>
            </TextLine>
            <TextLine id="r6l13" custom="readingOrder {index:12;}">
                <Coords points="1564,1631 1947,1629 2076,1583 2143,1621 2237,1579 2375,1577 2372,1530 2303,1537 2180,1494 2113,1522 1989,1500 1924,1559 1823,1527 1739,1557 1559,1548"/>
                <Baseline points="1571,1611 1610,1609 1650,1607 1690,1604 1730,1601 1769,1598 1809,1595 1849,1593 1889,1590 1928,1588 1968,1586 2008,1584 2048,1581 2087,1580 2127,1577 2167,1575 2207,1573 2246,1571 2286,1569 2326,1568 2366,1566"/>
                <TextEquiv>
                    <Unicode>seinem Leib mit Pein verschone:</Unicode>
                </TextEquiv>
            </TextLine>
            <TextLine id="r6l14" custom="readingOrder {index:13;}">
                <Coords points="1577,1731 1657,1760 1698,1722 1887,1702 2041,1742 2169,1690 2258,1724 2313,1687 2557,1662 2551,1570 2428,1638 2287,1610 2226,1658 2105,1605 1982,1646 1850,1614 1723,1668 1571,1640"/>
                <Baseline points="1584,1722 1632,1716 1680,1710 1728,1705 1777,1700 1825,1696 1873,1694 1921,1691 1970,1688 2018,1686 2066,1684 2114,1682 2163,1680 2211,1679 2259,1675 2307,1673 2356,1671 2404,1667 2452,1663 2500,1659 2549,1655"/>
                <TextEquiv>
                    <Unicode>Ob Er nun bekantlich seyn, daß er den</Unicode>
                </TextEquiv>
            </TextLine>
            <TextLine id="r6l15" custom="readingOrder {index:14;}">
                <Coords points="1487,1758 1504,1757 1509,1752 1514,1756 1524,1757 1533,1754 1517,1676 1502,1678 1498,1683 1491,1685 1479,1679 1471,1681"/>
                <Baseline points="1491,1737 1521,1731"/>
                <TextEquiv>
                    <Unicode>9</Unicode>
                </TextEquiv>
            </TextLine>
            <TextLine id="r6l16" custom="readingOrder {index:15;}">
                <Coords points="1563,1805 1633,1828 1669,1791 1748,1821 1823,1791 1922,1841 2011,1781 2109,1811 2449,1756 2638,1774 2640,1669 2346,1691 2260,1741 2184,1701 2026,1747 1890,1704 1657,1760 1561,1745"/>
                <Baseline points="1571,1797 1624,1793 1677,1790 1730,1787 1784,1785 1837,1782 1890,1781 1943,1778 1997,1776 2050,1774 2103,1772 2156,1770 2210,1769 2263,1766 2316,1764 2369,1762 2423,1760 2476,1757 2529,1755 2582,1751 2636,1748"/>
                <TextEquiv>
                    <Unicode>Riefen zu Boden geworffen, und neben vie¬</Unicode>
                </TextEquiv>
            </TextLine>
            <TextLine id="r6l17" custom="readingOrder {index:16;}">
                <Coords points="1543,1899 1613,1872 1736,1896 1788,1869 1903,1903 2075,1903 2124,1872 2210,1897 2331,1845 2330,1793 2288,1826 2186,1800 2117,1834 1998,1788 1927,1843 1779,1804 1660,1850 1610,1819 1542,1858"/>
                <Baseline points="1550,1872 1588,1869 1627,1868 1666,1866 1704,1865 1743,1863 1782,1863 1820,1862 1859,1861 1898,1860 1937,1859 1975,1858 2014,1857 2053,1856 2091,1855 2130,1854 2169,1853 2207,1851 2246,1848 2285,1847 2324,1845"/>
                <TextEquiv>
                    <Unicode>rlen anderen auf ihme gelegen</Unicode>
                </TextEquiv>
            </TextLine>
            <TextLine id="r6l18" custom="readingOrder {index:17;}">
                <Coords points="1495,2003 1631,1957 1694,1993 1903,1955 1954,1990 2444,1981 2656,1947 2656,1887 1822,1880 1775,1916 1606,1891 1494,1922"/>
                <Baseline points="1502,1956 1559,1955 1616,1953 1674,1952 1731,1951 1788,1950 1846,1949 1903,1949 1960,1947 2018,1947 2075,1946 2132,1946 2190,1944 2247,1944 2304,1944 2362,1944 2419,1943 2476,1943 2534,1943 2591,1943 2649,1941"/>
                <TextEquiv>
                    <Unicode>R. Ja er gestehe, daß zulezt er ihne zu Boden¬</Unicode>
                </TextEquiv>
            </TextLine>
            <TextLine id="r6l19" custom="readingOrder {index:18;}">
                <Coords points="1551,2061 2323,2071 2370,2028 2588,2025 2587,1956 2131,2003 1996,1963 1821,2004 1723,1965 1678,2004 1550,2003"/>
                <Baseline points="1559,2036 1610,2036 1661,2034 1712,2034 1763,2034 1814,2033 1865,2033 1916,2031 1967,2031 2018,2030 2069,2028 2120,2027 2171,2027 2222,2025 2273,2024 2324,2023 2375,2022 2426,2022 2477,2021 2528,2019 2580,2019"/>
                <TextEquiv>
                    <Unicode>geworffen, aber Streichen habe Er ihme keine</Unicode>
                </TextEquiv>
            </TextLine>
            <TextLine id="r6l20" custom="readingOrder {index:19;}">
                <Coords points="1546,2143 1565,2143 1591,2160 1635,2122 1716,2113 1742,2119 1755,2108 1775,2113 1775,2070 1739,2070 1707,2049 1652,2091 1620,2076 1587,2081 1559,2061 1546,2065"/>
                <Baseline points="1554,2112 1580,2112 1607,2112 1633,2111 1660,2111 1687,2112 1713,2112 1740,2112 1767,2112"/>
                <TextEquiv>
                    <Unicode>gegeben.</Unicode>
                </TextEquiv>
            </TextLine>
            <TextLine id="r6l21" custom="readingOrder {index:20;}">
                <Coords points="1438,2228 2216,2247 2349,2212 2512,2248 2668,2204 2667,2112 2578,2149 2242,2114 1922,2182 1829,2141 1599,2176 1437,2118"/>
                <Baseline points="1446,2211 1506,2213 1567,2214 1628,2214 1688,2216 1749,2216 1810,2217 1870,2217 1931,2217 1992,2217 2053,2217 2113,2216 2174,2216 2235,2214 2295,2214 2356,2213 2417,2211 2477,2210 2538,2207 2599,2205 2660,2202"/>
                <TextEquiv>
                    <Unicode>Instiert: das könne mit der Wahrheit nicht bestehen.</Unicode>
                </TextEquiv>
            </TextLine>
            <TextLine id="r6l22" custom="readingOrder {index:21;}">
                <Coords points="1554,2304 1764,2299 1865,2351 2030,2296 2474,2315 2553,2277 2553,2228 2453,2260 2360,2222 2221,2267 2153,2218 1553,2249"/>
                <Baseline points="1562,2291 1611,2292 1660,2294 1709,2294 1758,2295 1808,2295 1857,2295 1906,2295 1955,2295 2004,2294 2054,2294 2103,2292 2152,2291 2201,2289 2250,2288 2300,2286 2349,2285 2398,2282 2447,2280 2496,2279 2546,2276"/>
                <TextEquiv>
                    <Unicode>wann er den Riesten zu beden geworffen, so</Unicode>
                </TextEquiv>
            </TextLine>
            <TextLine id="r6l23" custom="readingOrder {index:22;}">
                <Coords points="1552,2404 1718,2423 1910,2385 2043,2424 2109,2384 2263,2432 2411,2381 2603,2392 2602,2341 2512,2343 2431,2295 2214,2335 2147,2295 1977,2337 1942,2310 1868,2351 1551,2340"/>
                <Baseline points="1559,2370 1610,2372 1662,2375 1714,2375 1766,2376 1817,2376 1869,2375 1921,2375 1973,2373 2024,2372 2076,2370 2128,2369 2180,2367 2231,2366 2283,2364 2335,2364 2387,2363 2438,2363 2490,2363 2542,2363 2594,2364"/>
                <TextEquiv>
                    <Unicode>werde Er ohn allen Zweiffel auch auf ihne ge¬</Unicode>
                </TextEquiv>
            </TextLine>
            <TextLine id="r6l24" custom="readingOrder {index:23;}">
                <Coords points="1546,2515 1614,2474 1659,2495 1723,2457 1772,2482 1887,2460 1969,2466 1970,2400 1780,2412 1749,2439 1717,2442 1619,2398 1547,2413"/>
                <Baseline points="1554,2453 1579,2453 1605,2454 1630,2454 1656,2454 1681,2456 1707,2456 1732,2456 1758,2456 1783,2457 1809,2457 1834,2457 1860,2457 1885,2457 1911,2457 1936,2456 1962,2456"/>
                <TextEquiv>
                    <Unicode>gschlagen haben.</Unicode>
                </TextEquiv>
            </TextLine>
            <TextLine id="r6l25" custom="readingOrder {index:24;}">
                <Coords points="1493,2589 1820,2564 1883,2598 1965,2560 2035,2593 2132,2552 2322,2600 2477,2547 2641,2559 2641,2522 2531,2486 2384,2502 2276,2443 2023,2525 1935,2475 1762,2538 1695,2485 1493,2469"/>
                <Baseline points="1500,2541 1556,2546 1613,2547 1670,2550 1726,2552 1783,2553 1840,2553 1896,2553 1953,2553 2010,2553 2067,2552 2123,2552 2180,2550 2237,2549 2293,2549 2350,2547 2407,2546 2463,2546 2520,2544 2577,2544 2634,2544"/>
                <TextEquiv>
                    <Unicode>R. Er bezeuge, daß er sich nicht zu Errinneren</Unicode>
                </TextEquiv>
            </TextLine>
            <TextLine id="r6l26" custom="readingOrder {index:25;}">
                <Coords points="1563,2654 2620,2634 2619,2569 2572,2547 2314,2603 2139,2572 1991,2617 1563,2603"/>
                <Baseline points="1571,2628 1623,2631 1675,2633 1727,2636 1779,2637 1831,2637 1883,2637 1935,2637 1987,2637 2039,2636 2091,2634 2143,2633 2195,2631 2247,2630 2299,2628 2351,2625 2403,2624 2455,2622 2507,2621 2559,2619 2612,2618"/>
                <TextEquiv>
                    <Unicode>wüße, ein einicher Streich damahlen auf den</Unicode>
                </TextEquiv>
            </TextLine>
            <TextLine id="r6l27" custom="readingOrder {index:26;}">
                <Coords points="1548,2735 1769,2775 1809,2738 1955,2766 2048,2724 2254,2719 2621,2765 2620,2654 2545,2646 2497,2674 2269,2642 2199,2695 2108,2637 1959,2696 1884,2652 1776,2698 1673,2646 1548,2673"/>
                <Baseline points="1556,2711 1608,2714 1661,2715 1714,2718 1767,2719 1820,2720 1873,2720 1925,2720 1978,2720 2031,2720 2084,2718 2137,2717 2190,2716 2243,2715 2295,2713 2348,2712 2401,2711 2454,2709 2507,2708 2560,2706 2613,2706"/>
                <TextEquiv>
                    <Unicode>Riesten geschlagen zu haben, vielleicht habe Er</Unicode>
                </TextEquiv>
            </TextLine>
            <TextLine id="r6l28" custom="readingOrder {index:27;} person {offset:32; length:7;}">
                <Coords points="1546,2822 2119,2846 2270,2804 2456,2831 2565,2800 2564,2754 2368,2732 2178,2729 2056,2783 1816,2738 1767,2776 1723,2748 1658,2779 1545,2736"/>
                <Baseline points="1553,2795 1603,2799 1653,2802 1703,2804 1754,2805 1804,2807 1854,2807 1904,2807 1955,2807 2005,2805 2055,2804 2105,2804 2156,2802 2206,2801 2256,2799 2306,2798 2357,2796 2407,2796 2457,2796 2507,2796 2558,2796"/>
                <TextEquiv>
                    <Unicode>ihne bey den haaren gefaßt, den Kirschi</Unicode>
                </TextEquiv>
            </TextLine>
            <TextLine id="r6l29" custom="readingOrder {index:28;}">
                <Coords points="1538,2905 1730,2942 1822,2902 1924,2951 2021,2891 2544,2934 2653,2904 2653,2828 2552,2806 2446,2848 2220,2826 2143,2868 1538,2818"/>
                <Baseline points="1545,2879 1600,2885 1655,2888 1710,2891 1765,2892 1820,2894 1875,2894 1930,2894 1985,2894 2040,2892 2095,2891 2150,2890 2205,2888 2260,2887 2315,2886 2370,2885 2425,2883 2480,2883 2535,2883 2590,2885 2645,2886"/>
                <TextEquiv>
                    <Unicode>habe Er gesehen, daß er mit dem huß gestupfft,</Unicode>
                </TextEquiv>
            </TextLine>
            <TextLine id="r6l30" custom="readingOrder {index:29;}">
                <Coords points="1544,3018 1726,2993 1830,3031 1891,2994 2183,2992 2242,3031 2336,2976 2558,2970 2504,2912 2369,2904 2342,2929 2092,2906 1956,2966 1825,2903 1728,2961 1680,2927 1543,2968"/>
                <Baseline points="1550,2985 1602,2987 1655,2988 1707,2988 1760,2988 1812,2988 1865,2988 1918,2987 1970,2985 2023,2984 2075,2983 2128,2981 2180,2978 2233,2976 2286,2973 2338,2971 2391,2968 2443,2965 2496,2961 2549,2958"/>
                <TextEquiv>
                    <Unicode>Andere Streichen aber habe Er damahlen</Unicode>
                </TextEquiv>
            </TextLine>
            <TextLine id="r6l31" custom="readingOrder {index:30;}">
                <Coords points="1539,3076 1606,3078 1654,3107 1764,3094 1813,3123 1840,3100 1948,3108 2044,3065 2083,3070 2083,3045 1999,3037 1923,2995 1891,2993 1843,3030 1539,3015"/>
                <Baseline points="1547,3065 1573,3066 1599,3068 1626,3070 1652,3072 1679,3073 1705,3074 1731,3074 1758,3074 1784,3074 1811,3074 1837,3073 1863,3072 1890,3072 1916,3071 1943,3069 1969,3069 1995,3068 2022,3066 2048,3065 2075,3065"/>
                <TextEquiv>
                    <Unicode>keine gesehen schlagen.</Unicode>
                </TextEquiv>
            </TextLine>
            <TextLine id="r6l32" custom="readingOrder {index:31;}">
                <Coords points="1538,3179 2130,3155 2326,3165 2398,3211 2500,3146 2646,3151 2645,3064 2298,3057 2200,3103 2089,3071 1817,3143 1740,3100 1537,3112"/>
                <Baseline points="1545,3159 1599,3161 1654,3162 1709,3162 1763,3164 1818,3164 1873,3164 1927,3163 1982,3162 2037,3161 2092,3161 2146,3159 2201,3158 2256,3155 2310,3153 2365,3152 2420,3149 2474,3148 2529,3146 2584,3143 2639,3141"/>
                <TextEquiv>
                    <Unicode>Auf ferneres Andringen, und da Er betrohet</Unicode>
                </TextEquiv>
            </TextLine>
            <TextLine id="r6l33" custom="readingOrder {index:32;}">
                <Coords points="1516,3269 1748,3254 1789,3290 2059,3237 2345,3273 2586,3212 2585,3140 2400,3209 2323,3163 2254,3197 2158,3169 2054,3221 1937,3168 1838,3207 1689,3182 1515,3213"/>
                <Baseline points="1523,3246 1575,3246 1628,3246 1681,3245 1734,3245 1787,3245 1840,3245 1892,3243 1945,3242 1998,3242 2051,3240 2104,3239 2157,3236 2210,3236 2262,3233 2315,3231 2368,3228 2421,3225 2474,3221 2527,3218 2580,3215"/>
                <TextEquiv>
                    <Unicode>worden, alsobald auf der Zanck gesetzt und</Unicode>
                </TextEquiv>
            </TextLine>
            <TextLine id="r6l34" custom="readingOrder {index:33;}">
                <Coords points="1548,3346 1781,3362 1977,3322 2025,3358 2242,3325 2410,3355 2505,3290 2603,3329 2600,3239 2134,3283 1839,3253 1789,3290 1662,3258 1546,3296"/>
                <Baseline points="1554,3321 1606,3323 1658,3323 1710,3324 1762,3324 1814,3324 1866,3324 1918,3324 1970,3323 2022,3321 2074,3320 2126,3318 2178,3316 2230,3313 2282,3311 2334,3307 2386,3303 2438,3299 2490,3294 2542,3289 2594,3284"/>
                <TextEquiv>
                    <Unicode>gebunden zu werden, gestuhnde Er Endtlich¬</Unicode>
                </TextEquiv>
            </TextLine>
            <TextLine id="r6l35" custom="readingOrder {index:34;}">
                <Coords points="1561,3469 1748,3417 1986,3460 2144,3401 2241,3450 2346,3390 2415,3434 2624,3390 2622,3337 2507,3290 2383,3359 2142,3337 1908,3380 1843,3333 1748,3385 1558,3369"/>
                <Baseline points="1566,3404 1618,3404 1670,3405 1723,3405 1775,3405 1828,3405 1880,3405 1933,3404 1985,3404 2038,3402 2090,3402 2142,3400 2195,3399 2247,3396 2300,3395 2352,3392 2405,3389 2457,3386 2510,3384 2562,3381 2615,3377"/>
                <TextEquiv>
                    <Unicode>ein paar Streichen mit der Faust auf den</Unicode>
                </TextEquiv>
            </TextLine>
            <TextLine id="r6l36" custom="readingOrder {index:35;}">
                <Coords points="2430,3517 2485,3502 2502,3511 2536,3479 2563,3478 2578,3468 2588,3477 2629,3470 2626,3401 2574,3393 2562,3401 2547,3395 2527,3405 2513,3401 2502,3411 2494,3403 2426,3407"/>
                <Baseline points="2435,3473 2461,3474 2488,3474 2514,3472 2541,3470 2567,3469 2594,3468 2621,3470"/>
                <TextEquiv>
                    <Unicode>Ruesten</Unicode>
                </TextEquiv>
            </TextLine>
            <TextEquiv>
                <Unicode>179.
Ediertes und Peinliches Examen¬
mit
Benricht Scher
An dem Ohrt der Marter ein¬
Ermahnet: Mann verhoffe, in demme Er die Ernst¬
shofften Mittel wordurch man zu gerauß¬
ebringung der Wahrheit gegen ihne benöthi¬
iget seyn, vor angen sehe. Es werden
selbige so viel auf Ihme vermögen, daß
er sein Herz völlig lähren, und die völlige
wahrheit an Tag geben werde, damit Er
seinem Leib mit Pein verschone:
Ob Er nun bekantlich seyn, daß er den
9
Riefen zu Boden geworffen, und neben vie¬
rlen anderen auf ihme gelegen
R. Ja er gestehe, daß zulezt er ihne zu Boden¬
geworffen, aber Streichen habe Er ihme keine
gegeben.
Instiert: das könne mit der Wahrheit nicht bestehen.
wann er den Riesten zu beden geworffen, so
werde Er ohn allen Zweiffel auch auf ihne ge¬
gschlagen haben.
R. Er bezeuge, daß er sich nicht zu Errinneren
wüße, ein einicher Streich damahlen auf den
Riesten geschlagen zu haben, vielleicht habe Er
ihne bey den haaren gefaßt, den Kirschi
habe Er gesehen, daß er mit dem huß gestupfft,
Andere Streichen aber habe Er damahlen
keine gesehen schlagen.
Auf ferneres Andringen, und da Er betrohet
worden, alsobald auf der Zanck gesetzt und
gebunden zu werden, gestuhnde Er Endtlich¬
ein paar Streichen mit der Faust auf den
Ruesten</Unicode>
            </TextEquiv>
        </TextRegion>
    </Page>
</PcGts>
