<?xml version="1.0" encoding="UTF-8" standalone="yes"?>
<PcGts xmlns="http://schema.primaresearch.org/PAGE/gts/pagecontent/2013-07-15" xmlns:xsi="http://www.w3.org/2001/XMLSchema-instance" xsi:schemaLocation="http://schema.primaresearch.org/PAGE/gts/pagecontent/2013-07-15 http://schema.primaresearch.org/PAGE/gts/pagecontent/2013-07-15/pagecontent.xsd">
    <Metadata>
        <Creator>prov=University of Rostock/Institute of Mathematics/CITlab|PLANET AI GmbH/Gundram Leifert/gundram.leifert@planet-ai.de:name=German_Kurrent_XVI-XVIII_M5.4(htr_id=38771)::::v=2.6.7
prov=University of Rostock/Institute of Mathematics/CITlab|PLANET AI GmbH/Tobias Gruening/tobias.gruening@planet-ai.de:name=de.uros.citlab.module.baseline2polygon.B2PSeamMultiOriented:v=2.6.7
prov=University of Rostock/Institute of Mathematics/CITlab|PLANET AI GmbH/Gundram Leifert/gundram.leifert@planet-ai.de:name=Transkribus German Kurrent M2(htr_id=29820)::::v=2.6.7
prov=University of Rostock/Institute of Mathematics/CITlab|PLANET AI GmbH/Tobias Gruening/tobias.gruening@planet-ai.de:name=de.uros.citlab.module.baseline2polygon.B2PSeamMultiOriented:v=2.6.7
prov=University of Rostock/Institute of Mathematics/CITlab|PLANET AI GmbH/Tobias Gruening/tobias.gruening@planet-ai.de:name=/net_tf/LA73_249_0mod360.pb:de.uros.citlab.segmentation.CITlab_LA_ML:v=2.6.7
Transkribus</Creator>
        <Created>2022-05-02T15:21:59.475+02:00</Created>
        <LastChange>2022-09-12T15:29:07.247+02:00</LastChange>
        <TranskribusMetadata docId="1334850" pageId="52363207" pageNr="127" tsid="114645150" status="IN_PROGRESS" userId="9570" imgUrl="https://files.transkribus.eu/Get?id=TQDEZXADAHFQYHUAPZKVRWFY&amp;fileType=view" xmlUrl="https://files.transkribus.eu/Get?id=DMQKKZMKDXRMSBGRBNIMZTWU" imageId="30688422"/>
    </Metadata>
    <Page imageFilename="IMG_6940.jpg" imageWidth="3024" imageHeight="4032">
        <ReadingOrder>
            <OrderedGroup id="ro_1687513629793" caption="Regions reading order">
                <RegionRefIndexed index="0" regionRef="r1"/>
                <RegionRefIndexed index="1" regionRef="r2"/>
                <RegionRefIndexed index="2" regionRef="r3"/>
                <RegionRefIndexed index="3" regionRef="r4"/>
                <RegionRefIndexed index="4" regionRef="r5"/>
                <RegionRefIndexed index="5" regionRef="r6"/>
                <RegionRefIndexed index="6" regionRef="r7"/>
                <RegionRefIndexed index="7" regionRef="r8"/>
                <RegionRefIndexed index="8" regionRef="r9"/>
                <RegionRefIndexed index="9" regionRef="r10"/>
                <RegionRefIndexed index="10" regionRef="r11"/>
            </OrderedGroup>
        </ReadingOrder>
        <TextRegion orientation="0.0" id="r1" custom="readingOrder {index:0;}">
            <Coords points="263,323 263,473 345,473 345,323"/>
            <TextLine id="r1l1" custom="readingOrder {index:0;}">
                <Coords points="256,434 269,429 284,436 297,433 333,452 351,444 351,368 339,370 325,361 303,368 294,377 280,372 275,376 256,372"/>
                <Baseline points="263,423 290,423 317,423 345,423"/>
                <TextEquiv>
                    <Unicode>248</Unicode>
                </TextEquiv>
            </TextLine>
            <TextEquiv>
                <Unicode>248</Unicode>
            </TextEquiv>
        </TextRegion>
        <TextRegion orientation="0.0" id="r2" custom="readingOrder {index:1;}">
            <Coords points="281,2289 281,2620 342,2620 342,2289"/>
            <TextLine id="r2l1" custom="readingOrder {index:0;}">
                <Coords points="306,2421 316,2421 319,2416 356,2421 337,2314 319,2321 311,2318 300,2328 296,2325 290,2326"/>
                <Baseline points="306,2387 342,2381"/>
                <TextEquiv>
                    <Unicode>P.</Unicode>
                </TextEquiv>
            </TextLine>
            <TextLine id="r2l2" custom="readingOrder {index:1;}">
                <Coords points="278,2625 290,2623 318,2597 334,2596 328,2506 311,2503 294,2507 290,2511 284,2509 278,2515 270,2514"/>
                <Baseline points="281,2574 326,2571"/>
                <TextEquiv>
                    <Unicode>.</Unicode>
                </TextEquiv>
            </TextLine>
            <TextEquiv>
                <Unicode>P.
.</Unicode>
            </TextEquiv>
        </TextRegion>
        <TextRegion orientation="0.0" id="r3" custom="readingOrder {index:2;}">
            <Coords points="330,1424 330,1574 363,1574 363,1424"/>
            <TextLine id="r3l1" custom="readingOrder {index:0;}">
                <Coords points="324,1564 335,1566 352,1555 356,1558 369,1557 369,1444 357,1444 348,1450 338,1441 324,1439"/>
                <Baseline points="330,1524 363,1524"/>
                <TextEquiv>
                    <Unicode>.</Unicode>
                </TextEquiv>
            </TextLine>
            <TextEquiv>
                <Unicode>.</Unicode>
            </TextEquiv>
        </TextRegion>
        <TextRegion orientation="0.0" id="r4" custom="readingOrder {index:3;}">
            <Coords points="330,1037 330,1187 378,1187 378,1037"/>
            <TextLine id="r4l1" custom="readingOrder {index:0;}">
                <Coords points="324,1169 333,1168 363,1142 385,1141 385,1054 373,1054 363,1064 356,1064 352,1068 342,1067 333,1074 324,1075"/>
                <Baseline points="330,1137 378,1137"/>
                <TextEquiv>
                    <Unicode>I.</Unicode>
                </TextEquiv>
            </TextLine>
            <TextEquiv>
                <Unicode>I.</Unicode>
            </TextEquiv>
        </TextRegion>
        <TextRegion orientation="0.0" id="r5" custom="readingOrder {index:4;}">
            <Coords points="327,400 327,3452 1410,3452 1410,400"/>
            <TextLine id="r5l1" custom="readingOrder {index:0;} person {offset:9; length:16;}">
                <Coords points="359,478 598,461 638,498 742,460 900,488 1012,463 1098,505 1281,483 1406,539 1409,462 1271,370 1108,378 1048,337 916,405 776,407 718,365 542,423 450,358 362,395"/>
                <Baseline points="366,444 417,449 469,452 521,453 573,455 624,455 676,455 728,455 780,453 831,453 883,453 935,453 987,455 1038,456 1090,460 1142,464 1194,469 1245,476 1297,485 1349,496 1401,510"/>
                <TextEquiv>
                    <Unicode>henlagen Gieronimus Nöhle</Unicode>
                </TextEquiv>
            </TextLine>
            <TextLine id="r5l2" custom="readingOrder {index:1;}">
                <Coords points="416,567 536,598 868,563 1106,604 1273,591 1415,651 1420,538 1335,510 1255,534 882,480 665,489 597,536 418,515"/>
                <Baseline points="423,551 472,555 521,558 571,560 620,561 669,561 719,561 768,561 817,561 867,561 916,563 965,563 1015,564 1064,567 1113,570 1163,573 1212,579 1261,585 1311,594 1360,604 1410,615"/>
                <TextEquiv>
                    <Unicode>mehr geliebet, und die Kinder ihme schlich¬</Unicode>
                </TextEquiv>
            </TextLine>
            <TextLine id="r5l3" custom="readingOrder {index:2;}">
                <Coords points="392,673 775,676 822,649 1002,708 1209,665 1384,693 1272,590 1060,610 980,574 897,615 862,584 544,604 495,578 393,618"/>
                <Baseline points="399,657 447,655 496,653 545,651 594,648 643,647 692,647 741,645 790,645 839,645 888,645 936,647 985,648 1034,651 1083,654 1132,657 1181,661 1230,666 1279,672 1328,678 1377,686"/>
                <TextEquiv>
                    <Unicode>rten Gehorsamb erwiesen, so daß viel</Unicode>
                </TextEquiv>
            </TextLine>
            <TextLine id="r5l4" custom="readingOrder {index:3;}">
                <Coords points="392,762 544,749 691,784 859,746 1182,783 1215,756 1401,805 1402,721 1313,689 1043,722 933,669 790,690 618,662 513,699 394,672"/>
                <Baseline points="399,747 448,747 498,747 548,747 598,746 648,746 697,744 747,743 797,741 847,740 897,740 946,740 996,740 1046,741 1096,744 1146,746 1195,751 1245,755 1295,762 1345,770 1395,780"/>
                <TextEquiv>
                    <Unicode>Streit und Zanck unter ihnen gewaltet.</Unicode>
                </TextEquiv>
            </TextLine>
            <TextLine id="r5l5" custom="readingOrder {index:4;}">
                <Coords points="439,878 536,892 676,841 798,840 909,881 1226,876 1305,906 1398,880 1399,823 1288,772 442,768"/>
                <Baseline points="447,840 494,840 541,840 588,839 636,839 683,837 730,836 777,836 825,834 872,834 919,833 966,834 1014,834 1061,836 1108,839 1155,841 1203,846 1250,852 1297,859 1344,867 1392,876"/>
                <TextEquiv>
                    <Unicode>Seith demme aber die Kohler weggekommen</Unicode>
                </TextEquiv>
            </TextLine>
            <TextLine id="r5l6" custom="readingOrder {index:5;}">
                <Coords points="401,993 494,972 559,1002 641,945 801,990 934,944 998,987 1066,944 1398,992 1408,955 1349,903 1225,874 999,869 932,908 850,849 715,916 602,880 556,919 402,910"/>
                <Baseline points="408,945 457,947 507,947 556,945 606,945 656,942 705,941 755,939 805,938 854,936 904,935 954,935 1003,935 1053,936 1103,939 1152,942 1202,947 1252,954 1301,962 1351,972 1401,984"/>
                <TextEquiv>
                    <Unicode>seye in seinem Hauß aller frieden und </Unicode>
                </TextEquiv>
            </TextLine>
            <TextLine id="r5l7" custom="readingOrder {index:6;}">
                <Coords points="408,1049 737,1046 865,1091 940,1051 1239,1079 1239,980 1157,954 1096,988 1030,969 971,992 918,964 854,990 656,966 567,1008 494,973 408,985"/>
                <Baseline points="414,1043 457,1043 500,1044 543,1044 586,1043 629,1043 672,1043 715,1043 758,1041 801,1041 845,1041 888,1040 931,1040 974,1040 1017,1040 1060,1041 1103,1041 1146,1042 1189,1044 1233,1046"/>
                <TextEquiv>
                    <Unicode>Liebe wieder hergestellt worden.</Unicode>
                </TextEquiv>
            </TextLine>
            <TextLine id="r5l8" custom="readingOrder {index:7;} person {offset:9; length:6;}">
                <Coords points="413,1156 746,1147 821,1193 919,1148 989,1172 1052,1146 1380,1187 1356,1130 1310,1146 1122,1062 1010,1105 785,1060 564,1094 501,1058 415,1077"/>
                <Baseline points="420,1137 467,1140 515,1142 563,1142 610,1142 658,1142 706,1142 753,1142 801,1140 849,1140 897,1140 944,1140 992,1142 1040,1143 1087,1145 1135,1148 1183,1152 1230,1157 1278,1164 1326,1172 1374,1181"/>
                <TextEquiv>
                    <Unicode>Weil die Kohler zu seinem Schwager ge¬</Unicode>
                </TextEquiv>
            </TextLine>
            <TextLine id="r5l9" custom="readingOrder {index:8;}">
                <Coords points="385,1265 520,1256 632,1294 686,1245 936,1245 1016,1288 1145,1245 1371,1293 1372,1245 1149,1164 1093,1197 1030,1171 818,1194 675,1153 599,1184 387,1179"/>
                <Baseline points="393,1236 441,1238 490,1239 538,1239 587,1241 636,1241 684,1241 733,1241 781,1241 830,1241 879,1241 927,1241 976,1241 1024,1242 1073,1244 1122,1245 1170,1248 1219,1251 1267,1255 1316,1261 1365,1266"/>
                <TextEquiv>
                    <Unicode>kommen, so werde er wenigstens nun¬</Unicode>
                </TextEquiv>
            </TextLine>
            <TextLine id="r5l10" custom="readingOrder {index:9;}">
                <Coords points="397,1349 1234,1379 1374,1375 1375,1346 1300,1341 1226,1281 977,1266 919,1293 860,1262 747,1300 688,1265 604,1301 520,1256 399,1260"/>
                <Baseline points="404,1335 452,1335 500,1335 548,1335 596,1337 645,1337 693,1337 741,1338 789,1338 837,1340 886,1341 934,1342 982,1344 1030,1346 1078,1347 1127,1350 1175,1353 1223,1356 1271,1360 1319,1362 1368,1367"/>
                <TextEquiv>
                    <Unicode>und dann etwann gehört haben, worin</Unicode>
                </TextEquiv>
            </TextLine>
            <TextLine id="r5l11" custom="readingOrder {index:10;}">
                <Coords points="395,1460 469,1437 527,1465 585,1442 642,1478 685,1442 715,1454 742,1437 767,1454 831,1442 884,1457 907,1446 907,1373 839,1362 770,1388 726,1350 598,1392 544,1357 395,1405"/>
                <Baseline points="402,1431 428,1431 454,1431 480,1431 506,1431 533,1431 559,1431 585,1431 611,1431 637,1431 664,1431 690,1431 716,1431 742,1431 768,1432 795,1433 821,1434 847,1434 873,1437 900,1439"/>
                <TextEquiv>
                    <Unicode>ihre Lehr bestanden.</Unicode>
                </TextEquiv>
            </TextLine>
            <TextLine id="r5l12" custom="readingOrder {index:11;}">
                <Coords points="406,1565 521,1534 706,1594 897,1541 1049,1581 1170,1544 1223,1589 1398,1581 1400,1523 1320,1504 1262,1528 978,1463 678,1453 594,1487 410,1455"/>
                <Baseline points="414,1532 462,1533 511,1535 560,1535 609,1535 658,1535 707,1535 756,1535 805,1536 854,1536 903,1536 951,1538 1000,1539 1049,1541 1098,1544 1147,1546 1196,1550 1245,1554 1294,1560 1343,1566 1392,1574"/>
                <TextEquiv>
                    <Unicode>dero Anfang seye gut gewesen, nach der</Unicode>
                </TextEquiv>
            </TextLine>
            <TextLine id="r5l13" custom="readingOrder {index:12;}">
                <Coords points="383,1645 637,1619 703,1655 875,1620 1005,1669 1174,1637 1358,1662 1383,1594 889,1560 706,1597 386,1552"/>
                <Baseline points="390,1613 439,1614 488,1616 537,1617 586,1618 636,1619 685,1620 734,1622 783,1623 832,1625 882,1625 931,1626 980,1629 1029,1631 1078,1633 1128,1635 1177,1637 1226,1641 1275,1644 1324,1648 1374,1652"/>
                <TextEquiv>
                    <Unicode>Hand habe er gehört, daß sie die Welt-</Unicode>
                </TextEquiv>
            </TextLine>
            <TextLine id="r5l14" custom="readingOrder {index:13;}">
                <Coords points="397,1732 814,1751 953,1716 1130,1755 1306,1700 1071,1641 1000,1685 881,1640 756,1685 604,1685 475,1640 398,1669"/>
                <Baseline points="404,1707 448,1706 493,1705 538,1704 583,1704 627,1706 672,1706 717,1707 762,1709 806,1709 851,1710 896,1712 941,1713 985,1715 1030,1716 1075,1718 1120,1718 1164,1719 1209,1719 1254,1719 1299,1719"/>
                <TextEquiv>
                    <Unicode>Reuth ausgemacht, über die Herren</Unicode>
                </TextEquiv>
            </TextLine>
            <TextLine id="r5l15" custom="readingOrder {index:14;}">
                <Coords points="1324,1730 1330,1728 1336,1730 1339,1727 1343,1726 1347,1728 1353,1726 1344,1687 1339,1689 1334,1687 1330,1691 1324,1688 1314,1691"/>
                <Baseline points="1329,1725 1346,1721"/>
                <TextEquiv>
                    <Unicode>.</Unicode>
                </TextEquiv>
            </TextLine>
            <TextLine id="r5l16" custom="readingOrder {index:15;}">
                <Coords points="388,1820 632,1809 767,1842 887,1812 1138,1862 1256,1836 1352,1861 1382,1784 1289,1752 1095,1777 991,1739 883,1786 670,1728 575,1773 464,1717 391,1731"/>
                <Baseline points="395,1797 443,1797 492,1797 541,1799 590,1799 639,1800 688,1800 737,1802 786,1803 835,1805 884,1806 932,1807 981,1809 1030,1812 1079,1814 1128,1817 1177,1821 1226,1824 1275,1828 1324,1832 1373,1836"/>
                <TextEquiv>
                    <Unicode>Predicanten geschmalt, auch gesagt, daß</Unicode>
                </TextEquiv>
            </TextLine>
            <TextLine id="r5l17" custom="readingOrder {index:16;}">
                <Coords points="382,1941 620,1896 697,1922 901,1901 1217,1956 1345,1926 1347,1859 981,1886 850,1831 660,1872 498,1814 384,1855"/>
                <Baseline points="390,1893 437,1895 484,1895 532,1895 579,1895 627,1896 674,1896 721,1898 769,1898 816,1899 864,1901 911,1902 958,1904 1006,1905 1053,1907 1101,1910 1148,1911 1195,1914 1243,1917 1290,1919 1338,1922"/>
                <TextEquiv>
                    <Unicode>sie die Gläubigen thun mögen, was sie </Unicode>
                </TextEquiv>
            </TextLine>
            <TextLine id="r5l18" custom="readingOrder {index:17;}">
                <Coords points="383,2017 468,1995 537,2052 672,2012 752,2042 935,2019 1078,2045 1130,2003 1373,2028 1384,1992 1258,1936 1130,1959 928,1906 696,1974 488,1928 385,1943"/>
                <Baseline points="390,1989 439,1991 488,1992 538,1994 587,1994 636,1995 686,1995 735,1995 784,1997 834,1997 883,1997 932,1998 982,1998 1031,2000 1080,2000 1130,2001 1179,2003 1228,2005 1278,2007 1327,2009 1377,2012"/>
                <TextEquiv>
                    <Unicode>wollen, so seye es keine Sund, sie können</Unicode>
                </TextEquiv>
            </TextLine>
            <TextLine id="r5l19" custom="readingOrder {index:18;}">
                <Coords points="378,2099 1311,2130 1312,2073 935,2019 863,2048 737,2027 671,2060 620,2027 556,2065 501,2023 379,2058"/>
                <Baseline points="384,2087 430,2088 476,2090 522,2091 568,2092 614,2093 660,2094 706,2096 752,2096 798,2097 844,2099 890,2100 936,2100 982,2102 1028,2102 1074,2103 1120,2105 1166,2106 1212,2106 1258,2108 1305,2109"/>
                <TextEquiv>
                    <Unicode>es von dem lieben Gott abbitten.</Unicode>
                </TextEquiv>
            </TextLine>
            <TextLine id="r5l20" custom="readingOrder {index:19;}">
                <Coords points="396,2203 665,2232 757,2203 1000,2216 1047,2257 1113,2220 1188,2248 1362,2230 1363,2169 1321,2154 1277,2179 812,2117 636,2146 519,2092 398,2123"/>
                <Baseline points="402,2189 449,2190 497,2192 545,2193 592,2195 640,2195 688,2196 735,2198 783,2198 831,2199 879,2201 926,2201 974,2202 1022,2204 1069,2204 1117,2205 1165,2207 1212,2208 1260,2210 1308,2211 1356,2213"/>
                <TextEquiv>
                    <Unicode>von der Oberkeit dann haben sie gesagt, </Unicode>
                </TextEquiv>
            </TextLine>
            <TextLine id="r5l21" custom="readingOrder {index:20;}">
                <Coords points="373,2324 525,2284 594,2333 704,2309 783,2345 839,2310 979,2300 1251,2312 1252,2278 1179,2240 1046,2258 1001,2220 920,2270 801,2273 697,2222 376,2225"/>
                <Baseline points="381,2273 424,2275 467,2278 510,2280 553,2282 597,2283 640,2286 683,2288 726,2289 769,2291 813,2292 856,2294 899,2294 942,2295 985,2297 1029,2297 1072,2297 1115,2298 1158,2298 1201,2298 1245,2298"/>
                <TextEquiv>
                    <Unicode>daß sie dieselbe auch richten werden.</Unicode>
                </TextEquiv>
            </TextLine>
            <TextLine id="r5l22" custom="readingOrder {index:21;} person {offset:8; length:8;} person {offset:26; length:10;}">
                <Coords points="369,2400 775,2410 878,2449 1001,2410 1064,2439 1124,2411 1346,2425 1363,2367 1208,2384 913,2355 855,2318 674,2352 449,2300 370,2337"/>
                <Baseline points="375,2387 424,2388 473,2388 522,2390 571,2391 620,2392 669,2393 718,2394 767,2396 816,2397 865,2399 914,2399 963,2400 1012,2402 1061,2402 1110,2402 1159,2402 1208,2402 1257,2402 1306,2402 1356,2400"/>
                <TextEquiv>
                    <Unicode>Wie der Kohlerin und dero Anhangeren</Unicode>
                </TextEquiv>
            </TextLine>
            <TextLine id="r5l23" custom="readingOrder {index:22;}">
                <Coords points="355,2513 418,2484 469,2520 541,2531 581,2503 696,2529 778,2495 948,2532 1123,2490 1123,2419 963,2428 903,2462 791,2414 717,2448 634,2412 583,2454 530,2421 355,2421"/>
                <Baseline points="362,2477 399,2477 437,2478 475,2479 512,2480 550,2481 588,2481 625,2483 663,2483 701,2484 739,2484 776,2484 814,2486 852,2486 889,2486 927,2486 965,2484 1002,2484 1040,2483 1078,2482 1116,2481"/>
                <TextEquiv>
                    <Unicode>Lebliesen beschaffen gewesen?</Unicode>
                </TextEquiv>
            </TextLine>
            <TextLine id="r5l24" custom="readingOrder {index:23;}">
                <Coords points="362,2589 894,2628 957,2596 1064,2622 1144,2589 1203,2615 1366,2598 1366,2544 1281,2497 1185,2533 909,2519 841,2550 746,2523 652,2554 593,2521 505,2541 438,2491 362,2512"/>
                <Baseline points="369,2571 418,2574 468,2577 517,2579 567,2582 616,2583 666,2585 715,2586 765,2586 814,2586 864,2588 913,2586 963,2586 1012,2585 1062,2585 1111,2583 1161,2582 1210,2580 1260,2579 1309,2577 1359,2576"/>
                <TextEquiv>
                    <Unicode>Weilen er in gleichem Hauß gewesen, da die </Unicode>
                </TextEquiv>
            </TextLine>
            <TextLine id="r5l25" custom="readingOrder {index:24;} person {offset:0; length:6;}">
                <Coords points="347,2691 429,2668 576,2716 799,2718 863,2683 1088,2708 1356,2672 1347,2634 1122,2648 1034,2608 946,2635 347,2599"/>
                <Baseline points="354,2658 403,2663 453,2665 503,2668 553,2671 603,2673 652,2675 702,2677 752,2678 802,2679 852,2679 901,2679 951,2679 1001,2678 1051,2676 1101,2676 1150,2673 1200,2671 1250,2667 1300,2664 1350,2661"/>
                <TextEquiv>
                    <Unicode>Kohler zu obgemeldet seinem Schwager ge¬</Unicode>
                </TextEquiv>
            </TextLine>
            <TextLine id="r5l26" custom="readingOrder {index:25;}">
                <Coords points="345,2779 1023,2800 1333,2780 1345,2728 1178,2694 786,2748 650,2704 345,2710"/>
                <Baseline points="351,2759 400,2759 449,2760 499,2762 548,2763 597,2765 647,2766 696,2768 745,2768 795,2771 844,2771 893,2772 943,2773 992,2774 1041,2774 1091,2772 1140,2772 1189,2770 1239,2768 1288,2765 1338,2762"/>
                <TextEquiv>
                    <Unicode>gkommen, so habe er in der Nebend Stuben be¬</Unicode>
                </TextEquiv>
            </TextLine>
            <TextLine id="r5l27" custom="readingOrder {index:26;}">
                <Coords points="341,2880 425,2903 507,2864 744,2917 1123,2880 1162,2913 1249,2869 1368,2873 1368,2806 1099,2839 1051,2802 974,2832 825,2778 762,2814 492,2779 341,2822"/>
                <Baseline points="347,2859 397,2859 448,2861 499,2862 549,2864 600,2865 651,2867 701,2868 752,2870 803,2871 854,2873 904,2873 955,2874 1006,2874 1056,2873 1107,2873 1158,2871 1208,2870 1259,2867 1310,2863 1361,2859"/>
                <TextEquiv>
                    <Unicode>eobachtet, daß zu End dero Lehren, sie aus¬</Unicode>
                </TextEquiv>
            </TextLine>
            <TextLine id="r5l28" custom="readingOrder {index:27;}">
                <Coords points="348,2982 422,2964 502,3007 654,2978 774,3021 914,2978 1045,3023 1098,2979 1353,2970 1353,2924 1194,2902 995,2892 861,2941 707,2902 597,2926 512,2866 458,2917 348,2897"/>
                <Baseline points="354,2958 403,2961 453,2963 502,2964 552,2967 602,2969 651,2971 701,2973 750,2975 800,2976 850,2977 899,2978 949,2978 998,2978 1048,2976 1098,2975 1147,2972 1197,2969 1246,2965 1296,2959 1346,2952"/>
                <TextEquiv>
                    <Unicode>den Versamblungen paar und paar zur</Unicode>
                </TextEquiv>
            </TextLine>
            <TextLine id="r5l29" custom="readingOrder {index:28;}">
                <Coords points="346,3060 564,3094 913,3076 976,3106 1031,3081 1183,3105 1338,3060 1338,3035 1194,3011 1151,3040 1099,3009 1014,3025 957,2983 883,3029 658,2996 565,3041 435,2973 347,2994"/>
                <Baseline points="353,3053 404,3053 456,3054 507,3056 559,3058 610,3061 662,3063 713,3066 765,3068 816,3069 868,3071 919,3072 971,3074 1022,3074 1074,3073 1125,3072 1177,3069 1228,3066 1280,3063 1332,3057"/>
                <TextEquiv>
                    <Unicode>Stuben auß gegangen, und habe gesehen,</Unicode>
                </TextEquiv>
            </TextLine>
            <TextLine id="r5l30" custom="readingOrder {index:29;}">
                <Coords points="352,3163 458,3194 706,3156 904,3212 1027,3167 1071,3201 1132,3165 1224,3166 1226,3088 821,3111 732,3086 659,3121 539,3082 354,3098"/>
                <Baseline points="359,3138 404,3141 449,3143 494,3145 539,3146 585,3149 630,3150 675,3152 720,3153 765,3155 811,3156 856,3158 901,3158 946,3159 991,3159 1037,3159 1082,3159 1127,3159 1172,3159 1218,3158"/>
                <TextEquiv>
                    <Unicode>daß sie ein ander unzüchtig betastet.</Unicode>
                </TextEquiv>
            </TextLine>
            <TextLine id="r5l31" custom="readingOrder {index:30;}">
                <Coords points="377,3264 1270,3293 1354,3244 1353,3148 1119,3217 812,3190 623,3222 377,3178"/>
                <Baseline points="384,3255 432,3255 480,3255 528,3257 576,3257 624,3258 672,3258 721,3260 769,3261 817,3261 865,3261 913,3263 961,3261 1009,3261 1058,3260 1106,3258 1154,3256 1202,3254 1250,3250 1298,3246 1347,3240"/>
                <TextEquiv>
                    <Unicode>Actum durch vorwohlgedacht MnGHHrn.</Unicode>
                </TextEquiv>
            </TextLine>
            <TextLine id="r5l32" custom="readingOrder {index:31;}">
                <Coords points="322,3354 677,3345 751,3372 804,3344 871,3375 1031,3345 1138,3395 1326,3334 1326,3272 1100,3303 1058,3280 1001,3320 914,3272 843,3323 634,3265 541,3303 406,3265 322,3304"/>
                <Baseline points="329,3341 378,3339 428,3339 477,3339 527,3339 576,3341 626,3341 675,3341 725,3341 774,3342 824,3342 874,3342 923,3342 973,3342 1022,3342 1072,3342 1121,3341 1171,3339 1220,3338 1270,3336 1320,3333"/>
                <TextEquiv>
                    <Unicode>Großweibel und Grichtschreiber den 28ten</Unicode>
                </TextEquiv>
            </TextLine>
            <TextLine id="r5l33" custom="readingOrder {index:32;}">
                <Coords points="320,3426 438,3418 486,3454 549,3452 664,3496 875,3479 879,3374 846,3362 748,3373 716,3352 625,3356 556,3389 404,3341 322,3367"/>
                <Baseline points="327,3416 354,3414 381,3414 408,3414 435,3414 462,3415 489,3416 517,3417 544,3417 571,3419 598,3420 625,3422 652,3423 679,3425 707,3426 734,3428 761,3429 788,3431 815,3432 842,3433 870,3434"/>
                <TextEquiv>
                    <Unicode>Wein Monaths 1752.</Unicode>
                </TextEquiv>
            </TextLine>
            <TextEquiv>
                <Unicode>henlagen Gieronimus Nöhle
mehr geliebet, und die Kinder ihme schlich¬
rten Gehorsamb erwiesen, so daß viel
Streit und Zanck unter ihnen gewaltet.
Seith demme aber die Kohler weggekommen
seye in seinem Hauß aller frieden und 
Liebe wieder hergestellt worden.
Weil die Kohler zu seinem Schwager ge¬
kommen, so werde er wenigstens nun¬
und dann etwann gehört haben, worin
ihre Lehr bestanden.
dero Anfang seye gut gewesen, nach der
Hand habe er gehört, daß sie die Welt-
Reuth ausgemacht, über die Herren
.
Predicanten geschmalt, auch gesagt, daß
sie die Gläubigen thun mögen, was sie 
wollen, so seye es keine Sund, sie können
es von dem lieben Gott abbitten.
von der Oberkeit dann haben sie gesagt, 
daß sie dieselbe auch richten werden.
Wie der Kohlerin und dero Anhangeren
Lebliesen beschaffen gewesen?
Weilen er in gleichem Hauß gewesen, da die 
Kohler zu obgemeldet seinem Schwager ge¬
gkommen, so habe er in der Nebend Stuben be¬
eobachtet, daß zu End dero Lehren, sie aus¬
den Versamblungen paar und paar zur
Stuben auß gegangen, und habe gesehen,
daß sie ein ander unzüchtig betastet.
Actum durch vorwohlgedacht MnGHHrn.
Großweibel und Grichtschreiber den 28ten
Wein Monaths 1752.</Unicode>
            </TextEquiv>
        </TextRegion>
        <TextRegion orientation="0.0" id="r6" custom="readingOrder {index:5;}">
            <Coords points="1506,2972 1506,3122 1536,3122 1536,2972"/>
            <TextLine id="r6l1" custom="readingOrder {index:0;}">
                <Coords points="1500,3077 1506,3077 1510,3074 1511,3076 1518,3077 1520,3080 1528,3076 1533,3081 1542,3081 1542,3035 1536,3035 1529,3039 1523,3046 1518,3046 1514,3043 1510,3047 1500,3048"/>
                <Baseline points="1506,3072 1536,3072"/>
                <TextEquiv>
                    <Unicode>17</Unicode>
                </TextEquiv>
            </TextLine>
            <TextEquiv>
                <Unicode>17</Unicode>
            </TextEquiv>
        </TextRegion>
        <TextRegion orientation="0.0" id="r7" custom="readingOrder {index:6;}">
            <Coords points="1520,1939 1520,2292 1568,2292 1568,1939"/>
            <TextLine id="r7l1" custom="readingOrder {index:0;}">
                <Coords points="1526,2061 1534,2061 1541,2053 1567,2044 1559,1962 1551,1962 1539,1972 1533,1969 1529,1970 1525,1976 1517,1976"/>
                <Baseline points="1530,2040 1560,2037"/>
                <TextEquiv>
                    <Unicode>d</Unicode>
                </TextEquiv>
            </TextLine>
            <TextLine id="r7l2" custom="readingOrder {index:1;}">
                <Coords points="1520,2275 1531,2272 1538,2274 1548,2261 1556,2263 1570,2249 1577,2248 1563,2176 1550,2177 1544,2172 1536,2185 1506,2201"/>
                <Baseline points="1520,2243 1568,2234"/>
                <TextEquiv>
                    <Unicode>c</Unicode>
                </TextEquiv>
            </TextLine>
            <TextEquiv>
                <Unicode>d
c</Unicode>
            </TextEquiv>
        </TextRegion>
        <TextRegion orientation="0.0" id="r8" custom="readingOrder {index:7;}">
            <Coords points="1521,2599 1521,2942 1566,2942 1566,2599"/>
            <TextLine id="r8l1" custom="readingOrder {index:0;}">
                <Coords points="1529,2725 1535,2722 1545,2726 1559,2715 1569,2719 1580,2715 1558,2651 1549,2654 1547,2659 1541,2661 1537,2670 1530,2671 1521,2668 1517,2674 1511,2676"/>
                <Baseline points="1529,2706 1566,2693"/>
                <TextEquiv>
                    <Unicode>9</Unicode>
                </TextEquiv>
            </TextLine>
            <TextLine id="r8l2" custom="readingOrder {index:1;}">
                <Coords points="1515,2928 1526,2927 1542,2912 1558,2903 1563,2907 1572,2906 1572,2813 1549,2819 1536,2809 1515,2810"/>
                <Baseline points="1521,2895 1566,2895"/>
                <TextEquiv>
                    <Unicode>.</Unicode>
                </TextEquiv>
            </TextLine>
            <TextEquiv>
                <Unicode>9
.</Unicode>
            </TextEquiv>
        </TextRegion>
        <TextRegion orientation="0.0" id="r9" custom="readingOrder {index:8;}">
            <Coords points="1527,427 1527,1289 1607,1289 1607,427"/>
            <TextLine id="r9l1" custom="readingOrder {index:0;}">
                <Coords points="1524,517 1546,515 1561,501 1581,501 1592,495 1599,500 1615,495 1601,392 1592,393 1563,425 1539,424 1513,433"/>
                <Baseline points="1527,492 1553,490 1580,485 1607,482"/>
                <TextEquiv>
                    <Unicode>Vor¬</Unicode>
                </TextEquiv>
            </TextLine>
            <TextLine id="r9l2" custom="readingOrder {index:1;}">
                <Coords points="1521,608 1529,605 1538,608 1555,599 1568,607 1586,590 1605,590 1594,508 1573,516 1543,544 1538,541 1533,549 1527,547 1523,553 1514,555"/>
                <Baseline points="1527,606 1563,600 1599,597"/>
                <TextEquiv>
                    <Unicode>17.</Unicode>
                </TextEquiv>
            </TextLine>
            <TextLine id="r9l3" custom="readingOrder {index:2;}">
                <Coords points="1549,907 1564,905 1572,895 1578,897 1584,892 1591,892 1583,818 1577,819 1566,832 1561,831 1548,821 1541,823"/>
                <Baseline points="1553,881 1583,878"/>
                <TextEquiv>
                    <Unicode>P.</Unicode>
                </TextEquiv>
            </TextLine>
            <TextLine id="r9l4" custom="readingOrder {index:3;}">
                <Coords points="1527,1295 1538,1292 1549,1295 1572,1278 1576,1280 1584,1271 1599,1269 1595,1188 1585,1187 1577,1193 1568,1194 1552,1207 1543,1202 1536,1205 1528,1200 1522,1201"/>
                <Baseline points="1532,1262 1562,1262 1592,1259"/>
                <TextEquiv>
                    <Unicode>I.</Unicode>
                </TextEquiv>
            </TextLine>
            <TextEquiv>
                <Unicode>Vor¬
17.
P.
I.</Unicode>
            </TextEquiv>
        </TextRegion>
        <TextRegion orientation="0.0" id="r10" custom="readingOrder {index:9;}">
            <Coords points="1563,370 1563,3473 2648,3473 2648,370"/>
            <TextLine id="r10l1" custom="readingOrder {index:0;}">
                <Coords points="1793,417 1830,438 1900,409 1977,433 2050,419 2114,451 2200,444 2232,473 2286,438 2359,477 2415,464 2400,412 2314,388 2235,404 2204,378 2148,389 2093,357 2055,389 2032,370 1938,385 1890,356 1866,372 1829,347 1797,360"/>
                <Baseline points="1800,404 1830,405 1860,407 1891,409 1921,411 1952,413 1982,415 2013,417 2043,419 2074,420 2104,423 2134,424 2165,426 2195,428 2226,431 2256,432 2287,434 2317,435 2348,437 2378,439 2409,440"/>
                <TextEquiv>
                    <Unicode>Informat. Continuatio s</Unicode>
                </TextEquiv>
            </TextLine>
            <TextLine id="r10l2" custom="readingOrder {index:1;}">
                <Coords points="2546,447 2560,452 2570,467 2590,454 2595,456 2619,478 2646,466 2653,468 2662,428 2646,421 2637,406 2627,407 2623,400 2613,398 2598,407 2595,404 2569,407 2557,400"/>
                <Baseline points="2555,441 2586,444 2617,451 2648,462"/>
                <TextEquiv>
                    <Unicode>249.</Unicode>
                </TextEquiv>
            </TextLine>
            <TextLine id="r10l3" custom="readingOrder {index:2;} person {offset:6; length:17;}">
                <Coords points="1651,497 2101,497 2342,541 2578,500 2579,470 2474,439 2362,481 2305,446 2232,473 1902,410 1830,438 1738,386 1655,410"/>
                <Baseline points="1659,479 1704,480 1750,481 1795,482 1841,484 1887,486 1932,487 1978,489 2023,491 2069,492 2115,495 2160,497 2206,499 2251,501 2297,503 2343,506 2388,507 2434,509 2479,512 2525,513 2571,515"/>
                <TextEquiv>
                    <Unicode>Wegen Hieronimus Nohter</Unicode>
                </TextEquiv>
            </TextLine>
            <TextLine id="r10l4" custom="readingOrder {index:3;} person {offset:0; length:16;} place {offset:22; length:8;}">
                <Coords points="1650,595 2395,617 2447,654 2494,626 2579,652 2581,601 2440,529 2401,560 2058,523 1962,561 1855,500 1651,543"/>
                <Baseline points="1656,590 1701,591 1747,594 1793,596 1839,597 1885,599 1931,600 1977,600 2023,602 2069,603 2115,605 2160,606 2206,608 2252,609 2298,610 2344,611 2390,614 2436,615 2482,617 2528,620 2574,623"/>
                <TextEquiv>
                    <Unicode>Elias Bruchlhard, von Albligen,</Unicode>
                </TextEquiv>
            </TextLine>
            <TextLine id="r10l5" custom="readingOrder {index:4;} place {offset:5; length:14;}">
                <Coords points="1624,695 2063,687 2173,734 2389,707 2577,752 2643,746 2647,648 2473,677 2345,621 1934,642 1790,610 1625,658"/>
                <Baseline points="1631,684 1681,683 1731,681 1781,680 1832,680 1882,680 1932,681 1983,683 2033,684 2083,686 2134,689 2184,692 2234,695 2284,697 2335,700 2385,704 2435,707 2486,709 2536,713 2586,714 2637,717"/>
                <TextEquiv>
                    <Unicode>Amts Schwartzenburg, verhürathet,</Unicode>
                </TextEquiv>
            </TextLine>
            <TextLine id="r10l6" custom="readingOrder {index:5;}">
                <Coords points="1629,793 1651,780 1744,777 1822,817 1879,785 1987,791 1986,724 1963,733 1874,687 1850,707 1798,718 1725,697 1681,707 1647,736 1629,730"/>
                <Baseline points="1635,777 1661,775 1688,772 1714,770 1741,768 1767,768 1794,767 1820,767 1847,767 1873,768 1900,768 1926,770 1953,771 1980,774"/>
                <TextEquiv>
                    <Unicode>Alt 18. Jahr</Unicode>
                </TextEquiv>
            </TextLine>
            <TextLine id="r10l7" custom="readingOrder {index:6;}">
                <Coords points="1627,888 2561,931 2636,919 2639,852 2365,802 2207,828 2137,795 2034,821 1981,794 1922,838 1629,826"/>
                <Baseline points="1634,879 1683,876 1733,875 1783,875 1833,875 1883,876 1933,878 1982,880 2032,882 2082,885 2132,888 2182,892 2232,894 2282,897 2331,900 2381,903 2431,905 2481,906 2531,908 2581,909 2631,908"/>
                <TextEquiv>
                    <Unicode>Ob ihme nicht in Mußen, daß die Brudere</Unicode>
                </TextEquiv>
            </TextLine>
            <TextLine id="r10l8" custom="readingOrder {index:7;} place {offset:11; length:8;}">
                <Coords points="1619,977 1844,978 1944,1035 2062,988 2210,1047 2421,998 2624,1029 2629,939 2563,960 2518,921 2409,956 2235,920 2078,953 1973,893 1798,923 1624,889"/>
                <Baseline points="1626,971 1675,969 1725,968 1774,968 1824,969 1874,969 1923,972 1973,974 2023,977 2072,979 2122,982 2172,985 2221,989 2271,992 2321,995 2370,998 2420,1001 2470,1002 2519,1004 2569,1005 2619,1005"/>
                <TextEquiv>
                    <Unicode>Kohler von Brügglen, seith ihrer Ban̄ir¬</Unicode>
                </TextEquiv>
            </TextLine>
            <TextLine id="r10l9" custom="readingOrder {index:8;}">
                <Coords points="1612,1087 2634,1114 2636,1057 2588,1042 2499,1084 2369,1004 2247,1070 2107,1016 2007,1051 1843,1006 1765,1033 1616,1013"/>
                <Baseline points="1620,1071 1670,1069 1720,1068 1771,1068 1821,1068 1872,1070 1922,1071 1972,1073 2023,1076 2073,1077 2124,1080 2174,1084 2224,1086 2275,1090 2325,1092 2376,1095 2426,1098 2476,1100 2527,1103 2577,1104 2628,1104"/>
                <TextEquiv>
                    <Unicode>sation sich wieder hier im Land einber¬</Unicode>
                </TextEquiv>
            </TextLine>
            <TextLine id="r10l10" custom="readingOrder {index:9;}">
                <Coords points="1606,1213 1657,1172 1686,1168 1779,1167 1801,1177 1824,1166 1866,1181 1877,1176 1877,1099 1833,1123 1778,1084 1704,1089 1607,1149"/>
                <Baseline points="1613,1167 1638,1166 1664,1164 1690,1164 1716,1163 1742,1163 1767,1163 1793,1163 1819,1164 1845,1166 1871,1169"/>
                <TextEquiv>
                    <Unicode>gfunden?</Unicode>
                </TextEquiv>
            </TextLine>
            <TextLine id="r10l11" custom="readingOrder {index:10;}">
                <Coords points="1630,1293 1710,1268 1756,1302 1798,1271 1987,1312 2048,1278 2236,1326 2360,1285 2568,1319 2615,1307 2618,1235 2366,1190 2198,1235 2139,1194 2018,1221 1885,1174 1633,1205"/>
                <Baseline points="1638,1260 1686,1260 1735,1262 1783,1262 1832,1263 1881,1265 1929,1266 1978,1269 2026,1271 2075,1273 2124,1275 2172,1277 2221,1280 2269,1282 2318,1286 2367,1287 2415,1289 2464,1292 2512,1293 2561,1295 2610,1296"/>
                <TextEquiv>
                    <Unicode>Er selbsten habe sie nicht gesehen, Sinter¬</Unicode>
                </TextEquiv>
            </TextLine>
            <TextLine id="r10l12" custom="readingOrder {index:11;}">
                <Coords points="1600,1373 1746,1404 1815,1360 1848,1388 2304,1376 2369,1417 2440,1379 2615,1401 2617,1325 2482,1344 2324,1298 2159,1333 2106,1295 2030,1339 1820,1281 1601,1335"/>
                <Baseline points="1607,1356 1657,1355 1707,1354 1757,1353 1807,1353 1857,1355 1907,1355 1957,1356 2007,1358 2057,1359 2108,1361 2158,1362 2208,1365 2258,1367 2308,1369 2358,1371 2408,1374 2458,1376 2508,1378 2558,1380 2609,1382"/>
                <TextEquiv>
                    <Unicode>mahl sie ihme nicht getrauwet, sonderen</Unicode>
                </TextEquiv>
            </TextLine>
            <TextLine id="r10l13" custom="readingOrder {index:12;}">
                <Coords points="1601,1470 1709,1453 1803,1511 1885,1463 2175,1460 2599,1536 2617,1405 2371,1444 2230,1375 2120,1399 1971,1370 1812,1433 1680,1400 1602,1422"/>
                <Baseline points="1608,1454 1658,1452 1708,1452 1758,1452 1808,1452 1858,1452 1908,1452 1958,1452 2008,1454 2058,1454 2108,1455 2158,1455 2208,1457 2258,1458 2308,1460 2358,1461 2408,1463 2458,1464 2508,1468 2558,1470 2609,1473"/>
                <TextEquiv>
                    <Unicode>als einen feind und Abtruunige auser</Unicode>
                </TextEquiv>
            </TextLine>
            <TextLine id="r10l14" custom="readingOrder {index:13;}">
                <Coords points="1595,1566 1617,1576 1651,1570 1683,1589 1743,1575 1741,1477 1720,1482 1706,1497 1691,1488 1669,1491 1643,1472 1594,1482"/>
                <Baseline points="1601,1550 1628,1546 1655,1544 1682,1544 1709,1545 1736,1547"/>
                <TextEquiv>
                    <Unicode>phern,</Unicode>
                </TextEquiv>
            </TextLine>
            <TextLine id="r10l15" custom="readingOrder {index:14;}">
                <Coords points="1599,1693 1698,1650 1865,1645 1981,1691 2272,1664 2469,1706 2523,1671 2583,1684 2586,1579 2305,1578 2206,1620 2117,1568 1825,1588 1775,1562 1602,1601"/>
                <Baseline points="1607,1641 1655,1641 1704,1641 1752,1643 1801,1643 1849,1644 1898,1646 1946,1647 1995,1649 2043,1650 2092,1652 2140,1653 2189,1655 2237,1656 2286,1658 2334,1659 2383,1661 2431,1662 2480,1664 2528,1665 2577,1667"/>
                <TextEquiv>
                    <Unicode>Er habe aber vielfaltig gehört, daß sie</Unicode>
                </TextEquiv>
            </TextLine>
            <TextLine id="r10l16" custom="readingOrder {index:15;}">
                <Coords points="1610,1772 1789,1738 1874,1770 1957,1751 1997,1783 2053,1748 2258,1777 2596,1759 2596,1729 2368,1668 2277,1698 1928,1674 1813,1710 1698,1650 1611,1685"/>
                <Baseline points="1617,1734 1665,1736 1714,1736 1762,1736 1811,1736 1860,1737 1908,1737 1957,1739 2005,1739 2054,1740 2103,1740 2151,1742 2200,1743 2248,1745 2297,1746 2346,1748 2394,1749 2443,1751 2491,1753 2540,1755 2589,1757"/>
                <TextEquiv>
                    <Unicode>da seyen, Er habe sie das letstemahl ge¬</Unicode>
                </TextEquiv>
            </TextLine>
            <TextLine id="r10l17" custom="readingOrder {index:16;}">
                <Coords points="1597,1882 1685,1852 1850,1882 2205,1857 2295,1888 2599,1860 2600,1814 2359,1765 2114,1813 1999,1807 1964,1773 1599,1800"/>
                <Baseline points="1605,1841 1654,1841 1703,1841 1753,1841 1802,1842 1851,1842 1901,1843 1950,1844 1999,1845 2049,1846 2098,1847 2147,1848 2197,1848 2246,1850 2295,1851 2345,1851 2394,1853 2443,1853 2493,1854 2542,1854 2592,1854"/>
                <TextEquiv>
                    <Unicode>gsehen zwey tag, ehe der Christen den</Unicode>
                </TextEquiv>
            </TextLine>
            <TextLine id="r10l18" custom="readingOrder {index:17;}">
                <Coords points="1601,1960 1672,1938 1956,1956 2003,1988 2043,1962 2274,1979 2439,1959 2440,1889 2218,1901 2108,1853 1994,1898 1602,1873"/>
                <Baseline points="1608,1932 1649,1934 1690,1934 1731,1935 1773,1937 1814,1938 1855,1939 1896,1941 1938,1941 1979,1943 2020,1944 2061,1946 2103,1947 2144,1947 2185,1949 2226,1949 2268,1949 2309,1949 2350,1949 2391,1947 2433,1947"/>
                <TextEquiv>
                    <Unicode>Ban̄isations- Eyd geschwohren.</Unicode>
                </TextEquiv>
            </TextLine>
            <TextLine id="r10l19" custom="readingOrder {index:18;}">
                <Coords points="1607,2067 2536,2077 2569,2073 2570,2006 2314,1975 2167,1999 2046,1962 1947,1999 1857,1959 1783,1984 1722,1944 1608,1962"/>
                <Baseline points="1614,2036 1661,2037 1708,2039 1756,2040 1803,2042 1851,2043 1898,2043 1945,2045 1993,2045 2040,2046 2088,2046 2135,2046 2182,2048 2230,2048 2277,2048 2325,2048 2372,2049 2419,2049 2467,2049 2514,2049 2562,2051"/>
                <TextEquiv>
                    <Unicode>Warumb er sich von diesen Leuthen abge¬</Unicode>
                </TextEquiv>
            </TextLine>
            <TextLine id="r10l20" custom="readingOrder {index:19;}">
                <Coords points="1598,2130 1837,2150 1882,2184 1966,2140 2095,2177 2171,2141 2250,2157 2251,2130 2059,2069 2013,2089 1816,2070 1741,2105 1666,2052 1599,2073"/>
                <Baseline points="1605,2127 1638,2129 1672,2132 1705,2133 1739,2135 1773,2136 1806,2136 1840,2138 1874,2138 1907,2138 1941,2138 1974,2138 2008,2138 2042,2138 2075,2138 2109,2138 2143,2139 2176,2139 2210,2141 2244,2142"/>
                <TextEquiv>
                    <Unicode>trennet, und sie verlaßen.</Unicode>
                </TextEquiv>
            </TextLine>
            <TextLine id="r10l21" custom="readingOrder {index:20;}">
                <Coords points="1619,2239 1698,2239 1746,2281 1815,2243 1873,2281 1948,2254 2029,2286 2164,2236 2264,2265 2336,2236 2571,2242 2571,2171 2390,2181 2341,2144 2091,2182 2039,2149 1822,2189 1619,2165"/>
                <Baseline points="1626,2229 1672,2231 1719,2232 1766,2232 1813,2234 1860,2234 1907,2234 1954,2234 2001,2234 2048,2234 2095,2234 2141,2234 2188,2234 2235,2232 2282,2232 2329,2232 2376,2232 2423,2234 2470,2234 2517,2234 2564,2235"/>
                <TextEquiv>
                    <Unicode>Weilen sie anfangs schöne und gute Reden</Unicode>
                </TextEquiv>
            </TextLine>
            <TextLine id="r10l22" custom="readingOrder {index:21;}">
                <Coords points="1592,2349 2590,2340 2589,2254 2527,2248 2048,2273 1991,2309 1805,2244 1746,2281 1715,2254 1654,2292 1592,2281"/>
                <Baseline points="1599,2321 1648,2324 1697,2327 1746,2327 1795,2328 1845,2328 1894,2328 1943,2327 1992,2326 2041,2324 2091,2323 2140,2322 2189,2321 2238,2319 2287,2319 2337,2318 2386,2318 2435,2319 2484,2321 2533,2324 2583,2325"/>
                <TextEquiv>
                    <Unicode>geführt, nachwerts aber solche Sachen vor¬</Unicode>
                </TextEquiv>
            </TextLine>
            <TextLine id="r10l23" custom="readingOrder {index:22;}">
                <Coords points="1580,2480 1706,2428 1817,2456 1996,2423 2096,2455 2395,2425 2550,2450 2569,2407 2453,2351 2303,2344 2198,2344 2113,2405 1930,2350 1580,2397"/>
                <Baseline points="1587,2417 1635,2418 1684,2418 1733,2420 1782,2420 1830,2420 1879,2420 1928,2420 1977,2420 2025,2420 2074,2420 2123,2420 2172,2420 2220,2420 2269,2420 2318,2420 2367,2420 2415,2420 2464,2421 2513,2421 2562,2423"/>
                <TextEquiv>
                    <Unicode>gebracht, die ihme anstößig vorkommen,</Unicode>
                </TextEquiv>
            </TextLine>
            <TextLine id="r10l24" custom="readingOrder {index:23;}">
                <Coords points="1600,2525 2065,2550 2162,2516 2223,2549 2393,2516 2486,2563 2548,2510 2581,2524 2580,2466 2506,2455 2378,2486 2047,2464 1974,2503 1830,2447 1761,2498 1600,2486"/>
                <Baseline points="1607,2511 1655,2513 1703,2514 1752,2516 1800,2516 1848,2516 1897,2516 1945,2516 1993,2514 2042,2514 2090,2513 2138,2513 2187,2511 2235,2511 2283,2510 2332,2510 2380,2510 2428,2510 2477,2510 2525,2511 2574,2513"/>
                <TextEquiv>
                    <Unicode>auch mit ihrem lebwesen Ursach geben sich</Unicode>
                </TextEquiv>
            </TextLine>
            <TextLine id="r10l25" custom="readingOrder {index:24;}">
                <Coords points="1582,2629 1635,2612 1660,2624 1698,2620 1717,2639 1801,2627 1815,2635 1846,2622 1874,2628 1875,2600 1828,2587 1761,2598 1725,2592 1710,2576 1694,2583 1672,2564 1630,2559 1584,2573"/>
                <Baseline points="1590,2609 1615,2609 1640,2610 1665,2611 1691,2612 1716,2613 1741,2614 1766,2615 1792,2616 1817,2618 1842,2618 1868,2619"/>
                <TextEquiv>
                    <Unicode>zu ärgerin</Unicode>
                </TextEquiv>
            </TextLine>
            <TextLine id="r10l26" custom="readingOrder {index:25;}">
                <Coords points="1599,2709 1867,2742 2063,2708 2140,2750 2210,2713 2511,2718 2511,2644 2358,2603 2163,2645 1935,2598 1772,2651 1600,2617"/>
                <Baseline points="1605,2699 1652,2700 1699,2700 1746,2702 1794,2703 1841,2703 1888,2705 1936,2705 1983,2705 2030,2706 2078,2706 2125,2706 2172,2708 2220,2708 2267,2708 2314,2708 2362,2708 2409,2706 2456,2706 2504,2706"/>
                <TextEquiv>
                    <Unicode>Was ihme dann in ihren Reden und Lehr</Unicode>
                </TextEquiv>
            </TextLine>
            <TextLine id="r10l27" custom="readingOrder {index:26;}">
                <Coords points="1587,2829 1675,2812 1698,2830 1719,2812 1777,2830 1880,2798 1948,2821 2057,2798 2057,2782 1978,2729 1855,2737 1799,2766 1749,2730 1688,2721 1588,2748"/>
                <Baseline points="1593,2789 1618,2790 1643,2791 1669,2792 1694,2792 1720,2793 1745,2793 1771,2793 1796,2793 1822,2793 1847,2795 1872,2795 1898,2795 1923,2795 1949,2795 1974,2796 2000,2796 2025,2796 2051,2798"/>
                <TextEquiv>
                    <Unicode>anstößig worden.</Unicode>
                </TextEquiv>
            </TextLine>
            <TextLine id="r10l28" custom="readingOrder {index:27;}">
                <Coords points="1604,2917 1729,2900 1942,2941 1989,2901 2072,2936 2131,2901 2262,2925 2490,2903 2538,2931 2557,2859 2500,2835 2401,2886 2142,2823 1808,2816 1734,2853 1605,2822"/>
                <Baseline points="1611,2894 1660,2895 1709,2897 1759,2897 1808,2897 1858,2898 1907,2898 1956,2898 2006,2897 2055,2897 2105,2897 2154,2897 2204,2897 2253,2898 2302,2898 2352,2899 2401,2900 2451,2901 2500,2904 2550,2906"/>
                <TextEquiv>
                    <Unicode>Sie haben sich erstlich sonderbahrer und</Unicode>
                </TextEquiv>
            </TextLine>
            <TextLine id="r10l29" custom="readingOrder {index:28;}">
                <Coords points="1575,3015 2581,3001 2526,2941 2290,2969 2176,2914 2009,2976 1838,2915 1735,2965 1575,2948"/>
                <Baseline points="1581,2984 1630,2986 1680,2987 1729,2988 1779,2990 1829,2990 1878,2991 1928,2991 1978,2991 2027,2991 2077,2991 2127,2991 2176,2991 2226,2991 2276,2991 2325,2991 2375,2991 2425,2991 2474,2991 2524,2991 2574,2991"/>
                <TextEquiv>
                    <Unicode>hoher Offenbahrungen berühmet, zumahlen</Unicode>
                </TextEquiv>
            </TextLine>
            <TextLine id="r10l30" custom="readingOrder {index:29;}">
                <Coords points="1576,3090 1669,3118 1935,3091 2131,3128 2177,3100 2385,3121 2581,3086 2581,3033 2524,3019 2392,3024 2331,3069 2046,3073 1887,3011 1576,3014"/>
                <Baseline points="1583,3072 1632,3075 1682,3078 1731,3080 1781,3083 1830,3084 1880,3086 1929,3087 1979,3089 2028,3090 2078,3090 2128,3092 2177,3092 2227,3090 2276,3090 2326,3089 2375,3087 2425,3084 2474,3081 2524,3078 2574,3074"/>
                <TextEquiv>
                    <Unicode>von dem Christen mehrmahlen gehört, Es seyn</Unicode>
                </TextEquiv>
            </TextLine>
            <TextLine id="r10l31" custom="readingOrder {index:30;}">
                <Coords points="1577,3172 2431,3197 2550,3161 2550,3134 2356,3104 2252,3110 2170,3158 2059,3109 1923,3097 1730,3135 1577,3091"/>
                <Baseline points="1584,3164 1634,3164 1684,3165 1735,3165 1785,3167 1836,3168 1886,3168 1937,3170 1987,3171 2038,3171 2088,3171 2139,3171 2189,3171 2240,3171 2290,3170 2341,3170 2391,3168 2442,3165 2492,3162 2543,3158"/>
                <TextEquiv>
                    <Unicode>keine halbe Stund, daß er in dem Zimblischen</Unicode>
                </TextEquiv>
            </TextLine>
            <TextLine id="r10l32" custom="readingOrder {index:31;}">
                <Coords points="1557,3273 1757,3293 1994,3252 2063,3284 2219,3259 2408,3288 2456,3245 2539,3238 2336,3176 1557,3198"/>
                <Baseline points="1563,3246 1611,3246 1659,3246 1708,3246 1756,3248 1805,3248 1853,3248 1902,3248 1950,3248 1999,3246 2047,3246 2095,3246 2144,3246 2192,3245 2241,3245 2289,3243 2338,3242 2386,3240 2435,3239 2483,3237 2532,3236"/>
                <TextEquiv>
                    <Unicode>Rath geseßen. So haben sie sich außgelaßen</Unicode>
                </TextEquiv>
            </TextLine>
            <TextLine id="r10l33" custom="readingOrder {index:32;}">
                <Coords points="1570,3363 2470,3358 2592,3332 2592,3290 2243,3271 2044,3319 1820,3273 1570,3304"/>
                <Baseline points="1577,3330 1627,3332 1677,3333 1728,3335 1778,3335 1829,3335 1879,3336 1930,3336 1980,3336 2031,3335 2081,3335 2131,3335 2182,3333 2232,3333 2283,3332 2333,3332 2384,3330 2434,3330 2485,3329 2535,3329 2586,3329"/>
                <TextEquiv>
                    <Unicode>sie seyen vom heiligen Geist eingenommen,</Unicode>
                </TextEquiv>
            </TextLine>
            <TextLine id="r10l34" custom="readingOrder {index:33;}">
                <Coords points="2420,3431 2433,3434 2470,3418 2477,3422 2494,3416 2508,3421 2523,3418 2519,3351 2509,3356 2498,3351 2488,3358 2484,3355 2476,3361 2468,3358 2451,3364 2439,3360 2429,3370 2416,3372"/>
                <Baseline points="2426,3413 2456,3411 2486,3409 2516,3407"/>
                <TextEquiv>
                    <Unicode>und</Unicode>
                </TextEquiv>
            </TextLine>
            <TextLine id="r10l35" custom="readingOrder {index:34;}">
                <Coords points="2471,3500 2479,3499 2491,3483 2498,3480 2489,3431 2480,3433 2477,3432 2472,3437 2467,3435 2459,3436"/>
                <Baseline points="2471,3461 2487,3458"/>
                <TextEquiv>
                    <Unicode>1</Unicode>
                </TextEquiv>
            </TextLine>
            <TextEquiv>
                <Unicode>Informat. Continuatio s
249.
Wegen Hieronimus Nohter
Elias Bruchlhard, von Albligen,
Amts Schwartzenburg, verhürathet,
Alt 18. Jahr
Ob ihme nicht in Mußen, daß die Brudere
Kohler von Brügglen, seith ihrer Ban̄ir¬
sation sich wieder hier im Land einber¬
gfunden?
Er selbsten habe sie nicht gesehen, Sinter¬
mahl sie ihme nicht getrauwet, sonderen
als einen feind und Abtruunige auser
phern,
Er habe aber vielfaltig gehört, daß sie
da seyen, Er habe sie das letstemahl ge¬
gsehen zwey tag, ehe der Christen den
Ban̄isations- Eyd geschwohren.
Warumb er sich von diesen Leuthen abge¬
trennet, und sie verlaßen.
Weilen sie anfangs schöne und gute Reden
geführt, nachwerts aber solche Sachen vor¬
gebracht, die ihme anstößig vorkommen,
auch mit ihrem lebwesen Ursach geben sich
zu ärgerin
Was ihme dann in ihren Reden und Lehr
anstößig worden.
Sie haben sich erstlich sonderbahrer und
hoher Offenbahrungen berühmet, zumahlen
von dem Christen mehrmahlen gehört, Es seyn
keine halbe Stund, daß er in dem Zimblischen
Rath geseßen. So haben sie sich außgelaßen
sie seyen vom heiligen Geist eingenommen,
und
1</Unicode>
            </TextEquiv>
        </TextRegion>
        <TextRegion orientation="0.0" id="r11" custom="readingOrder {index:10;}">
            <Coords points="2583,2324 2583,2476 2598,2476 2598,2324"/>
            <TextLine id="r11l1" custom="readingOrder {index:0;}">
                <Coords points="2572,2460 2578,2460 2579,2462 2585,2460 2587,2462 2599,2462 2606,2410 2600,2409 2596,2403 2591,2405 2587,2401 2580,2401"/>
                <Baseline points="2583,2424 2598,2426"/>
                <TextEquiv>
                    <Unicode>7</Unicode>
                </TextEquiv>
            </TextLine>
            <TextEquiv>
                <Unicode>7</Unicode>
            </TextEquiv>
        </TextRegion>
    </Page>
</PcGts>
