3024 4032
148 2089 360 2211 Lucastel
243 2584 314 2697 3.
140 2987 332 3101 Quaest
237 353 360 422 284.
214 507 395 599 Qullet
254 1237 343 1358 3.
438 357 1186 520 Hieronimus Röhler.
431 482 1412 636 20ma. Ob er sich nicht mit schreiben ver¬
403 588 1404 728 sinne, daß er zu Brügglen in Gegen¬
383 672 1298 808 wart vieler gezeugen sagen dörffen
1296 730 1340 794 .
394 773 1368 906 (absit Blasphemia dicto) Bott
401 869 1406 997 seye ein Rügner, nachdem sein Inqui¬
388 949 1410 1118 siten Prophezeyung vom Ende der Welt¬
389 1056 799 1174 fehlgeschlagen.
394 1244 1382 1383 Nein, das könne er nicht gesagt haben.
370 2097 1327 2235 I. Ober sich eben beßer konneren.
358 2199 1346 2320 daß er sagen dörffen, Gott seye nicht
353 2285 1360 2423 ein gerechter Gott, wann ihre Verkündig
346 2394 1380 2525 igung auf die Gesetzte Zeit nicht eintreffen
346 2482 564 2592 bende
349 2587 1360 2705 Er könne sich nicht erinnerin diese Worte ge¬
320 2690 1345 2801 redet zu haben, wolle es aber auch nicht
341 2774 1345 2903 widersprechen, weilen der Beyeler solches
330 2866 850 3002 außtruckenlich sage.
359 2976 1345 3130 22. Ob ergleicher gestalten sich nicht
316 3083 1342 3211 reuhend erinneren wolle gleichmäßiger
326 3189 1342 3305 Gottslästerlicher Reden, welche er Inqui¬
313 3273 1331 3417 iset und sein Bruder auf dem Rantzfeld von
1178 3382 1340 3471 Gern
2513 429 2632 506 285.
1609 380 2624 584 Aussagen der Bezeugen
1806 510 2438 632 in Confrontatione
1769 642 1816 688 Mn
1507 631 2612 773 Ad Quasi. 20. nam Hans Stübj der Horn¬
1627 717 2607 857 . Richter zu Ruggisperg deponirt, daß seit
1624 797 2576 921 erster ihrer Außaag sich beyde Gebrüdere
1618 863 2612 989 Hans und Christen Streit vor ihme nommen¬
1624 953 2612 1061 iret, daß vorstehende schröckliche Wort von
1622 1020 2624 1153 dem Inquisiten aus gedeuter Veranlaßung
1618 1085 2517 1200 außgegoßen worden. Und als ihnen
1608 1155 2557 1267 Köhleren hierüber Vorstellungen gemachet.
1628 1249 2590 1358 worden, haben sie sich nicht gescheibet zu
1609 1316 2602 1427 sagen. Das seyen nun die Siben können,
1615 1394 2601 1504 welche der Johannes nicht habe dorffen schrei¬
1616 1481 1750 1560 yben.
1933 1479 2572 1590 Hans und Christen Streit
1625 1551 2601 1681 Bestätigen diese ihre Außaag dem Inqui¬
1621 1637 2604 1750 eiten under Augen, sich ferners beziehend
1605 1708 2514 1806 auf Muß Sachen den Schulmeister zu
1597 1788 2605 1887 Rohrbach, clavid Schwein Gruber Schulmei¬
1593 1859 2565 1982 ister zu Rüeggisperg, Christen Rohrbach¬
1612 1941 2601 2054 aus dem Wald im Ambt Schwartzenburg,
1596 2022 2618 2125 und Andere mehr. Die beyde Schulmeistere
1600 2099 2376 2210 wollen selbsten nichts gehöret haben.
1950 2193 2027 2263 d
2239 2214 2269 2259 1
1451 2206 2573 2319 Ad quaest. 21. Christen Zeyeler Zeuget,
1610 2288 2542 2408 daß er dieße schröckliche Worte mehr
1589 2368 2608 2487 mahlen sowohl von dem Christen, Als dem
1598 2456 2274 2571 Muß Kohler gehöret habe.
1860 2940 1996 3025 tan
1457 2961 1546 3071 Ad
1551 2975 2590 3098 Quast. 22. Hans Hand von Nydeck
1579 3048 2572 3170 Hans Guter auf dem Gubel und Christen
1582 3148 2545 3297 Gostettler im Kind, Alle drey aus der¬
1600 3245 2571 3351 Gemeind Mahleren und Amt Schwarzenburg
2345 3355 2598 3452 deponieren
