3024 4032
290 330 382 422 24.
396 408 455 531 2.
486 375 1450 529 Maria Tagg, die Hochoberbeitlich
479 464 1224 605 bestellte Gebammen declarierte:
557 583 1440 722 Heuth Morgens zlönschen 7. und
470 683 1458 792 8. Uhren, da Sie Berußs halber an einem
465 781 1491 901 Ohrt gebesen, seyn Sie Expresse von des¬
474 881 1464 1009 Walette jüngeren Tochter Bescheiden und¬
473 990 1474 1097 ihr angezeigt worden, ihre Schloester deß
468 1084 1494 1197 Valette Altere Tochter seÿn Kindbetterin
479 1184 1466 1286 worden, und das Kind seyn Tod, und sie¬
469 1295 1442 1413 louße nicht, Ob die Muter das Kind umb¬
470 1396 1438 1493 "gebracht, oder ob selbiges Tos zur Welt¬
473 1492 1504 1617 gekommen Morüber sie Deponentin Jehr¬
468 1592 1401 1715 erschrocken, und gedacht, die Sach möchte
460 1692 1411 1810 bedenklich werden, derobegen sie den
467 1795 1482 1907 Brübr Gschauber abgehohlt und ihne ersucht¬
464 1878 1485 1999 mit ihr zukommen. Da sie nun mit Einane¬
464 1980 1475 2075 der zu der Rindbetterin gekommen, habe
458 2064 1403 2186 der Meister Stempfli selbige über eint¬
453 2152 1464 2278 und Anders quastionirt. Sie Beponen
450 2255 1479 2369 tin dann habe Sie ins Besonders Befragt,
461 2350 1445 2482 Ob sie das Kind Auf- oder im Bett über¬
451 2452 1454 2583 kommen. Darauf Sie geantbortet im¬
448 2558 1476 2689 Bett: Übrigens aber habe Sie sie nichts¬
443 2661 1460 2787 gefragt, auch das Kind nicht gesehen,
449 2761 1466 2895 Die Rindbetterin seÿyn sehr schbach geben¬
439 2875 1476 2999 sen; Endtlich habe Sie Deponentinver¬
437 2969 1464 3093 "anstaltet, daß man der Rindbetterin ein¬
449 3070 1459 3199 lönng Suppen gebracht, und daß mann sie
446 3182 1473 3327 samt dem Kind Biß auf hohere Verordnung
443 3281 691 3382 verwahre.
657 3380 1325 3525 Abgelesen und bestätiget.
1667 2462 1744 2563 45
1666 447 1745 506 30
2693 366 2782 460 28.
1793 389 2725 578 Antoine Avril, Francow refugie
1764 543 2691 666 demeurant dans la meme Maison que
1762 631 2335 738 Maitre Valette, declare.
1841 723 2719 863 Quayant entendu par un bruit public
1769 842 2740 946 an Voisinage, quela Fille ainee de Maitre
1766 931 2735 1034 Valette ctort enceinte, il en avoit donne avis
2212 1014 2381 1081 il q a plu
2395 1026 2467 1081 de
1759 1012 2683 1140 an dit M Valette encore avant 3. moio
1759 1109 2710 1237 Que sur cela le Pere en avoit questione Sa¬
1766 1217 2712 1326 Fille, mais quelle avoit absolument mele
1754 1308 2689 1431 fait. Et que meme Elle avoit encore osi
1752 1418 2661 1520 nier pardevant le Consistoire Francois,
1748 1501 2677 1623 Zui Cavoit Interroge Jur la meme Ghose
1786 1580 1873 1644 ilq a
1757 1608 2680 1710 devant Un mois, que cetoit tout ce quil lug
1751 1709 2722 1807 ctoit Connu de cette avanture, 8 quebien¬
1745 1792 2722 1892 quil demeurae dansla meme Maison, Ane¬
1742 1893 2680 1975 Setoit point apperci des Conches de cette¬
2100 1967 2142 2009 ele
1745 1967 2718 2090 Fille, quil avoit tout Surprio ce Matin, lors
1757 2078 2625 2187 quil avoit appris ce qui Setoit passc.
1899 2235 2442 2383 Lu E Confirme.
1783 2434 2730 2564 Meister Jacob Juri. von Mihliber
1762 2531 2695 2651 Ein Strumpf Mäber in gleichem Honß
1765 2638 2298 2762 Wohnhafft, declarierte:
1860 2747 2728 2960 Sihon eineche Zeith daher habe die¬
1762 2918 2678 3036 gesambte Nachbahrschafft geglaubt, daß
1747 3021 2697 3142 deß Walette ältere Tochter schwänger
1743 3122 2685 3244 seye, und vor ohngefehrd 10. Wochen habe
1748 3215 2626 3367 sein Beponenten Braub diß Mensch¬
2377 3329 2657 3432 deßthalben
