3024 4032
155 2162 309 2303 17ag.
123 2736 318 2847 Antwort.
220 753 387 861 Antwort
412 435 1419 632 Ob er dennoch ab seyn dörffen, daß er zu wider MnrGHHr
414 582 1377 703 Befelch hin und wider verhandlungen gehalten, und
407 664 1313 797 in denenselben gelehrt und außgesprochen?
427 770 1387 888 Er müße bekennen, daß Er in verschiedenen ver¬
415 869 1403 1009 rsamlungen sich einbefunden, allein Er bezeuge, daß
413 952 1403 1080 Ihme selbsten lieber gewesen wäre, man hätte Ihne
404 1061 1417 1177 nicht dorthin beruffen, dann Er seye nicht von Selbsten
384 1145 1389 1274 sondern von ohngefehrd, oder auf begehren anderer
379 1223 1395 1371 Persohnen jetzweilen in dieselben gegangen, bei¬
373 1339 1409 1464 ger habe, also dergleichen versamlungen angestellet
379 1435 1383 1552 oder gehalten: Seit deme Er aber vor Mein gnädiger Herren der
371 1514 1345 1645 Religions- Com̅ission versprochen keine Ver¬
386 1620 1370 1742 samlungen mehr zu besuchen, habe Er sich in solchen
373 1714 1374 1835 mögends mehr sehen laßen; wohl aber, daß Er von
365 1787 1388 1924 ohngefehrd mit 3 oder 4. guten Freunden zusamen
359 1888 1383 2018 gekommen, und mit erbaulichen Gestrachen unter¬
368 1968 1346 2140 halten, welches aber gar keine Versamlung zu
361 2105 646 2193 nennen
371 2178 1369 2307 Ob Er dermahlen feyrlich verspreche, und angehobe
344 2281 1363 2410 sich solcher versamlungen zu müßigen, und daß
350 2379 1362 2504 lehrend und außsprechens, außert was seinem
350 2473 1342 2602 Schul, dienst anhängig seyn mag, gäntzlich zu¬
332 2559 1365 2668 müßigen, so lieb ihme die Oberkeitliche Gnad
344 2659 499 2785 seyn.
343 2743 1342 2886 Er verspreche aufs beste, deß Lehrend und auß¬
342 2852 1377 2984 sprechens, wie auch aller versamlungen sich zu müßigen,
317 2949 1356 3074 auch keine Gemeinschafft zu haben, mit deren die
322 3047 1359 3168 nicht deß sinnes wären, einer hohen Obrigkeit ohne
307 3143 1360 3268 außnahen zu gehorsammen, den offenthun Gottes, dienst
305 3239 1314 3367 zu besuchen, und das Lehr- Amt in Ehren zu halten.
1224 3407 1346 3533 Mag.
1477 524 1599 631 Nr. 19.
1461 880 1619 992 Anticont.
1460 1441 1594 1533 Sg.
1445 1720 1609 1821 Andtwort
1462 1899 1566 2033 Srag
1430 2090 1587 2185 Antwort
2529 438 2616 513 289.
1651 498 2618 684 Wie es komme, daß nicht Er und der Kistlig Bruder allein,
1617 609 2611 785 sonderen viele Andere diesers Anhangs sich dieser Tagen
1630 722 2603 872 atthier einbefunden, und was ihr Absehen darbey möge
1625 791 1920 916 gewesen seyn.
1652 888 2620 1030 Er für seine Persohn habe keine Absehen gehabt, als mit der
1625 990 2616 1116 nißtig Bruder die Supplication zu prosentieren, was
1616 1084 2623 1224 der anderen absehen gewesen, das möge er nit wüßen,
1619 1175 2612 1315 Ob Sie etwann auß Neüwgeirigkeit alharo gekommen
1621 1254 2604 1414 zumahlen von dem Muß Kohler so vieles geschwätzet
1622 1366 1900 1458 worden.
1649 1433 2594 1589 Was Er für Ursachen gehabt, so angelegenlich zu
1612 1542 2579 1668 begehren, von dem H. Vital verwalter verhöret
1608 1634 1939 1725 zu werden
1656 1718 2593 1857 Wegen obgedeuter Supplication, die Er ver¬
1621 1835 2540 1953 elangt hätte, daß sie vor MngnHerren kommen wären.
1619 1916 2626 2053 Ob Er dem H. Vitals verwalter nicht auch ansagen laßen.
1600 2033 2399 2142 Er wüße, wo der Christern Kohler sich befinde
2399 2022 2444 2140 .
1622 2108 2600 2232 Er habe Anders nichts sagen laßen, als daß ihrer zwey
1604 2189 2618 2323 von denen mit Ihme gefangenen sich heraußgelaßen
1594 2285 2578 2412 Sie wüßen, wo der Christern Koster seyn; Er aber
1598 2386 2571 2501 wüße anders nichts von Ihme, als was Er hin und
1578 2466 2429 2591 her von verschiedenen Leuthen gehöret.
1678 2564 2401 2706 Also abgelesen und bestähtiget.
1582 2628 2097 2769 Actum ut supra.
