3024 4032
317 318 432 402 108.
298 735 487 842 Iusticit.
410 1564 464 1661 3.
580 334 1254 494 Hieronimus Hug.
515 490 1438 603 hieder angetroffen, mit welchem er ins
501 574 1317 710 Wihrts Hauß gahn könitz gewesen.
521 711 1458 845 Er seye gleich wohl von Anfang biß zu End¬
496 808 1389 923 darbey gewesen, und mueße folglich ein
492 886 1462 1032 mehrere gesehen oder gethan haben, und da¬
490 961 1455 1089 er mithin einen gegründeten Verdacht auf
481 1057 1461 1179 sich habe, so solle er eintweders die wahren¬
481 1128 1413 1255 Umbstände und Thätern der Schlägerey
470 1219 1468 1339 hervorgeben, oder er werde die Verant¬
481 1306 1425 1428 wortung auf sich selbst laden, umb so da¬
478 1388 1487 1487 mehr, als er sich verlanten laßen, daß er
484 1472 844 1610 wollen scheiden?
495 1550 1459 1672 Er könne mit Gewißen und müßen einmahl
491 1644 1441 1744 ein mehrers nicht reden, habe niemand ge¬
479 1712 1474 1836 ukennet, weilen es finster gewesen, sonsten
469 1804 1029 1915 würde er es gerne sagen.
478 1886 1458 2029 Ob in dem MihrtsHauß zu König Er mit
396 1919 456 2009 I
464 1982 1464 2106 dem Scherz von der Schlägerey nichts ge¬
448 2049 653 2149 eredet.
391 2129 618 2270 G. Nein.
460 2277 1444 2443 Hierauff wurde der Inquisit gegenden
461 2404 1418 2509 Schertz Confrontiert, welcher ihme vorge¬
443 2489 1461 2610 rhalten, daß auf dem Heimb Weg von Könitz
440 2581 1458 2703 gegen Liebeweyl der Zug, ihme selbsten ge¬
410 2655 1443 2788 sagt, er habe mit seinem steckli Bratt auf
428 2747 1004 2868 die Ballmer geschlagen:
422 2852 1431 2965 Der Jug, laugnete auch dieses nicht lang
419 2927 1399 3062 sagte aber, Er habe dieses dem Scherz zu¬
419 3000 1440 3119 gefallen geredet, damit er nichts an ihme
413 3091 1449 3227 görne, als wann er es mit denen Ballmeren
404 3174 722 3275 gehabt hätte.
406 3266 1459 3426 zulezt wurde zug, nochmahlen vermahnt
1311 3401 1402 3495 und
1569 508 1752 684 besagt
1652 724 1729 835 9.
2692 351 2817 443 109.
1799 336 2528 528 Hierommes Hugi.
1793 527 2782 656 Ob er noch allzeit erharten wolle, daß er keiner
1736 609 2689 736 von denen gekennet, welche zugeschlagen
1744 698 2760 818 Er habe sie wohl gekennet, aber niemand sehen
1727 808 1961 893 schlagen.
1839 864 2474 987 Abgelesen und bestätiget.
