<?xml version="1.0" encoding="UTF-8" standalone="yes"?>
<PcGts xmlns="http://schema.primaresearch.org/PAGE/gts/pagecontent/2013-07-15" xmlns:xsi="http://www.w3.org/2001/XMLSchema-instance" xsi:schemaLocation="http://schema.primaresearch.org/PAGE/gts/pagecontent/2013-07-15 http://schema.primaresearch.org/PAGE/gts/pagecontent/2013-07-15/pagecontent.xsd">
    <Metadata>
        <Creator>prov=University of Rostock/Institute of Mathematics/CITlab|PLANET AI GmbH/Gundram Leifert/gundram.leifert@planet-ai.de:name=Transkribus German Kurrent M2(htr_id=29820)::::v=2.6.7
prov=University of Rostock/Institute of Mathematics/CITlab|PLANET AI GmbH/Tobias Gruening/tobias.gruening@planet-ai.de:name=de.uros.citlab.module.baseline2polygon.B2PSeamMultiOriented:v=2.6.7
prov=University of Rostock/Institute of Mathematics/CITlab|PLANET AI GmbH/Tobias Gruening/tobias.gruening@planet-ai.de:name=/net_tf/LA73_249_0mod360.pb:de.uros.citlab.segmentation.CITlab_LA_ML:v=2.6.7
Transkribus</Creator>
        <Created>2022-05-02T15:21:57.609+02:00</Created>
        <LastChange>2022-09-12T15:26:12.600+02:00</LastChange>
        <TranskribusMetadata docId="1334850" pageId="52362546" pageNr="17" tsid="114644355" status="IN_PROGRESS" userId="9570" imgUrl="https://files.transkribus.eu/Get?id=IPDZQXSKMOWYZJBBDUQMCMUV&amp;fileType=view" xmlUrl="https://files.transkribus.eu/Get?id=NSSEALUEMIAZJDJUXKNEFTLH" imageId="30687583"/>
    </Metadata>
    <Page imageFilename="IMG_6830.jpg" imageWidth="3024" imageHeight="4032">
        <ReadingOrder>
            <OrderedGroup id="ro_1687513626235" caption="Regions reading order">
                <RegionRefIndexed index="0" regionRef="r1"/>
                <RegionRefIndexed index="1" regionRef="r2"/>
                <RegionRefIndexed index="2" regionRef="r3"/>
                <RegionRefIndexed index="3" regionRef="r4"/>
            </OrderedGroup>
        </ReadingOrder>
        <TextRegion orientation="0.0" id="r1" custom="readingOrder {index:0;}">
            <Coords points="303,314 303,467 384,467 384,314"/>
            <TextLine id="r1l1" custom="readingOrder {index:0;}">
                <Coords points="296,434 339,426 354,436 365,437 367,434 373,438 382,429 391,429 391,377 376,380 355,360 332,360 326,356 321,360 296,362"/>
                <Baseline points="303,417 330,414 357,415 384,417"/>
                <TextEquiv>
                    <Unicode>28.</Unicode>
                </TextEquiv>
            </TextLine>
            <TextEquiv>
                <Unicode>28.</Unicode>
            </TextEquiv>
        </TextRegion>
        <TextRegion orientation="0.0" id="r2" custom="readingOrder {index:1;}">
            <Coords points="419,400 419,3555 1481,3555 1481,400"/>
            <TextLine id="r2l1" custom="readingOrder {index:0;}">
                <Coords points="1338,458 1346,460 1347,462 1354,459 1365,462 1374,424 1368,422 1356,428 1353,424 1346,423"/>
                <Baseline points="1347,450 1361,453"/>
                <TextEquiv>
                    <Unicode></Unicode>
                </TextEquiv>
            </TextLine>
            <TextLine id="r2l2" custom="readingOrder {index:1;}">
                <Coords points="502,506 619,519 741,479 1067,464 1283,479 1338,449 1335,391 1283,367 1117,405 979,382 893,422 838,391 694,399 619,451 555,409 498,420"/>
                <Baseline points="507,474 548,474 589,473 630,471 671,469 713,468 754,466 795,464 836,462 877,458 919,456 960,453 1001,451 1042,449 1083,447 1125,446 1166,444 1207,443 1248,443 1289,443 1331,443"/>
                <TextEquiv>
                    <Unicode>Junz hinterbracht, welcher so dann</Unicode>
                </TextEquiv>
            </TextLine>
            <TextLine id="r2l3" custom="readingOrder {index:2;}">
                <Coords points="485,603 634,564 817,580 867,548 1109,545 1248,581 1281,554 1463,555 1462,509 1399,490 1285,506 1104,465 927,518 827,491 788,519 679,489 574,529 483,511"/>
                <Baseline points="491,569 539,567 587,564 635,560 684,558 732,555 780,551 829,548 877,545 925,543 974,540 1022,539 1070,537 1118,537 1167,537 1215,538 1263,539 1312,542 1360,546 1408,551 1457,557"/>
                <TextEquiv>
                    <Unicode>herunter gekommen und bißen wollen</Unicode>
                </TextEquiv>
            </TextLine>
            <TextLine id="r2l4" custom="readingOrder {index:3;} person {offset:29; length:7; continued:true;}">
                <Coords points="490,685 939,676 1107,622 1245,669 1477,657 1475,605 1408,572 1119,581 1068,543 960,609 889,558 848,593 487,608"/>
                <Baseline points="495,662 543,659 592,656 641,653 690,650 738,645 787,643 836,639 885,635 933,632 982,630 1031,627 1080,626 1128,624 1177,624 1226,626 1275,628 1323,632 1372,635 1421,641 1470,648"/>
                <TextEquiv>
                    <Unicode>Bad es seÿn, Morauf dann der Meiser¬</Unicode>
                </TextEquiv>
            </TextLine>
            <TextLine id="r2l5" custom="readingOrder {index:4;} person {offset:0; length:7; continued:true;}">
                <Coords points="493,795 788,785 930,735 1033,770 1157,742 1207,779 1363,741 1361,700 1312,669 1220,682 1095,650 970,711 923,669 490,706"/>
                <Baseline points="498,762 540,759 583,757 626,755 669,752 712,748 755,746 798,744 841,741 884,739 927,737 969,735 1012,733 1055,732 1098,731 1141,731 1184,731 1227,732 1270,734 1313,736 1356,738"/>
                <TextEquiv>
                    <Unicode>valette gesagt, Seine Tochter seÿn</Unicode>
                </TextEquiv>
            </TextLine>
            <TextLine id="r2l6" custom="readingOrder {index:5;}">
                <Coords points="478,875 606,895 996,849 1216,887 1377,843 1488,868 1486,793 1309,795 1173,751 1020,788 974,757 755,832 614,775 477,802"/>
                <Baseline points="485,866 534,863 584,859 634,857 684,854 734,850 783,846 833,843 883,840 933,838 983,836 1032,834 1082,833 1132,833 1182,834 1232,834 1281,837 1331,840 1381,845 1431,851 1481,858"/>
                <TextEquiv>
                    <Unicode>Kindbetteri borden. Weiters aber¬</Unicode>
                </TextEquiv>
            </TextLine>
            <TextLine id="r2l7" custom="readingOrder {index:6;}">
                <Coords points="486,992 523,979 564,989 594,968 669,991 691,966 738,974 893,925 889,871 858,867 783,917 704,895 583,913 522,900 507,917 481,916"/>
                <Baseline points="491,959 517,958 543,957 570,956 596,954 623,953 649,951 675,950 702,948 728,946 755,944 781,942 807,940 834,938 860,937 887,935"/>
                <TextEquiv>
                    <Unicode>läuße Er nichts</Unicode>
                </TextEquiv>
            </TextLine>
            <TextLine id="r2l8" custom="readingOrder {index:7;}">
                <Coords points="584,1087 633,1104 677,1076 712,1092 948,1055 1285,1065 1282,974 1184,961 1069,986 964,956 877,1015 817,983 737,1002 581,980"/>
                <Baseline points="590,1053 624,1052 658,1050 693,1050 727,1047 761,1046 796,1044 830,1043 864,1041 899,1040 933,1038 967,1036 1002,1035 1036,1034 1070,1034 1105,1034 1139,1034 1173,1035 1208,1037 1242,1038 1277,1040"/>
                <TextEquiv>
                    <Unicode>Abgelesen und bestätiget.</Unicode>
                </TextEquiv>
            </TextLine>
            <TextLine id="r2l9" custom="readingOrder {index:8;} person {offset:10; length:15; continued:true;}">
                <Coords points="413,1293 815,1235 1416,1259 1466,1244 1465,1176 1081,1125 986,1185 861,1126 668,1197 551,1152 411,1181"/>
                <Baseline points="419,1254 471,1253 523,1250 575,1248 627,1246 679,1244 731,1242 783,1239 835,1238 887,1236 939,1235 991,1233 1043,1232 1095,1232 1147,1232 1199,1232 1251,1233 1303,1235 1355,1237 1407,1241 1460,1244"/>
                <TextEquiv>
                    <Unicode>6. Mattre Bernard Valette</Unicode>
                </TextEquiv>
            </TextLine>
            <TextLine id="r2l10" custom="readingOrder {index:9;} person {offset:0; length:18; continued:true;}">
                <Coords points="464,1394 527,1410 608,1361 858,1364 945,1396 1141,1338 1259,1373 1428,1350 1382,1295 1313,1315 1261,1272 985,1313 870,1283 816,1321 743,1275 543,1312 464,1290"/>
                <Baseline points="471,1350 518,1350 566,1350 613,1350 661,1350 708,1350 756,1350 803,1350 851,1349 898,1349 946,1349 993,1349 1041,1347 1088,1347 1136,1347 1183,1347 1231,1347 1278,1347 1326,1347 1373,1347 1421,1349"/>
                <TextEquiv>
                    <Unicode>Natis du Lanquedoc refugie Faiseur¬</Unicode>
                </TextEquiv>
            </TextLine>
            <TextLine id="r2l11" custom="readingOrder {index:10;}">
                <Coords points="477,1458 979,1488 1340,1452 1477,1471 1477,1420 1379,1420 1336,1377 1262,1417 882,1374 752,1416 612,1376 528,1410 477,1391"/>
                <Baseline points="483,1448 532,1448 581,1448 631,1448 680,1449 729,1449 779,1449 828,1449 877,1449 927,1449 976,1449 1025,1448 1075,1448 1124,1448 1173,1448 1223,1449 1272,1449 1321,1449 1371,1449 1420,1449 1470,1451"/>
                <TextEquiv>
                    <Unicode>de Bas, age de 60. Ans. declare en bonne¬</Unicode>
                </TextEquiv>
            </TextLine>
            <TextLine id="r2l12" custom="readingOrder {index:11;}">
                <Coords points="476,1573 507,1562 541,1568 584,1553 618,1559 663,1550 693,1569 736,1549 760,1549 760,1509 719,1517 653,1507 629,1517 592,1499 567,1507 546,1489 476,1481"/>
                <Baseline points="483,1551 510,1548 537,1546 564,1545 591,1544 618,1544 645,1545 672,1545 699,1546 726,1547 753,1548"/>
                <TextEquiv>
                    <Unicode>Conscience.</Unicode>
                </TextEquiv>
            </TextLine>
            <TextLine id="r2l13" custom="readingOrder {index:12;}">
                <Coords points="591,1659 1290,1682 1465,1649 1465,1598 1408,1625 1252,1592 991,1617 592,1571"/>
                <Baseline points="597,1644 640,1647 683,1647 726,1649 769,1650 812,1650 855,1650 898,1651 941,1652 984,1652 1027,1652 1070,1652 1113,1652 1156,1652 1199,1653 1242,1653 1285,1653 1328,1655 1371,1655 1414,1656 1458,1658"/>
                <TextEquiv>
                    <Unicode>Que non Seulement il avoitignore</Unicode>
                </TextEquiv>
            </TextLine>
            <TextLine id="r2l14" custom="readingOrder {index:13;}">
                <Coords points="474,1761 828,1778 1006,1743 1124,1777 1334,1749 1473,1779 1474,1693 1217,1722 1001,1676 878,1717 475,1689"/>
                <Baseline points="480,1740 529,1740 578,1740 628,1740 677,1740 726,1740 776,1740 825,1742 874,1742 924,1742 973,1742 1022,1743 1072,1743 1121,1744 1170,1745 1220,1745 1269,1746 1318,1748 1368,1748 1417,1749 1467,1751"/>
                <TextEquiv>
                    <Unicode>que sa malheureuse Fille setrouvatencein¬</Unicode>
                </TextEquiv>
            </TextLine>
            <TextLine id="r2l15" custom="readingOrder {index:14;}">
                <Coords points="473,1885 763,1846 1452,1877 1452,1824 1307,1793 1185,1825 1084,1782 474,1810"/>
                <Baseline points="480,1838 528,1839 576,1839 624,1840 673,1841 721,1842 769,1842 817,1843 866,1844 914,1844 962,1845 1010,1845 1059,1845 1107,1847 1155,1847 1203,1847 1252,1847 1300,1847 1348,1848 1396,1848 1445,1848"/>
                <TextEquiv>
                    <Unicode>te, mais que sur des soubcons, queles Vor¬</Unicode>
                </TextEquiv>
            </TextLine>
            <TextLine id="r2l16" custom="readingOrder {index:15;}">
                <Coords points="462,1949 1411,1973 1449,1960 1450,1907 941,1879 828,1918 615,1875 462,1916"/>
                <Baseline points="468,1934 516,1935 565,1937 614,1938 663,1940 711,1940 760,1941 809,1941 858,1942 906,1943 955,1943 1004,1943 1053,1943 1101,1943 1150,1944 1199,1944 1248,1944 1296,1944 1345,1944 1394,1944 1443,1944"/>
                <TextEquiv>
                    <Unicode>sins lui en avoient donne, layant vivi¬</Unicode>
                </TextEquiv>
            </TextLine>
            <TextLine id="r2l17" custom="readingOrder {index:16;}">
                <Coords points="474,2047 1339,2073 1456,2042 1456,1988 1299,2017 1066,1979 958,2003 890,1972 738,2016 644,1970 474,2007"/>
                <Baseline points="480,2033 528,2034 576,2036 625,2037 673,2039 722,2039 770,2039 819,2040 867,2040 916,2039 964,2039 1012,2039 1061,2039 1109,2038 1158,2037 1206,2037 1255,2037 1303,2036 1352,2036 1400,2036 1449,2036"/>
                <TextEquiv>
                    <Unicode>ment Interroge &amp; pressee plusieurs fois</Unicode>
                </TextEquiv>
            </TextLine>
            <TextLine id="r2l18" custom="readingOrder {index:17;}">
                <Coords points="453,2155 1180,2134 1426,2169 1426,2092 1388,2084 1249,2111 1102,2074 991,2113 820,2069 712,2113 505,2057 453,2090"/>
                <Baseline points="459,2127 507,2130 555,2133 603,2134 651,2136 699,2136 747,2136 795,2136 843,2136 891,2136 939,2135 987,2135 1035,2133 1083,2133 1131,2132 1179,2132 1227,2130 1275,2130 1323,2130 1371,2130 1419,2132"/>
                <TextEquiv>
                    <Unicode>destui avouer, Elle avoit Constamment,</Unicode>
                </TextEquiv>
            </TextLine>
            <TextLine id="r2l19" custom="readingOrder {index:18;}">
                <Coords points="1425,2139 1433,2141 1440,2150 1442,2149 1445,2153 1450,2154 1464,2086 1456,2084 1453,2085 1449,2082 1437,2082"/>
                <Baseline points="1433,2133 1448,2136"/>
                <TextEquiv>
                    <Unicode></Unicode>
                </TextEquiv>
            </TextLine>
            <TextLine id="r2l20" custom="readingOrder {index:19;}">
                <Coords points="465,2257 1072,2236 1231,2277 1365,2241 1365,2195 1214,2205 1167,2174 1034,2205 838,2167 664,2209 465,2177"/>
                <Baseline points="471,2231 515,2232 559,2234 604,2235 648,2235 693,2235 737,2235 781,2235 826,2235 870,2235 915,2234 959,2234 1003,2233 1048,2232 1092,2232 1137,2231 1181,2231 1225,2229 1270,2229 1314,2229 1359,2229"/>
                <TextEquiv>
                    <Unicode>nii; que Meme Monsieur le Ministre</Unicode>
                </TextEquiv>
            </TextLine>
            <TextLine id="r2l21" custom="readingOrder {index:20;}">
                <Coords points="443,2343 521,2386 584,2350 818,2337 1329,2354 1452,2340 1452,2258 1323,2298 1214,2265 1043,2308 997,2279 443,2283"/>
                <Baseline points="449,2328 498,2330 548,2331 598,2331 648,2333 698,2333 748,2333 797,2333 847,2333 897,2333 947,2333 997,2333 1047,2332 1097,2331 1146,2331 1196,2330 1246,2330 1296,2329 1346,2328 1396,2328 1446,2327"/>
                <TextEquiv>
                    <Unicode>Betrey Cavoit faite venir par devant le¬</Unicode>
                </TextEquiv>
            </TextLine>
            <TextLine id="r2l22" custom="readingOrder {index:21;}">
                <Coords points="450,2484 710,2437 1123,2470 1440,2443 1439,2387 1392,2374 1045,2403 820,2380 689,2411 611,2379 575,2407 449,2388"/>
                <Baseline points="456,2427 504,2429 553,2430 602,2430 651,2432 700,2432 749,2432 797,2432 846,2432 895,2432 944,2430 993,2430 1042,2429 1091,2429 1139,2427 1188,2427 1237,2426 1286,2426 1335,2424 1384,2423 1433,2423"/>
                <TextEquiv>
                    <Unicode>Consistoire, on parcillement elle avoit¬</Unicode>
                </TextEquiv>
            </TextLine>
            <TextLine id="r2l23" custom="readingOrder {index:22;}">
                <Coords points="449,2536 711,2531 850,2570 958,2532 1297,2574 1444,2536 1444,2488 1156,2506 1101,2465 1016,2502 957,2468 921,2491 537,2461 449,2492"/>
                <Baseline points="456,2520 505,2523 554,2525 603,2526 652,2528 701,2529 750,2529 799,2531 848,2531 897,2531 946,2531 995,2531 1044,2531 1093,2531 1142,2531 1191,2529 1240,2529 1289,2529 1338,2531 1387,2531 1437,2531"/>
                <TextEquiv>
                    <Unicode>absolument nie, quelle setrouvat grosse¬</Unicode>
                </TextEquiv>
            </TextLine>
            <TextLine id="r2l24" custom="readingOrder {index:23;}">
                <Coords points="569,2649 726,2682 785,2644 1194,2672 1461,2637 1461,2605 1352,2575 1250,2593 1173,2570 991,2626 914,2597 744,2610 652,2547 569,2570"/>
                <Baseline points="576,2634 622,2636 668,2637 714,2639 761,2640 807,2640 853,2642 899,2642 946,2642 992,2642 1038,2642 1084,2642 1131,2642 1177,2642 1223,2642 1269,2642 1316,2642 1362,2643 1408,2643 1455,2643"/>
                <TextEquiv>
                    <Unicode>Que de plus, pour etre Sur dela Chose¬</Unicode>
                </TextEquiv>
            </TextLine>
            <TextLine id="r2l25" custom="readingOrder {index:24;}">
                <Coords points="452,2738 616,2778 1025,2731 1126,2735 1183,2778 1458,2752 1458,2685 1281,2693 1240,2655 1012,2692 915,2656 799,2688 452,2672"/>
                <Baseline points="459,2729 508,2730 558,2732 607,2732 657,2733 707,2733 756,2733 806,2733 855,2733 905,2732 955,2732 1004,2732 1054,2732 1103,2730 1153,2730 1203,2730 1252,2732 1302,2732 1351,2733 1401,2735 1451,2736"/>
                <TextEquiv>
                    <Unicode>il avoit demande sa Fille Cadette, qui Cou¬</Unicode>
                </TextEquiv>
            </TextLine>
            <TextLine id="r2l26" custom="readingOrder {index:25;}">
                <Coords points="452,2859 596,2837 755,2866 812,2832 1080,2871 1239,2841 1295,2870 1442,2842 1442,2767 1163,2791 1016,2766 835,2808 667,2801 599,2763 452,2805"/>
                <Baseline points="459,2832 507,2833 556,2834 605,2834 654,2834 703,2835 752,2835 800,2835 849,2835 898,2837 947,2837 996,2837 1045,2835 1094,2835 1142,2835 1191,2834 1240,2834 1289,2832 1338,2831 1387,2829 1436,2826"/>
                <TextEquiv>
                    <Unicode>choit toujouro avec lautre, selle etoit¬</Unicode>
                </TextEquiv>
            </TextLine>
            <TextLine id="r2l27" custom="readingOrder {index:26;}">
                <Coords points="444,2992 755,2945 1273,2971 1414,2934 1414,2864 1230,2889 1150,2864 1023,2907 930,2866 846,2911 619,2901 580,2869 443,2900"/>
                <Baseline points="450,2933 497,2933 545,2933 593,2934 641,2934 689,2934 737,2934 784,2934 832,2933 880,2933 928,2933 976,2933 1024,2933 1072,2931 1119,2931 1167,2931 1215,2930 1263,2930 1311,2930 1359,2930 1407,2928"/>
                <TextEquiv>
                    <Unicode>reglee, Jur quoy elle lui avoit repondu</Unicode>
                </TextEquiv>
            </TextLine>
            <TextLine id="r2l28" custom="readingOrder {index:27;}">
                <Coords points="443,3068 849,3038 972,3081 1161,3041 1251,3086 1312,3047 1460,3043 1460,2996 1360,2983 1300,3016 1248,2990 1013,3019 979,2988 884,3014 709,3011 649,2973 443,2992"/>
                <Baseline points="450,3038 500,3038 550,3038 600,3038 650,3038 701,3039 751,3039 801,3039 851,3039 901,3039 952,3039 1002,3039 1052,3039 1102,3039 1152,3039 1203,3038 1253,3038 1303,3036 1353,3036 1403,3035 1454,3033"/>
                <TextEquiv>
                    <Unicode>quoni &amp; que meme il nu a pas long tems¬</Unicode>
                </TextEquiv>
            </TextLine>
            <TextLine id="r2l29" custom="readingOrder {index:28;}">
                <Coords points="458,3140 667,3169 1216,3146 1290,3193 1362,3151 1471,3151 1471,3076 1177,3118 956,3071 458,3089"/>
                <Baseline points="464,3132 514,3134 564,3136 614,3137 664,3138 714,3140 764,3140 814,3140 864,3141 914,3141 964,3140 1014,3140 1064,3140 1114,3139 1164,3138 1214,3138 1264,3137 1314,3137 1364,3135 1414,3135 1464,3134"/>
                <TextEquiv>
                    <Unicode>il avoit vu Unc S. v: Chemise ensanglantee</Unicode>
                </TextEquiv>
            </TextLine>
            <TextLine id="r2l30" custom="readingOrder {index:29;}">
                <Coords points="437,3260 1059,3275 1384,3246 1384,3212 1261,3180 1098,3219 745,3213 597,3168 438,3196"/>
                <Baseline points="444,3233 490,3234 537,3236 583,3239 630,3240 677,3241 723,3242 770,3243 817,3243 863,3244 910,3245 957,3245 1003,3245 1050,3245 1097,3245 1143,3245 1190,3245 1237,3245 1283,3245 1330,3245 1377,3245"/>
                <TextEquiv>
                    <Unicode>qui lavoit un peu rassurce Contre Ses¬</Unicode>
                </TextEquiv>
            </TextLine>
            <TextLine id="r2l31" custom="readingOrder {index:30;}">
                <Coords points="449,3385 1118,3347 1303,3390 1389,3343 1444,3353 1444,3321 1332,3295 1068,3316 982,3276 868,3298 766,3270 663,3319 542,3282 449,3308"/>
                <Baseline points="455,3339 504,3341 553,3341 602,3342 651,3342 700,3342 749,3344 798,3344 847,3344 896,3345 946,3345 995,3345 1044,3345 1093,3345 1142,3345 1191,3345 1240,3345 1289,3345 1338,3345 1387,3344 1437,3344"/>
                <TextEquiv>
                    <Unicode>Soubsons. Quil navoit done rien Suffni¬</Unicode>
                </TextEquiv>
            </TextLine>
            <TextLine id="r2l32" custom="readingOrder {index:31;}">
                <Coords points="439,3452 1464,3463 1433,3391 1258,3412 1158,3370 1080,3420 866,3418 788,3383 439,3410"/>
                <Baseline points="446,3434 496,3435 547,3437 597,3437 648,3438 698,3440 749,3440 799,3440 850,3441 900,3441 951,3441 1002,3441 1052,3441 1103,3441 1153,3441 1204,3441 1254,3440 1305,3440 1355,3440 1406,3438 1457,3438"/>
                <TextEquiv>
                    <Unicode>aprea de plus Jusques a aujourdhui matin,</Unicode>
                </TextEquiv>
            </TextLine>
            <TextLine id="r2l33" custom="readingOrder {index:32;}">
                <Coords points="1324,3541 1338,3539 1349,3547 1368,3540 1378,3549 1398,3553 1406,3561 1417,3551 1425,3551 1423,3495 1414,3495 1404,3502 1392,3495 1382,3498 1367,3493 1351,3480 1337,3491 1323,3491"/>
                <Baseline points="1331,3533 1360,3531 1389,3531 1418,3530"/>
                <TextEquiv>
                    <Unicode>lois</Unicode>
                </TextEquiv>
            </TextLine>
            <TextEquiv>
                <Unicode>
Junz hinterbracht, welcher so dann
herunter gekommen und bißen wollen
Bad es seÿn, Morauf dann der Meiser¬
valette gesagt, Seine Tochter seÿn
Kindbetteri borden. Weiters aber¬
läuße Er nichts
Abgelesen und bestätiget.
6. Mattre Bernard Valette
Natis du Lanquedoc refugie Faiseur¬
de Bas, age de 60. Ans. declare en bonne¬
Conscience.
Que non Seulement il avoitignore
que sa malheureuse Fille setrouvatencein¬
te, mais que sur des soubcons, queles Vor¬
sins lui en avoient donne, layant vivi¬
ment Interroge &amp; pressee plusieurs fois
destui avouer, Elle avoit Constamment,

nii; que Meme Monsieur le Ministre
Betrey Cavoit faite venir par devant le¬
Consistoire, on parcillement elle avoit¬
absolument nie, quelle setrouvat grosse¬
Que de plus, pour etre Sur dela Chose¬
il avoit demande sa Fille Cadette, qui Cou¬
choit toujouro avec lautre, selle etoit¬
reglee, Jur quoy elle lui avoit repondu
quoni &amp; que meme il nu a pas long tems¬
il avoit vu Unc S. v: Chemise ensanglantee
qui lavoit un peu rassurce Contre Ses¬
Soubsons. Quil navoit done rien Suffni¬
aprea de plus Jusques a aujourdhui matin,
lois</Unicode>
            </TextEquiv>
        </TextRegion>
        <TextRegion orientation="0.0" id="r3" custom="readingOrder {index:2;}">
            <Coords points="1740,411 1740,3375 2795,3375 2795,411"/>
            <TextLine id="r3l1" custom="readingOrder {index:0;}">
                <Coords points="1759,546 1983,501 2153,523 2246,489 2734,468 2731,404 2671,383 2312,422 2249,388 2072,450 1888,419 1754,438"/>
                <Baseline points="1763,498 1811,498 1859,498 1907,498 1955,497 2003,495 2051,494 2100,492 2148,489 2196,487 2244,485 2292,482 2340,478 2388,476 2437,473 2485,470 2533,467 2581,464 2629,461 2677,459 2726,456"/>
                <TextEquiv>
                    <Unicode>lors quentre les 7. Et. 8. Heures sa Fille¬</Unicode>
                </TextEquiv>
            </TextLine>
            <TextLine id="r3l2" custom="readingOrder {index:1;}">
                <Coords points="1753,651 1847,606 2582,604 2768,569 2738,532 2562,546 2513,509 2341,546 2242,506 2082,561 1750,551"/>
                <Baseline points="1758,597 1808,597 1858,597 1908,596 1958,595 2009,594 2059,593 2109,591 2159,589 2209,588 2260,585 2310,584 2360,581 2410,579 2460,578 2511,575 2561,573 2611,572 2661,569 2711,567 2762,566"/>
                <TextEquiv>
                    <Unicode>Cadette etoit venue Capeller dehors pour¬</Unicode>
                </TextEquiv>
            </TextLine>
            <TextLine id="r3l3" custom="readingOrder {index:2;}">
                <Coords points="1753,729 1845,705 1943,741 2246,688 2338,722 2387,685 2623,665 2752,695 2802,662 2799,579 2674,584 2562,643 2426,611 2302,646 2224,613 2033,667 1853,619 1751,651"/>
                <Baseline points="1758,687 1809,689 1861,689 1913,690 1965,690 2017,689 2069,687 2120,687 2172,685 2224,683 2276,681 2328,678 2380,676 2432,674 2483,671 2535,669 2587,667 2639,665 2691,662 2743,661 2795,659"/>
                <TextEquiv>
                    <Unicode>lug dire quelque Chose, quil avoit dabord</Unicode>
                </TextEquiv>
            </TextLine>
            <TextLine id="r3l4" custom="readingOrder {index:3;}">
                <Coords points="1763,804 2739,793 2736,700 1762,753"/>
                <Baseline points="1769,791 1817,792 1865,792 1913,792 1961,792 2009,791 2057,790 2106,789 2154,786 2202,785 2250,782 2298,780 2346,779 2394,776 2443,774 2491,771 2539,769 2587,767 2635,765 2683,764 2732,762"/>
                <TextEquiv>
                    <Unicode>eu de Vemotion de cela e avoit demande,</Unicode>
                </TextEquiv>
            </TextLine>
            <TextLine id="r3l5" custom="readingOrder {index:4;}">
                <Coords points="1763,908 2607,904 2781,874 2780,813 2483,855 2274,826 2214,861 2035,862 1938,828 1762,861"/>
                <Baseline points="1769,885 1819,885 1869,885 1919,885 1970,885 2020,885 2070,885 2120,884 2171,884 2221,882 2271,882 2321,881 2372,879 2422,879 2472,877 2522,875 2573,873 2623,872 2673,869 2723,866 2774,863"/>
                <TextEquiv>
                    <Unicode>Si cetoit quelle auroit appris que sa Scur</Unicode>
                </TextEquiv>
            </TextLine>
            <TextLine id="r3l6" custom="readingOrder {index:5;}">
                <Coords points="1763,998 2033,1025 2347,985 2441,1012 2702,966 2701,912 2501,951 2390,920 2277,956 2142,923 2080,961 1762,922"/>
                <Baseline points="1769,983 1815,983 1861,984 1908,984 1954,984 2000,984 2047,984 2093,984 2139,983 2186,983 2232,983 2278,981 2325,980 2371,979 2417,977 2464,976 2510,974 2556,971 2603,969 2649,968 2696,965"/>
                <TextEquiv>
                    <Unicode>etoit grosse, quelle repondit que cetoit.</Unicode>
                </TextEquiv>
            </TextLine>
            <TextLine id="r3l7" custom="readingOrder {index:6;}">
                <Coords points="1904,1046 1915,1047 1919,1043 1929,1046 1941,1041 1945,1045 1954,1042 1968,1052 1984,1047 1984,1008 1973,1008 1971,1011 1958,1003 1955,1006 1942,1004 1919,1013 1904,1011"/>
                <Baseline points="1911,1038 1944,1035 1977,1038"/>
                <TextEquiv>
                    <Unicode>pio,</Unicode>
                </TextEquiv>
            </TextLine>
            <TextLine id="r3l8" custom="readingOrder {index:7;}">
                <Coords points="1767,1102 2740,1081 2738,1019 2699,1007 2452,1045 2357,999 2279,1059 2012,1021 1894,1062 1809,1011 1765,1028"/>
                <Baseline points="1773,1086 1821,1086 1869,1085 1917,1084 1965,1083 2013,1082 2061,1080 2109,1079 2157,1077 2205,1076 2253,1074 2301,1073 2349,1071 2397,1071 2445,1070 2493,1068 2541,1068 2589,1067 2637,1067 2685,1067 2733,1068"/>
                <TextEquiv>
                    <Unicode>bien pluo Mattentena E. quelle devoit.</Unicode>
                </TextEquiv>
            </TextLine>
            <TextLine id="r3l9" custom="readingOrder {index:8;}">
                <Coords points="1758,1211 1945,1186 2230,1216 2324,1176 2688,1195 2722,1178 2721,1103 2446,1148 2348,1117 2289,1149 2172,1101 1991,1154 1757,1137"/>
                <Baseline points="1764,1179 1811,1179 1859,1179 1906,1179 1954,1178 2001,1178 2049,1178 2096,1178 2144,1178 2191,1176 2239,1176 2287,1175 2334,1175 2382,1173 2429,1173 2477,1172 2524,1172 2572,1170 2619,1169 2667,1169 2715,1167"/>
                <TextEquiv>
                    <Unicode>avoir accouché, il avoit demande, Siele.</Unicode>
                </TextEquiv>
            </TextLine>
            <TextLine id="r3l10" custom="readingOrder {index:9;}">
                <Coords points="1763,1300 1924,1288 1998,1330 2079,1289 2323,1278 2505,1319 2740,1275 2739,1239 2654,1220 2598,1249 2477,1209 2036,1220 1951,1262 1872,1225 1762,1243"/>
                <Baseline points="1769,1281 1817,1281 1865,1281 1913,1281 1961,1281 2010,1280 2058,1278 2106,1278 2154,1277 2202,1275 2251,1275 2299,1274 2347,1272 2395,1271 2443,1271 2492,1269 2540,1269 2588,1268 2636,1268 2684,1266 2733,1266"/>
                <TextEquiv>
                    <Unicode>avoit vn tenfant? Elleluy dit que non¬</Unicode>
                </TextEquiv>
            </TextLine>
            <TextLine id="r3l11" custom="readingOrder {index:10;}">
                <Coords points="1744,1393 2053,1412 2149,1381 2341,1414 2742,1380 2720,1331 2561,1304 2353,1303 2274,1351 2133,1316 1960,1353 1852,1310 1744,1321"/>
                <Baseline points="1751,1379 1800,1377 1849,1376 1898,1374 1948,1374 1997,1374 2046,1373 2095,1373 2145,1373 2194,1373 2243,1374 2292,1374 2342,1374 2391,1374 2440,1374 2489,1374 2539,1373 2588,1373 2637,1371 2686,1370 2736,1368"/>
                <TextEquiv>
                    <Unicode>Ladessus il avoit vonli faire Ghercher</Unicode>
                </TextEquiv>
            </TextLine>
            <TextLine id="r3l12" custom="readingOrder {index:11;}">
                <Coords points="1745,1500 2506,1470 2670,1507 2723,1497 2723,1413 2635,1431 2534,1397 2439,1436 2172,1441 2124,1400 1745,1415"/>
                <Baseline points="1751,1469 1799,1469 1847,1470 1895,1470 1944,1472 1992,1472 2040,1472 2089,1472 2137,1473 2185,1473 2234,1473 2282,1473 2330,1472 2378,1472 2427,1472 2475,1470 2523,1470 2572,1469 2620,1467 2668,1466 2717,1464"/>
                <TextEquiv>
                    <Unicode>Monsieurle Ministie, mais sa Fille luy</Unicode>
                </TextEquiv>
            </TextLine>
            <TextLine id="r3l13" custom="readingOrder {index:12;}">
                <Coords points="1747,1599 1927,1580 2004,1616 2051,1583 2382,1605 2662,1579 2661,1531 2561,1506 2517,1529 2384,1509 2344,1543 2208,1546 2136,1510 2036,1543 1979,1498 1897,1540 1747,1530"/>
                <Baseline points="1754,1574 1799,1575 1844,1575 1889,1575 1934,1575 1979,1575 2024,1575 2069,1575 2114,1575 2159,1574 2204,1574 2249,1574 2294,1574 2339,1572 2384,1572 2429,1572 2474,1572 2519,1572 2564,1571 2609,1571 2655,1571"/>
                <TextEquiv>
                    <Unicode>ayant dit, que Monsieurte Ministre</Unicode>
                </TextEquiv>
            </TextLine>
            <TextLine id="r3l14" custom="readingOrder {index:13;}">
                <Coords points="1751,1675 1980,1709 2038,1672 2524,1698 2724,1669 2724,1631 2648,1610 2262,1607 2162,1641 2083,1607 1903,1626 1751,1598"/>
                <Baseline points="1757,1664 1805,1665 1853,1665 1901,1665 1949,1667 1997,1667 2045,1667 2093,1667 2141,1667 2189,1667 2237,1667 2285,1667 2333,1667 2381,1667 2429,1667 2477,1667 2525,1667 2573,1665 2621,1665 2669,1665 2717,1664"/>
                <TextEquiv>
                    <Unicode>itudioit; Mlavoit dabord envoye le dire</Unicode>
                </TextEquiv>
            </TextLine>
            <TextLine id="r3l15" custom="readingOrder {index:14;}">
                <Coords points="1745,1796 2101,1765 2326,1802 2560,1765 2752,1792 2751,1734 2509,1700 2368,1736 2227,1703 2018,1725 1908,1683 1744,1731"/>
                <Baseline points="1751,1767 1800,1767 1850,1767 1900,1767 1949,1766 1999,1766 2049,1766 2098,1764 2148,1764 2198,1763 2248,1763 2297,1763 2347,1761 2397,1761 2446,1761 2496,1761 2546,1761 2595,1763 2645,1763 2695,1764 2745,1766"/>
                <TextEquiv>
                    <Unicode>a la Femme de Me Juny, et etoit retour,</Unicode>
                </TextEquiv>
            </TextLine>
            <TextLine id="r3l16" custom="readingOrder {index:15;}">
                <Coords points="1746,1874 2635,1898 2759,1869 2600,1796 2539,1829 2466,1792 2302,1826 2217,1789 1746,1827"/>
                <Baseline points="1752,1865 1802,1863 1852,1863 1902,1862 1952,1862 2002,1862 2052,1862 2102,1862 2152,1862 2202,1862 2252,1862 2302,1863 2352,1863 2402,1863 2452,1865 2502,1865 2552,1865 2602,1866 2652,1866 2702,1866 2753,1866"/>
                <TextEquiv>
                    <Unicode>ne dans sa Chambre accable de Chagrin</Unicode>
                </TextEquiv>
            </TextLine>
            <TextLine id="r3l17" custom="readingOrder {index:16;}">
                <Coords points="1733,1982 2172,1965 2249,1997 2311,1970 2373,2011 2439,1974 2780,1972 2763,1918 2533,1906 2408,1944 2270,1892 1879,1939 1789,1887 1733,1896"/>
                <Baseline points="1740,1962 1791,1961 1843,1961 1895,1959 1946,1959 1998,1959 2050,1959 2101,1960 2153,1961 2205,1961 2257,1961 2308,1961 2360,1961 2412,1961 2463,1961 2515,1961 2567,1959 2618,1959 2670,1958 2722,1956 2774,1955"/>
                <TextEquiv>
                    <Unicode>&amp; nen etort plus sortyj; nayant pas meme</Unicode>
                </TextEquiv>
            </TextLine>
            <TextLine id="r3l18" custom="readingOrder {index:17;}">
                <Coords points="1747,2080 1833,2055 2023,2099 2109,2062 2278,2088 2466,2064 2644,2102 2736,2073 2736,2030 2426,1989 2321,2029 2171,1994 2099,2023 2058,1997 1747,2022"/>
                <Baseline points="1754,2049 1802,2049 1851,2049 1900,2049 1949,2051 1997,2051 2046,2051 2095,2052 2144,2052 2192,2054 2241,2054 2290,2055 2339,2055 2387,2055 2436,2057 2485,2057 2534,2057 2582,2058 2631,2058 2680,2058 2729,2058"/>
                <TextEquiv>
                    <Unicode>vontu voir Sa Malheuriuse Fille Jusquau</Unicode>
                </TextEquiv>
            </TextLine>
            <TextLine id="r3l19" custom="readingOrder {index:18;}">
                <Coords points="1754,2164 1853,2149 1942,2188 2063,2155 2119,2189 2233,2146 2351,2176 2702,2167 2703,2103 2614,2121 2518,2085 2450,2127 2202,2080 2139,2107 1755,2089"/>
                <Baseline points="1760,2136 1806,2138 1853,2138 1900,2139 1947,2139 1994,2141 2040,2141 2087,2142 2134,2142 2181,2144 2228,2144 2274,2145 2321,2145 2368,2147 2415,2147 2462,2148 2508,2148 2555,2148 2602,2148 2649,2148 2696,2148"/>
                <TextEquiv>
                    <Unicode>moment quelle fut trans portee hors de</Unicode>
                </TextEquiv>
            </TextLine>
            <TextLine id="r3l20" custom="readingOrder {index:19;}">
                <Coords points="1750,2281 1967,2248 2172,2295 2370,2254 2759,2277 2745,2205 2620,2230 2312,2205 2254,2165 1975,2204 1753,2170"/>
                <Baseline points="1758,2240 1807,2239 1857,2238 1907,2238 1957,2238 2006,2239 2056,2240 2106,2240 2156,2241 2205,2243 2255,2243 2305,2244 2355,2246 2404,2247 2454,2249 2504,2250 2554,2252 2603,2253 2653,2255 2703,2256 2753,2258"/>
                <TextEquiv>
                    <Unicode>Chez lui, on it luy dit quil nela reverroit</Unicode>
                </TextEquiv>
            </TextLine>
            <TextLine id="r3l21" custom="readingOrder {index:20;}">
                <Coords points="1737,2351 1892,2386 1992,2348 2079,2375 2327,2348 2570,2392 2717,2373 2718,2310 2345,2273 1956,2316 1738,2284"/>
                <Baseline points="1743,2337 1791,2339 1839,2339 1888,2339 1936,2340 1985,2340 2033,2342 2081,2342 2130,2343 2178,2344 2227,2345 2275,2346 2323,2348 2372,2349 2420,2350 2469,2351 2517,2352 2565,2352 2614,2354 2662,2354 2711,2355"/>
                <TextEquiv>
                    <Unicode>plus; quil ne pouvoit rien dire de plus,</Unicode>
                </TextEquiv>
            </TextLine>
            <TextLine id="r3l22" custom="readingOrder {index:21;}">
                <Coords points="1744,2454 2450,2450 2559,2460 2608,2504 2737,2495 2740,2402 2606,2425 2279,2373 2179,2418 2047,2365 1884,2394 1746,2370"/>
                <Baseline points="1751,2433 1800,2433 1849,2434 1898,2435 1947,2435 1996,2436 2045,2436 2094,2438 2143,2439 2192,2440 2241,2441 2290,2443 2339,2445 2388,2446 2437,2448 2486,2450 2535,2451 2584,2453 2633,2455 2682,2457 2732,2460"/>
                <TextEquiv>
                    <Unicode>quela Sage Femme &amp; Maitre Stempfl.</Unicode>
                </TextEquiv>
            </TextLine>
            <TextLine id="r3l23" custom="readingOrder {index:22;}">
                <Coords points="1738,2582 2034,2540 2148,2544 2204,2588 2284,2542 2636,2570 2739,2563 2740,2515 2450,2482 2361,2510 2302,2477 2191,2505 1945,2460 1740,2482"/>
                <Baseline points="1745,2529 1794,2529 1843,2531 1893,2531 1942,2532 1992,2534 2041,2534 2090,2535 2140,2537 2189,2538 2239,2539 2288,2540 2337,2541 2387,2543 2436,2544 2486,2545 2535,2546 2584,2547 2634,2549 2683,2550 2733,2552"/>
                <TextEquiv>
                    <Unicode>etoit venu prendre Information &amp;x diroieni</Unicode>
                </TextEquiv>
            </TextLine>
            <TextLine id="r3l24" custom="readingOrder {index:23;}">
                <Coords points="1743,2635 1872,2658 1962,2631 2074,2674 2181,2642 2529,2663 2530,2607 2443,2595 2386,2615 2224,2586 2181,2612 1953,2605 1850,2560 1744,2586"/>
                <Baseline points="1749,2627 1787,2627 1826,2627 1865,2628 1903,2628 1942,2629 1981,2630 2019,2631 2058,2633 2097,2634 2136,2635 2174,2637 2213,2638 2252,2639 2290,2641 2329,2642 2368,2643 2406,2645 2445,2645 2484,2646 2523,2646"/>
                <TextEquiv>
                    <Unicode>cux Memes ce qui cetort passe.</Unicode>
                </TextEquiv>
            </TextLine>
            <TextLine id="r3l25" custom="readingOrder {index:24;}">
                <Coords points="1889,2839 2152,2839 2199,2874 2277,2838 2421,2854 2423,2756 2372,2784 2085,2748 2020,2762 1979,2747 1890,2773"/>
                <Baseline points="1896,2825 1923,2826 1950,2826 1977,2827 2005,2828 2032,2828 2059,2829 2087,2829 2114,2829 2141,2829 2169,2829 2196,2829 2223,2831 2251,2831 2278,2832 2305,2833 2333,2834 2360,2835 2387,2837 2415,2838"/>
                <TextEquiv>
                    <Unicode>Lu zu Confirme.</Unicode>
                </TextEquiv>
            </TextLine>
            <TextLine id="r3l26" custom="readingOrder {index:25;}">
                <Coords points="2472,3381 2478,3381 2497,3366 2501,3370 2504,3367 2525,3370 2533,3376 2546,3369 2562,3369 2558,3297 2545,3300 2538,3293 2528,3297 2509,3285 2495,3293 2476,3279 2466,3280"/>
                <Baseline points="2477,3353 2503,3347 2529,3347 2555,3347"/>
                <TextEquiv>
                    <Unicode>7</Unicode>
                </TextEquiv>
            </TextLine>
            <TextEquiv>
                <Unicode>lors quentre les 7. Et. 8. Heures sa Fille¬
Cadette etoit venue Capeller dehors pour¬
lug dire quelque Chose, quil avoit dabord
eu de Vemotion de cela e avoit demande,
Si cetoit quelle auroit appris que sa Scur
etoit grosse, quelle repondit que cetoit.
pio,
bien pluo Mattentena E. quelle devoit.
avoir accouché, il avoit demande, Siele.
avoit vn tenfant? Elleluy dit que non¬
Ladessus il avoit vonli faire Ghercher
Monsieurle Ministie, mais sa Fille luy
ayant dit, que Monsieurte Ministre
itudioit; Mlavoit dabord envoye le dire
a la Femme de Me Juny, et etoit retour,
ne dans sa Chambre accable de Chagrin
&amp; nen etort plus sortyj; nayant pas meme
vontu voir Sa Malheuriuse Fille Jusquau
moment quelle fut trans portee hors de
Chez lui, on it luy dit quil nela reverroit
plus; quil ne pouvoit rien dire de plus,
quela Sage Femme &amp; Maitre Stempfl.
etoit venu prendre Information &amp;x diroieni
cux Memes ce qui cetort passe.
Lu zu Confirme.
7</Unicode>
            </TextEquiv>
        </TextRegion>
        <TextRegion orientation="0.0" id="r4" custom="readingOrder {index:3;}">
            <Coords points="2765,239 2765,392 2831,392 2831,239"/>
            <TextLine id="r4l1" custom="readingOrder {index:0;}">
                <Coords points="2757,383 2765,383 2773,375 2777,377 2817,346 2837,347 2840,287 2829,288 2818,278 2798,292 2789,286 2782,286 2769,297 2761,297"/>
                <Baseline points="2765,339 2798,342 2831,342"/>
                <TextEquiv>
                    <Unicode>29.</Unicode>
                </TextEquiv>
            </TextLine>
            <TextEquiv>
                <Unicode>29.</Unicode>
            </TextEquiv>
        </TextRegion>
    </Page>
</PcGts>
