3024 4032
332 356 412 445 30.
395 404 487 542 3
494 358 1346 527 Rosina Valette, deß obigen
480 468 1460 597 Jungern Tochter, Atatis 17. Jahr, seine
488 571 1482 707 Muter seÿe schon vor 13. Jahren gestor¬
477 659 917 789 ben, Beclarirte:
629 753 1450 892 Seine Schloster habe jederZeit
482 865 1475 998 ihre Schlangerschafft verlaugnet, und da¬
479 967 1478 1109 es Sie öffers darüber befragt, und Ernst
469 1068 1405 1210 schafft zu Red gestoßen, habe sie ihme
458 1175 1466 1300 solches dennoch alleZeit auf das chefftigste¬
476 1267 1420 1387 verneinet, Also daß es nicht gelußt,
492 1374 1455 1493 Was es glauben solle, habe auch aus¬
484 1472 1459 1585 Leichtsmnigkeit nicht genugsamme¬
467 1560 1335 1688 Acht gehabt, bie es sonsten hatte
470 1660 1465 1780 thun können, umb sich deß Verdachts¬
463 1752 1427 1885 zu vergläußeren; Umb so minder¬
461 1878 1443 1995 habe es eine sobaldige Herauskonffl
465 1956 1463 2105 der Sach vermuthet, Als noch gestern¬
455 2062 1453 2191 Abendts seine Unglückseelige Schlon¬
455 2168 1454 2303 ister der NachtEßen getochet, Moßer
451 2255 1459 2405 getragen und auß gegangen, gleichkie¬
444 2350 1446 2500 Andere Tagen Dieße letste Ver¬
438 2462 1439 2604 gloichene Nacht nun, da sie die beyden
443 2565 1441 2690 Schloesteren, bie gewohnt, beÿ Ein¬
426 2656 1461 2794 Ander geschlofen, habe diß Morgens
428 2746 1460 2894 fruch das Marion sich sehr über Zohnd¬
440 2846 1473 2993 Schmerthen Beklagt, und dießer Klage
434 2979 1450 3097 habe ohne Aufhören gedauret biß¬
441 3056 1443 3183 umb Sieben Uhr, als es die Be¬¬
430 3172 1438 3299 ponentin aufgestanden, damahlen.
442 3267 1464 3408 habe es noch nicht das geringste Bahr¬
441 3385 1404 3516 "genommen; Er seyn hierauf in die
1239 3499 1444 3618 Kuche
2741 290 2823 360 31.
1739 345 2733 482 Ruche herausgegangen, und habe das
1742 450 2765 554 Heubr angemacht, darauf es wieder in
1762 545 2802 674 Das Stublin zu seiner Schlööster gelesen,
1754 648 2709 785 und Sie gefragt, Ob Sie noch Zahns¬
1746 741 2721 883 Menh gesführe? Sie habe ihme ge¬¬
1751 859 2769 982 antwortet Nei. Aber Sie hhabe starde
1736 956 2759 1064 Bauch Weeh und habe der Deponentin
1743 1055 2716 1184 S. t: das Nacht, Gstherr geforderet
1736 1166 2761 1283 Alses ihr das S. H. Nacht, Gsthwr Dar¬
1727 1259 2711 1390 "gestellt, seÿn er bider in die Kuche.
1735 1363 2759 1494 gegangen, und habe das Gleisch über
1723 1454 2754 1610 gethan; Indeßen müßte die Be¬
1729 1572 2748 1698 nißt vorgegangen seyn, zumahlen
1715 1657 2693 1784 es Beponentin von der Kuche das¬
1721 1756 2773 1910 Meinen und Geschrey deß Kindts ge¬
1712 1849 2719 1983 hort; Worauf es alsobald wieder
1727 1957 2678 2070 in das Stüblin gelesen, und seiner
1710 2043 2749 2169 Schloester vorgehalten, wie daß es
1734 2133 2764 2274 das Kind schreyen gehört, seine Schle¬
1706 2236 2695 2365 ester habe ihme nun bekennet, daß¬
1709 2339 2662 2477 Sie ein Kind gebohren, Anbeÿ aber
1725 2429 2724 2562 eingescharpfft still zu schlorigen, und
1703 2532 2629 2655 Niemand etlas hievon zusagen;
1723 2631 2763 2753 Alennoch seÿe es alsobald gelesen dieße
1729 2722 2668 2857 Unglückhaftige Sach ihrem Vatter zu
1728 2813 2694 2972 offenbahren, Welcher sich grausamb¬
1727 2925 2693 3027 bekummeret, und ihns Beponentin
1708 3013 2729 3144 zu Herren Pfarrer Betrey gesendt,
1718 3124 2742 3217 selbiger habe ihns geheißen nach der
1709 3202 2750 3368 Predig wieder kommen, alarauf Als
1714 3327 2712 3454 es wieder nach Hauß gekommen, seyn
2625 3411 2762 3521 ber
