3024 4032
223 384 335 478 200.
316 517 382 626 d
474 366 1141 533 Niclaus Stahler etc.
412 510 1348 620 Das wolle er nicht laugnen, zumahlen er¬
407 588 1365 730 mit dem Baßler, Heinrich Eine Viertel Stund
397 696 1363 820 von Burgdorff übernacht gewesen, der habe
389 786 1379 913 ohne Morndrest darauff nach Büetig kosten ge¬
380 877 1334 1014 führt, habe das Fenster aufgemacht, seyn
392 991 1288 1101 hineingestiegen, und habe in einem Rock¬
391 1082 1381 1203 einen Schlußel genommen, womit er einen
376 1173 1367 1293 Trog aufgemacht, Alles sie das Gelt gefunden,
389 1264 1358 1388 und mit sich weggenommen, welches sie in
376 1364 1361 1487 Abwesenheit der Leuthen, so mit dem Geulden
388 1452 1367 1582 beschäfftiget wären, ungehinderet verrich¬
380 1560 661 1659 rten können.
303 1647 373 1746 d.
401 1642 1315 1770 Wie viel Gelt sie da geraubet und unter¬
373 1736 805 1873 sich vertheilt haben?
299 1843 358 1949 d
391 1837 1335 1970 Seines Erinnerens habe er für seinen Theil
361 1935 1000 2041 100. Staube Thaler bekommen.
291 2035 346 2123 I
374 2021 1343 2146 Wo er mit diesem Gelt hingekommen, zumahlen
363 2128 1264 2228 er ein Monath darauf arretirt worden?
292 2223 1271 2335 Sr. Er habe 20. Selbe Thaler einem Teütschen.
331 2307 1268 2423 Johannes, einem von der Siebs- Bande
1298 2452 1334 2499 .
362 2400 1283 2505 entlehnet, das Übrige aber in Kleideren
350 2498 889 2625 und Zehrung verbraucht.
370 2598 1367 2701 Ungeachtet mit allen möglichen Vorstellungen
341 2684 1364 2823 deß Langenbruckischen Diebstahls halber an¬
331 2795 1360 2907 Ihne gesetzt, und er zu freymüthiger Ger¬
331 2897 1321 3035 ständtnuß angemahnet wurde, so bezeugete
330 2987 1341 3125 er seine Anschuld immer und wolte nichts vber¬
324 3092 553 3193 kennen.
339 3193 1340 3310 Endlich würde ihme noch der gleichfalls in Ge¬
324 3289 1345 3424 fangenschafft sitzende so genante La Rose vor¬
332 3392 595 3485 gestalt und
1203 3384 1366 3501 befragt
2563 273 2681 361 201.
1670 285 2342 460 Niclaus Stahler.
1443 444 2102 664 besliche aber selbigen können.
1447 544 2647 717 peter. Nein, die Zeit seines Lebens habe er diesen
1567 631 2569 766 Mensch nicht gesehen, und seye nicht der un¬
1561 740 2650 870 Signalement beschriebene La Rose, maßen
1550 845 2536 992 selbiger kürtzer seyn und gantz anderster¬
1562 963 1771 1117 auflehe.
1685 1042 2326 1170 Abgelesen und bestätiget.
1618 1147 2304 1296 bitte fußfälligst umb gnad.
1593 1282 2585 1475 Actum durch Wegen viel Groß¬
1557 1437 2601 1578 Wübel Backbritt und Gricht schreiber Gotschif
1549 1551 2311 1708 den 25ten Augusti. 1752. .
