3024 4032
229 391 345 474 167.
291 2241 349 2398 .
316 1747 380 1861 d
337 665 414 779 H.
405 402 534 496 tabe
407 425 1288 558 und Peinliches Examen, mit
498 517 1074 661 Niclauß Bugg.
414 676 1389 804 Er könne unmöglich, was ihme selbst betreffe
419 765 1258 881 mehrers Eröffnen, habe über die zwey
1255 804 1294 871 .
411 838 1339 972 Hans Streich, dem Riesten keinen Schlag
393 908 1031 1037 gegeben, noch berühret.
402 1008 1369 1121 Er habe wohl von horen sagen, von denen
409 1075 1293 1212 Meitlenen von Liebelege, so dabey ge¬
399 1162 1274 1280 wesen, daß der Scherz sich zwey mahl
1275 1199 1312 1248 .
413 1227 1322 1375 mit dem Riesten zu Boden gelaßen, und
400 1314 1278 1450 da könne so gefährlich geschlagen worden,
386 1422 513 1519 seyn.
398 1485 1348 1628 Auch habe Mann zu Liebelegen im Dorff ge¬
389 1570 1354 1686 sagt, der Zinnenhaus Knecht habe mit
384 1655 1227 1783 Füeßen nach dem Ruesten gestoßen.
410 1745 1303 1866 er sage selbst, daß die Gallmer Ihne
379 1830 1292 1962 nichts leids gethan, auch keine Ursach¬
358 1919 1320 2041 gehabt sie zuschlagen, müeße also
377 1998 1356 2114 von anderen darzu angestrengt worden
362 2074 1287 2199 oder der Boßhaffteste Mensch von der
368 2162 656 2291 Welt seyn.
379 2259 1266 2372 Er wüße hierüber nichts anders zu ant¬
364 2338 1246 2459 worten, als daß ihne vielleicht der¬
349 2418 1160 2543 Scherz hierzu angestrengt habe.
430 2504 1270 2634 Wormit und da nichts weiters aus
336 2602 1284 2729 ihme zu bringen, wäre er für dißmahlen
1282 2598 1345 2709 .
340 2674 1319 2815 wieder an sein gefänglich ohrt geführt worden.
329 2779 1017 2940 Actum ut supra.
1515 2210 1570 2328 1
1535 905 1596 995 h
2530 406 2670 503 103.
1652 440 2519 608 Drittes und Weinliches
1802 562 2158 671 Examen
1591 647 2405 798 Mit Bendicht Scherz¬
1690 764 2429 905 mit Vorweisung der Marter
1631 861 2641 1028 Wie ihme so öffters vorgestellt worden, daß
1597 975 2544 1093 MeGHHrn. sich an seiner bißherigen Be¬
1604 1063 2601 1183 ekantnuß nicht benügen werden, so seye
1601 1140 2622 1278 es auch wiederfahren, allermaßen Sie Ihne
1591 1241 2563 1353 Inquisiten als den Urheber und Meist
1589 1320 2580 1434 Schuldigen angesehen, er sich auch in all
1593 1397 2617 1523 Wys und Weg verdächtig gemacht, dennoch
1606 1490 2599 1594 aber die wahren Umbständ, wie, womit und
1596 1568 2590 1680 in weßen Gegenwarth, die Schlage geschehen
1594 1657 2608 1767 nicht an tag gegeben, obwohlen Riesten immer
1602 1738 2610 1858 bey ihme und den Zug gewesen, solle also
2574 1868 2602 1907 .
1594 1817 2572 1919 seine Schuld nicht bemantelen, sonderen un¬
1576 1888 2648 2007 Gegentheil die näheren Umbständ ohne anders
1562 1978 2587 2102 hersagen, Ansonsten die Marter, die er be¬
1589 2068 2546 2187 reit sehe, ohne anders angewendt werd
1598 2151 1808 2252 müeße.
1613 2228 2547 2364 Er könne mit Wahrheit nicht gestehen, daß
1585 2318 2581 2453 er mehr als ein Streich mit der Faust dem
1563 2391 2590 2531 Riesten gegeben, und zwar schon in der Mitte
1577 2498 2548 2618 deß Hölzlins, auch habe der Verstorbene
1571 2577 2590 2700 in Bendicht Hanns Hauß zu Schlien nicht
1585 2670 2527 2785 außgesagt, daß er von ihme so übel ge¬
1568 2747 2553 2871 schlagen, sonder nur angegriffen worden,
1568 2824 2571 2954 welches letztere Wahr und ihme leyd seyn.
2529 2970 2557 3003 .
1573 2926 2511 3049 Was aber andere darbey gethan, könne
1565 3019 2616 3147 er seinen hievorigen Depositionen, alles
1571 3090 2610 3223 nachsinnens ungeachtet nur den Umbstand
2531 3202 2574 3281 .
1560 3182 2536 3311 Beyfüegen, daß, als Er von dem Streich¬
1565 3265 2539 3396 des Clauß zeinders aufgestanden,
2417 3366 2540 3450 Ver¬
