3024 4032
205 395 345 483 176.
330 477 391 578 4.
286 688 388 829 H.
323 978 382 1086 .
415 441 481 518 s
425 452 1310 598 und Peinliches Examen, mit
460 565 1122 720 Niclaus Hug.
401 688 1312 823 Ob nun in dieser seiner Vergicht alles
395 770 1372 917 enthalten, was er persöhnlich gethan,
395 862 1354 992 und von anderen gesehen oder gehört 2
395 960 1337 1116 Er bezeuge, daß Er anjetzo die völlige
375 1042 1284 1186 Mahrheit über alles geredet, und sein
1300 1104 1328 1149 .
370 1141 1350 1278 Herz gelahrt, darbey Er bestehen wolle,
386 1230 1281 1376 Bitte Gott und Eine Hohe Oberkeit¬
372 1323 1026 1471 umb verzeichung und Gnad¬
506 1440 1209 1581 Abgelesen und bestätiget.
364 1577 1234 1713 Actum in der Oberen Gefangenschafft
372 1673 1223 1809 durch vor Wohlgemeldt Mesuloser n
368 1764 1115 1907 den 29. ten Juny. 1752.
2532 343 2672 503 177.
1555 412 2649 614 Osiertes und Peinliches Examen
1863 538 1980 671 i
1603 640 2619 829 Hieronimus Kugerlich
1612 778 2472 888 Anfangs an dem Orth der Marter¬
2476 845 2512 887 .
1664 884 2629 1025 Er sehr selbsten, so wohl auß dem Ohrt, da
1457 907 1621 1017 Ermahnt
1573 981 2591 1119 Er stehe, als durch die gegenwart deß Scharff¬
1578 1065 2606 1191 Richters, wohin ihne seine Gartnächigkeit
1582 1141 2592 1256 bringen werde, und so er nicht alsobald mit der
1582 1250 2565 1355 Klahren Wahrheit hervorkomme, so werde
1573 1327 2594 1430 Er mit der Marter darzu angehalten werden,
1584 1392 2615 1519 Solle nun sagen, ob er nicht Hand an den Riehen¬
1575 1478 2372 1607 gelegt, und denselben geschlagen?
1584 1572 2577 1707 Er möge sich einmahl daran nicht erinneren,
1481 1609 1560 1719 9.
1573 1654 2628 1779 wölle es aber lieber gestehen, als an die Marter¬
1582 1761 2580 1877 Er werde sich wohl praecisi daran krinneren,
1511 1757 1558 1871 .
1576 1842 2483 1978 und solle doch die Güte nicht mißbrauchen,
1568 1916 2617 2046 sonderen rund sagen: Ob Er nicht geschlagen?
1598 2009 1633 2095 1
1597 2023 2248 2142 könne nichts anders reden.
1514 2041 1577 2150 G.
1565 2131 2617 2268 darauf wurde der Inquisit gegen seinen Bruder
1568 2213 2535 2354 den Clauß zugi Confrontiert, welcher
1565 2310 2530 2452 ihme dann unter Augen vorhielte, sagend, Er
1567 2418 2601 2525 müeße sich sehr ieren, oder Er habe ihme gesehen,
1579 2479 2580 2614 mit dem Stuben drauf schlagen. Deßen wolte
1563 2587 2520 2708 sich der Inquisit dennoch nicht erinneren.
1614 2661 2567 2807 Als hierauf der Inquisit auf den Stuhl ge¬
1552 2750 2570 2898 setzt und gebunden worden, gestuhnde er einen
1569 2828 2569 2992 Streich mit dem Stecken geschlagen zu haben,
1569 2921 2371 3065 mehrers aber habe er nicht gethan.
1567 3016 2611 3164 Auf befragen, ver dann den Riesen geschlagen
1561 3080 2505 3240 und wormit selbiger geschlagen worden.
1557 3200 2584 3335 Sagte Er, der Scherz habe Ihne mit der Haus¬
1551 3278 2570 3427 geschlagen, und hernach seyen sie, ihrer viel,
2447 3400 2524 3452 an
