3024 4032
290 340 354 410 e
394 404 1453 564 Ein haben Essen Schmitzen reichen, Und sege¬
397 522 1426 635 diß den 7 ten dis Monaths Zlouschen 9. und¬
376 597 1410 712 10. Uhren Beschechen, und seÿe ab der Stägen in
376 671 1426 810 die Ruch gefallen, Er aber seÿ im Gärten ge¬
376 750 1441 893 lesen und habe ein Krank abgebrochen oder¬
379 848 1432 952 gerüstet. Da habe er etwas horen vemplen¬
373 928 1394 1073 und schröÿen. Worauffhin er geloßen umb zu
376 1017 1438 1149 schanlorn was das seÿ, da habe er die Fraulligend
365 1108 1366 1246 angetroffen, und habe Sie 2. oder 3. mahl ge¬
371 1198 1405 1326 schraulgen, und daraufhin habe er sie wotlen in
364 1275 1448 1417 die Stuben Verein ziehen, darob seyn sie Verschien¬
365 1380 1416 1509 den Worüberhin er keuth gereicht und sie Ein¬
364 1475 726 1616 mnagen laßen.
1018 1695 1107 1747 5x1
331 1689 1423 1813 Die Zleÿ Weiber, alleo diesem Lorper Eingenahet
352 1769 1438 1910 haben, geben vor sie habe sie todt funden, seyn un¬
362 1857 1417 1983 "gefehr zlonschen 11. und 12. Uhr gelesen und sey
358 1954 1428 2085 in der Stuben gelegen, Zeugen aber sie kein Blut
349 2042 1440 2161 Beder an eint noch anderen Ohrt funden, Aber¬
364 2123 1414 2247 am Hald rothe Zeichen gesehen, darob sie sehr¬
351 2212 1453 2344 erschrocken waren. Im Überigen habe sie in dem
346 2297 1387 2420 Hauß ein Resel funden und Maßer darin
353 2389 1126 2509 bie auch etbas Krauts darhinter¬
329 2555 1406 2691 Weiters haben zbeÿ Weiber in einem anderen¬
334 2665 1422 2794 Hauß nächst darbey gesagt, daß sie die Frauss
334 2744 1362 2871 habe Horen schreyen Ach- Schen und Weh, die
337 2839 1452 2964 Pinte habe sie zum Viertenmahl gehört, die Andere¬
348 2927 1459 3049 aber nur einmahl. Und das Glönschen 11. und Zwolf
331 3025 441 3141 Uhr.
340 3173 1455 3275 Cheisten Huber und Hans Stram, denen ihner von
341 3266 1384 3366 der Ehrbarkeit befohlen worden, die Auf sicht auf
1251 3354 1385 3453 iese
2728 337 2793 434 3.
1696 413 2758 538 dieße Haußhaltung zu haben, Zeugen so viel ihren
1697 503 2713 622 in Müßen seÿ, ihres gehabten Streits halben der
1691 581 2463 710 fehler auf Beyden Seiten geloesten.
1682 720 2765 860 Mas der Schörer Zeuget bin es sich befunden, welches
1707 816 2755 926 auch obige Vorgesetzte und ich selbsten gesähen, daß
1690 892 2707 983 dieße Fraub ein schlartzes Zeichen rings umb¬
1697 956 2722 1084 den Hald gehabt, wan es mit einem Strick gesche¬
1693 1032 2758 1132 hen ware. Im Übrige seyn kein Zeichen, moßen
1690 1109 2746 1230 oder Beüllen gefunden worden, und vem Zeichen¬
1694 1196 2513 1302 weder am Leib noch an den Gliederen
1690 1311 2737 1467 Morüber er Riener auch von MmbElh en fredi¬
1694 1401 2695 1508 kanten zu Höchstetten befragt worden, lam sie
1682 1481 2713 1585 die Moßen umb den Hals bekommen habe und
1676 1545 2731 1663 Beiters der Sach halben befragt, Da ist er Riener
1684 1628 2746 1766 lediger diegen beÿ voriger Verantwortung ver¬
1684 1716 1861 1834 blieben.
1669 1840 2744 1991 Auf beitere Nachfrag, bie die Haußhaltung bestand
1688 1939 2737 2065 und bestelt seÿ, so sind diese Beyde Ehemenschen¬
1679 2023 2716 2122 allein in einem Hauß gelesen, und ist ein jedes
1679 2092 2716 2185 zum anderen mahl. vorhenrathet geloesen, der Mann
1672 2182 2706 2278 hat aus erster Ehe ein Sohn beÿ 27. Jahr Alt, die¬
1673 2245 2716 2362 Verstorbene Fraul aber hat aus vorgehender Ehe¬
1659 2325 1827 2450 2. Sohn
1651 2453 2746 2588 Ihres vermögen bestaht in einem Beschuck, uege¬
1664 2557 2714 2684 fehr zbey Stuck Tich, und ein Pferdt Summer, und¬
1659 2648 2689 2774 Miäterung, welches auch noch mit Schulden beladen.
1652 2811 2764 2958 Dis ist also das jenige, so ich dißfahle Erch Magh
1664 2897 2736 3009 Pflichtmäßig abzustätten beiß. Woraufhin er¬
1663 2973 2712 3107 Riener biß auf Ihr Bnadt. Weitere Verordnung
1670 3058 2709 3176 in Verhoft gesetzt, der Todten, Körper aber ver¬¬
1666 3158 1944 3264 "bachet bird.
1672 3229 2724 3381 Indeß en Nochghn Gotlicher Ohuet Eyßeigst¬
2588 3360 2727 3462 bin
