3024 4032
231 2787 314 2911 .
224 2988 297 3117 I
284 1632 359 1750 d
226 366 387 447 244
296 434 391 508 Mon.
291 503 379 647 3.
295 1046 373 1158 d.
422 375 1337 532 beym Hieronius Koster.
416 501 1363 628 Es habe ihre Versamblungen in gutem
392 598 1393 725 Absehen besuchet; Weilen aber die Kohler
386 696 1375 800 deß Lands verwiesen worden, habe es
383 783 1212 896 selbige nit mehr besuchen können.
388 872 1372 1002 anstößiges oder Böses habe es von ihnen
395 970 1054 1092 nichts gehöret, noch gesehen.
408 1068 1360 1198 Ob es nicht gehört, daß die Kohler sich
370 1154 1393 1284 sonderbahrer Offenbahrungen berühmet.
370 1246 1376 1383 das End der Welt vorgesaget, die Els
380 1330 1363 1489 beth Kißlig vor das Weib der offen¬
369 1450 1352 1587 bahrung Joh. Cap. 22. ausgegeben.
392 1616 1359 1771 von denen Kohleren selbst habe es seinen
365 1723 1349 1860 Erinnerens nichts als Gutes gehöret.
349 1810 1348 1963 Vermahnung zu einer wahren Bekehrung
347 1916 977 2054 und zur Liebe Gottes.
1045 1917 1363 2054 von ihren
353 2015 1344 2134 Offenbahrungen, Ansehend das Bevor¬
345 2107 1279 2243 stehende End der Melt, und die Els¬
347 2197 1353 2336 beth Kißling, habe sie von den Kohleren
342 2308 1339 2422 selbst auch nichts, wohl aber von eint
347 2404 1315 2523 und Anderen deren Anhängeren ge¬
335 2493 1342 2627 rhört, könte aber wegen der verfloßen
329 2595 1268 2744 gnen Zeith nicht sagen eigentlich was
332 2709 718 2807 und von kemme.
343 2783 1316 2893 Was die Kohler von der Obrigkeit und
329 2882 1237 3019 denen Herrn Predicanten geredet?
341 2986 1371 3121 von Gehorsamb gegen eine Hohe Oberkeit
314 3091 1315 3196 habe es nichts wiederwärtiges gehöret.
305 3167 1333 3320 der Christen habe gesagt, mann müße
303 3286 1329 3411 dervon nicht viel reden, und zu laßen
1143 3384 1293 3486 aber
305 3382 810 3532 seÿn, wer sie seyen.
1481 1366 1542 1505 .
1446 1636 1546 1776 111.
1474 1853 1539 1969 g.
1487 2056 1553 2171 d.
1487 2895 1550 3010 D.
1478 3078 1545 3193 d
1495 1002 1549 1090 5
2530 258 2643 346 245.
1465 256 2460 529 deden Hieroninus Roster.
1562 397 2618 577 de Herrn Predicanten predigen und lehren
1576 480 2607 674 auch aus Gottes Wort, obwohl sie mang
1566 599 2621 754 mahl die Erfahrung und das Leben nicht
1567 720 2613 858 haben, habe auch mehr zum predig gehen
1576 825 2469 949 angemahnt, als davon abgehalten.
1582 919 2595 1057 sches dann mit gutem gewüßen bey dieser
1570 1038 2621 1169 Außaag verbleiben, oder ein mehrers
1561 1128 2568 1256 entdecken wolle; Solle auf die gethane
1560 1221 2413 1376 Erinnerung sich wohl bedencken
1572 1331 2588 1448 Es bezeuge, daß es von denen Rahteren
1564 1433 2620 1573 selbst nichts mehrers gehöret, als es oben
1567 1548 1844 1644 angegeben.
1579 1616 2583 1789 Christen Schreiter von Ober¬
1571 1766 1820 1883 bali etc.
1569 1823 2593 1976 Ober die Kohler seith ihrer Verweisung
1560 1943 2420 2053 hier im Land nicht gesehen habe?
1574 2035 2601 2168 Wohl ohngefehrd vor 2. Jahren habe er
1555 2100 2605 2266 sie im Engeloch gesehen, allwo sie sich etwan
1563 2222 2565 2358 3. Tagen aufgehalten, nachwerts seyen
1542 2307 2563 2453 sie wieder fortgegangen, nach 8 Tagen
1558 2398 2597 2548 aber seyn Muß Rohler in Weibs kleideren
1566 2507 2600 2648 lieder in das Engelach gekommen, zu deß¬
1557 2589 2539 2732 Hans Zeenders, Allwo Er Deponent in
1564 2675 2551 2838 diensten gewesen, sonst habe er ihne nicht
1561 2815 1887 2920 mehr gesehen.
1580 2883 2524 3025 Ob er vor ihrer Ban̄isation nicht in ihre
1565 2956 2600 3104 Versamblungen gegangen, und was sie gelehret:
1577 3072 2603 3199 Anfänglich seye er in die Versamblungen
1556 3147 2598 3313 so sie in obigen Zeenders Hauß gehalten, ge¬
1563 3257 2593 3378 kommen, da er nichts als gute und erbaut¬
2398 3358 2554 3430 gliche
