3024 4032
215 353 339 458 278.
190 461 367 558 Quellet.
278 1235 355 1358 .
178 1320 349 1440 Quaest.
259 1627 337 1734 d.
171 1897 332 2014 Lucast
205 2202 313 2321 3.
149 2371 326 2491 Quart
188 2854 315 2988 d.
417 360 1257 534 Hieronimus Kohler.
411 493 1389 613 gna. Ob er nicht der An̄a Bachman̄ An¬
382 561 1400 726 zucht zugemuthet, und da sie sich geweis¬
387 683 1412 818 igeret, und Gottes Gebott vorgehalten, Ihra
383 769 1409 917 gesagt, das Verbott der Furerey gehe die nicht
378 880 1406 1004 an, so in der Gnade stehen, sonderen die, so an¬
364 967 1390 1071 nach under dem Gesatz sind, wornach der
381 1052 1337 1194 Nachman̄ so zu gesetzet worden, daß sie nicht
370 1154 1328 1304 sicher und frölich ihre straß gehen können.
381 1250 1160 1380 Er wolle es für Bekant annemmen.
377 1364 1371 1466 10ma Ob erlangnen dörffe, daß er mit
369 1452 1397 1574 der Elsbeth Kißlig unbeusch, und in offene
365 1540 1071 1661 bahrem Ehebruch gelebt habe?
374 1630 1358 1776 das könne nicht seyn, zumahlen die Rißlig
352 1730 1382 1864 immer Bettlägerig gewesen, auch wider ge¬
331 1822 1082 1917 geßen noch getruncken habe.
358 1939 1363 2074 112. Ober nicht auch zu Zimmerwald zu
346 2017 1361 2143 einer gelaußen Näherin eingegangen
337 2104 999 2237 und sie beschlaffen habe?
346 2209 1358 2345 Wüße hierauf nichts zu antworten
364 2377 1347 2519 12ten Ober sich nicht auch dorffen ver¬
335 2478 1309 2602 lauten laßen, der Herr Jesus habe ihn
307 2567 1339 2714 schon längsten zu seinem Knecht gedinget,
326 2680 1360 2821 und ihme befohlen nicht mehr zu arbeiten
337 2878 1201 3024 Er wüße hierüber nichts zu sagen.
2530 412 2669 524 279.
1591 376 2556 575 Aussag der Gezeugen.
1760 524 2369 679 in Confrontatione.
1487 632 2631 776 Ad Quaest. Gem. Anna Bachmann erhaltet dießes
1627 735 2599 862 durchaus dem Inquisiten under Augen¬
1612 843 2633 969 Hans Streit und Christen Streit Zeugen deß
1619 933 2598 1065 Ohrts, daß sie von denen Kohlerischen An¬
1608 1044 2650 1178 hängeren offt gehöret, daß die Zuverey für
1607 1130 2648 1253 keine Bund zu rechnen seyn denen, so gläu¬
1606 1230 2666 1346 ebig seyen, und nicht mehr under dem Gesatz stehen
1462 1374 2628 1479 Ad Quastr. 10 vom Hans Streit und Christen
1585 1478 2629 1608 Streit Gebrüdern Zeugen, daß der Inqui¬
1591 1562 2621 1677 nsit ungeschricht vor seinem Anhang zu der
1584 1637 2384 1798 Kißlig ins bedt gestiegen seyn.
1949 1861 1982 1980 .
1447 1918 2606 2051 Ad Quast. 11ten Christen Stubi der Chor Riche
1580 2021 2587 2135 pter zu Zimmerwald erhaltet ihme dieses
1595 2124 2568 2237 under Augen, und erbietet gnugsammes
1591 2216 1986 2332 Beweißthumb.
1901 2422 1993 2474 tum
1447 2396 1912 2495 Ad Quaest. 12. M.
2008 2410 2625 2525 Christen Gurtner be¬
1558 2505 2009 2617 estätiget dießes
2134 2490 2465 2646 Wie auch
1578 2563 2087 2747 Ehns Frühlhard.
