3024 4032
313 313 376 401 4.
395 318 1488 475 Empfehlende, und die Ehre habe mit aller Hoch¬
398 410 1483 557 achtung zu seyn und diesstem Respect verharre.
418 550 968 754 Hochwohlgebohrne
990 545 1475 726 Dochgeaehte
512 684 988 802 Gnädige Herren.
650 831 1123 950 Deroselben
283 969 654 1076 Reichigen den 9.
313 1046 561 1167 Junii 1751.
710 1043 1473 1195 Unterthänigst, und Gehorsamb¬
727 1130 1078 1252 ster Diener
817 1278 1357 1452 Eistehel Roht
366 1322 691 1458 Algniert
856 1403 1357 1544 Frey, Weibel
1605 2712 1649 2816 1.
1822 407 2395 579 nformation
1615 606 2728 784 So vnd Iht Gnaden Herren Ambts
1654 754 2742 878 Schultzeise Steiger heutigem Befelch begen der
1672 840 2712 945 ob Zoolögl. auf dem Hobüehl. verdächtig Entleib¬
1672 914 2740 1035 gefundenen Elsbeth Mooser von Siglen Christen
1674 1009 2749 1120 Rieners von Höchstetten Eheleib aufgenommen¬
1675 1078 1872 1178 borcen.
1664 1263 2734 1436 Nachteme Mebes zun Großbeibel und Gricht¬
1665 1398 2700 1516 schreiber heut abendts um halb funst Uhr mit
1666 1489 2732 1599 Zuthun Herren Doctor Wytenbach und Herren¬
1670 1563 2743 1679 Operator Scherrer sich in Loco Einbefunden und ¬
1673 1644 2734 1762 den Körper and dem Todten, Baum, so der Man¬
1679 1734 2701 1828 selbst zugerestet, heraußnemen laßen; So¬
1655 1818 2744 1940 haben sich ohnfehlbahre Zeichen, daß diese Weibs¬
1669 1897 2658 2022 Persohn vermitleß eines Striches erdroßtet.
1664 1984 2695 2104 worden, hervorgethan, bie dann mitkomendes¬
1663 2092 2701 2195 visum repertum deß mehreren auß beiset.
1654 2169 2713 2294 Darüber unter vorgestrigem Dato freyleibel.
1648 2258 2729 2377 Rtodt von Röchigen auch erhaltenen avis Eine Prae¬
1655 2354 2717 2449 Cognition eingenomen, nach deren Wegweistung¬
1656 2429 2707 2554 und selbst befundenen Umständen folgende Tfer¬
1656 2500 2185 2639 sohnen verhört worden.
1667 2705 2717 2840 Elobeth Gyseler derß Wißen deß Ger¬
1661 2797 2721 2915 bers Eheweib zeugete nach vorheriger Vermah¬
1641 2887 2269 3030 enung die Wahrheit zu reden.
1645 2998 2721 3167 Mrontag Mittags gegen Els Uhr seÿn der Rinner
1643 3129 2731 3259 zu ihrem Haus hinunter gekomen und habe ängstig¬
1643 3214 2735 3338 lich gesagt, daß seine Fraub die Stegen hieunter
2619 3319 2714 3420 ge
