3024 4032
217 384 339 461 184.
219 773 334 913 Sag.
206 930 349 1051 Antl.
210 1049 336 1174 Sung.
213 1142 347 1243 Retl.
217 1238 335 1376 Lang
194 1504 327 1611 Antli
233 1624 281 1666 g
208 1654 332 1756 drug.
183 2073 329 2179 Ant.
167 2257 294 2390 Sag.
142 2448 288 2559 Antis.
387 382 573 515 Anse
369 398 1280 571 d und Peinliches Examen¬
681 550 776 605 mit
472 577 1096 740 Bendicht Scherz
389 751 1342 925 Ob Er Inquisit auf diß hin auf ihme ge¬
372 882 545 973 glegen
386 962 460 1050 da¬
374 1022 1365 1149 Ob Er damahls ihme nicht Streichen gegeben.
376 1107 691 1263 zwey Kläpff.
385 1238 1282 1357 Ob Er Ihme nicht zugleich, da er ihne bey
373 1325 1322 1439 den baaren gehalten, etwann den Kopff
357 1402 998 1526 auf die Steine geschlagen?
371 1513 495 1620 sein
374 1588 1280 1737 Es seye unmöglich, daß er nicht etwas
347 1703 1324 1822 Instruments in der Hand gehabt, maßen die
356 1773 1284 1893 vier Wunden nicht anderst, als von einem
1283 1834 1334 1899 .
334 1874 1310 1988 Instrument hergekommen, und Er Inquisit
340 1942 1138 2076 allein den Riesen unter sich gehabt.
364 2072 1259 2211 Versichere und Bezeuge nochmahls, daß
338 2170 955 2271 er nichts in der Hand gehabt.
328 2263 1304 2391 Ob Er nicht die Zug, angereicht habe, daß sie den
313 2350 1129 2484 Riesen also mißhandlen helffen sollen.
322 2465 1288 2589 Nein, er habe deßenhalber kein mort mit ihnen
310 2553 1249 2691 geredt, und seye mit dem Meitli gegangen.
353 2707 1300 2849 Auf diß hin wurde erfahr auf gezogen,
292 2817 1260 2942 und obige Fragen an ihme gedruckt, mit hin¬
277 2920 1319 3044 etwann drey Minuten in dieser Positur gelaßen.
340 3025 1271 3149 Gleichwohl aber wolte er weiler an der
275 3108 1274 3246 Marter, noch da Er hernieder gelaßen worden.
277 3203 1275 3360 nicht bekennen, etwas in der hand gehalten,
275 3294 1031 3419 noch die Jugen angereitzet zu haben.
2552 377 2682 460 185.
1643 381 1675 471 .
1567 400 2542 564 und Peinliches Examen¬
1917 545 2024 605 mit
1685 575 2354 717 Bendicht disers
1568 758 2601 906 dahero ihme der 25 lb der Stein angehenkt,
1582 864 2648 973 darmit auf gezogen, und etwann drey Mienten
1583 961 2638 1087 daran gelaßen worden, während welcher
1570 1041 2596 1157 Zeit, er immer mit vielem Beschrey be¬
1572 1121 2631 1249 ezeügete, daß er nichts in der Hand gehabt,
1580 1218 2542 1354 und auch die Tugi nicht angerecht habe.
1661 1313 2621 1465 Demmenach wurde Er hernieder gelaßen
1578 1417 2616 1562 und mit fernerer bedrohlung an ihne ge¬
1564 1508 2603 1639 sezt, verbliebe aber nier darauf, daß er
1565 1602 2543 1738 einmahl sich in mehrerem nicht andem¬
1559 1675 2182 1798 Riesten vergriffen habe.
1583 1768 2620 1935 Und obschon Er nochmahls mit gleicher ger¬
1552 1880 2539 1980 gleicht aufgezogen, und über obige Zwey¬
1571 1965 2585 2087 Quaestionen hart gedruckt worden, So be¬
1552 2060 2544 2167 harrete er immer auf seinen Aussaagen,
2532 2057 2576 2138 .
1565 2145 2608 2234 und wolte nichts mehrers bekennen, sagte aber
1562 2230 2596 2356 annoch, daß im Fallen vielleicht der Kiesten
1546 2316 2619 2439 den Kopff möchte auf den Boden gestoßen haben
1546 2408 2520 2522 wüße es aber nicht, habe auch ihme den
1547 2478 2576 2605 Kopff nicht auf den Boden geklopffet, da er
1556 2565 2519 2675 mit Ihme zu Boden geschoßen und ihme
1541 2655 2179 2783 zwey Kläpff gegeben habe.
1549 2741 2623 2895 Endlich wurde Er noch mit mehreren Bedrohungen
1547 2824 2544 2967 und Ernstlichen Vorstellungen zur Bekant¬
1544 2907 2580 3034 nuß der Wahrheit angemahnt, Er versicher
1534 2982 2580 3121 ete aber, daß er würcklich die völlige Wahrheit
1549 3072 2450 3194 geredt, mithin nichts anders sagen könte.
1612 3176 2515 3322 Womit Er looß gebunden, ihme dieses
2346 3302 2602 3377 Examen
