3024 4032
220 345 270 417 36.
231 2923 301 3035 2.
208 3213 294 3320 u
250 2239 327 2360 un
262 2527 332 2659 3.
296 1879 357 1957 jo
422 414 1431 610 geöfnet, Mithin alle Sande unserer geheiligten
404 567 1436 701 Religion, und menschlicher gesetzeter Gesellschafft
413 639 1103 784 zerrißen und hernichtet werden.
410 745 1404 869 Welches alles dieser Unglükseelige nicht nur in
409 847 1422 989 Lehr und Reden zu verfüehrung vieler einfalti¬
407 918 1418 1066 ger Seelen hervorgebracht, sondern auch durch
404 1025 1393 1173 sein sundliches Schand- und Caster Leben offenbahr
395 1113 740 1235 bestättiget hat.
401 1201 1366 1340 Wie er dann insbesonders in der mit Ihme
380 1302 1400 1437 verführten und Zeute vorgetragenen Procedur
382 1390 1354 1546 Theils freywillig bekennet, theils aber durch
388 1505 1376 1623 mehr als genugsamme, von Ihme Kohler un¬
383 1594 1377 1726 verworffene, und in confrontatione selbst,
379 1676 1383 1824 bestens angenommene Kundschafften überwiesen
374 1780 584 1877 worden
390 1857 1372 1995 daß er sich eines außerordenlichen daruffs und
371 1973 1393 2103 Erlauchtung, wie auch sonderlicher hoher Offenbah¬
368 2098 1379 2183 rungen, und unmittelbahren Umgangs mit
355 2159 1223 2277 Gott und unserem Heiland berühmet.
375 2251 1377 2371 Sich und seinen Bruder Gristern Kohler vor
368 2339 1394 2475 die zwey Zeugen der Offenbahrung Johannis
366 2451 937 2572 ap. XI. außgegeben
369 2525 1371 2653 Gottes Gerichte und der Welt Ende etwelche
348 2617 1347 2763 mahl, auf Zeit und Tage vorgekündet, mit
336 2707 1374 2844 Beyfüegen, daß er als dann Gott werde hat,
332 2818 918 2936 ofen die Welt richten
368 2914 1350 3063 Daß er gelehret, wer sich nicht seyn und sei¬
332 3009 1368 3137 ener lehr annemme, werde nimmermehr sie,
315 3128 738 3240 elig werden.
372 3200 1305 3345 Daß die Sunden wider den Sohn Gottes
1217 3342 1369 3446 können
1523 1257 1606 1368 u
1563 776 1616 891 6.
2553 458 2636 542 u
1639 512 2624 729 senden Regelung übrigen behalten dieselben werden.
1640 619 2618 812 und die Elsbeth Kißlig geredet werde, könne in Ewig a
1637 685 2269 824 keit nicht vergeben werden
1666 787 2624 969 Das Lesen, Betten und andere Geistliche Uebungen
1634 894 2581 1038 Taugen nichts, das Predig gehen seye auch nichts
1624 981 2631 1136 werth, zumahlen die Predikanten nur Schrift gelehrt
1613 1081 2581 1219 seyen, aber kein leben haben, Ja alle die, so in
1613 1149 2332 1297 die kirche gehen, seyen verdamt.
1652 1261 2618 1400 Hingegern können die Begnadete ohne abbruch
1619 1348 2599 1472 Ihrer Seeligkeit thun, was Sie wollen Unter
1619 1443 2588 1571 Anderen gehe das vorbott der Huerey nur die
1618 1546 2601 1675 an, so annoch unter dem Gesatz seyen, diejeni¬
1601 1643 2494 1761 ogen aber nicht, so in der Gnadestehen etc.
1598 1708 2619 1859 Durch welche und andere mehr dergleichen greus¬
1604 1804 2593 1935 dliche Lehrere und Reden dieser elende Mißethäter,
1589 1905 2626 2041 samt seinem Bruder und Anderen sich einen großen
1583 1999 2603 2128 Anhang Theils einfältiger und redlicher Seelen zu¬
1605 2130 2616 2215 machen gewußt, dieselbe aber nicht nur betrie¬
1595 2188 2617 2307 gerischer Weiß um Ihr Zeitlich Gut gebracht, welches
1592 2278 2596 2411 diese Seelen verführer dann in Müßiggang, Schwel¬
1577 2377 2604 2497 zgerey und Unzucht verpraßet und verschlungen,
1593 2464 2557 2602 Sondern auch sehr viele Andere ihrer anhängeren
1586 2558 2599 2684 auf die Wege der Unkenschheit, und in gleiches vorder¬
1596 2650 2104 2770 iben mit Ihnen verleitet
1582 2732 2589 2886 Es hat aber auf alle diese kräfftige Parthummer und auß¬
1580 2830 2588 2955 geüebte Loßheiten ein gerechtes Gericht der verstehung
1583 2930 2589 3050 diesen unglükseeligen Hieroniuris Koster anoch
1582 3003 2550 3143 und also betroffen, daß Er sich an dem Allerhöchsten
1572 3092 2520 3233 Wesen und Mayestät Gottes selbsten vergriffen
1575 3176 2558 3341 deßen Anbettungs würdige vollkommenheiten und
2484 3339 2595 3433 Ehe
