3024 4032
361 329 467 406 114.
547 363 1411 545 fortgesezte Informationen,
576 482 1394 639 Sontags den 18ten Juny 1752.
475 760 1470 982 Veter Schindler, von Ober Schwerli¬
537 875 1481 1011 25. Jahr alt, ledigen Stands declariens
529 969 1476 1087 nach dem Er Erinneret worden, also zu reden
511 1045 1449 1174 wie er es mit dem Eyd werde erhalten.
509 1156 695 1257 können.
501 1394 1487 1557 Daß, als er donstags den 8. ten diß gegen
511 1498 1494 1623 Abend auß der Statt gegangen, er vor
505 1577 1479 1710 dem Chor beyde Gallmer den Verstorbenen
493 1669 1491 1790 Riesten und dz angetroffen, welchen der
494 1746 1479 1890 Scherz ihr bey sich gehabtes meitli nemmen
490 1836 1473 1980 wollen, welches auch ohne Wiederstand
475 1941 1484 2068 geschehen. Darauf seyn Er seines Heimb¬
484 2026 1482 2162 Wegs fortgegangen, biß zum Weißen¬
478 2112 1494 2235 Stein, allwo der Fuß Weg anfangt, da
472 2213 1482 2330 seye der Riesten hinzugekommen, und habe
466 2292 1446 2426 ihme Deponent gesagt, Sey nicht falsch.
473 2387 1474 2528 an Mir, und stehe mir bey. Worauf er¬
470 2466 1467 2601 ihme gesagt, hättest du mir gefolget, und
463 2581 1454 2724 das Meitschi gehen laßen, so wäre die
478 2672 1000 2802 nichts wiederfahren.
461 2777 1491 2904 Auf diß seye derselbe vor ihme hergegangen,
472 2865 1458 2996 da habe der Knecht von Christen Spycher¬
454 2945 1486 3086 zbinnen Hauß angefangen dem Ruesten undt
446 3056 1470 3184 seinen Schuhen Rath anspritzen. Als Er Be¬
436 3143 1472 3278 iponent dieses abgebehrt, habe Ulli Zeenders
437 3226 1475 3358 Reicht zu Liebeweil über ihne Deponent zur
443 3343 1457 3473 ewollen, doch habe er ihme nichts anders
1333 3428 1415 3510 ge¬
1616 2966 1687 3071 d
1631 2197 1696 2305 8
1634 2529 1700 2644 g.
1667 1243 1711 1360 .
1654 1347 1728 1455 d
2669 430 2775 526 115.
1726 525 2721 670 gethan, als ihne stoßen, weitere thätlichkeiten
1733 627 2724 765 haben Scher, und die Gug, abgebehrt. Worauf
1732 708 2728 840 er seines Megs gegen heimbgegangen, und
1732 797 2711 910 habe er im Vorbey gang zu Schlien vernommen
1738 874 2731 1005 der Riesen seyn da und verbundet, von
1745 969 2737 1109 dem an habe er von der Sach nichts mehr ge¬
1723 1047 2717 1184 hört. Als Morndrest im Goltzen habe Er den
1726 1138 2650 1266 Scherz angetroffen und davon geredet.
1754 1220 2704 1376 Was Er mit dem Scherz davon gesprochen.
1748 1337 2677 1449 der Schertz habe ihn angeredet und gesagt,
1728 1414 2734 1528 Wann er diese Sach gesehen, so habe er wohl ge¬
1714 1499 2721 1617 rsehen, daß er am boden seÿe; Worauf Er
1730 1580 2724 1685 Deponent geantwortet, er habe ihn wohl ge¬
1715 1666 2670 1774 sehen, habe aber gemeint, er thue es zum
2673 1726 2700 1760 .
1704 1748 2621 1876 Possen, oder daß Er könne anfangen,
1703 1835 2709 1969 Worauf derselbe gesagt, Er seye geschlagen.
1718 1935 2700 2066 worden, er solle schauben, Er habe ein Toch¬
1708 2006 2698 2127 im Kopff, Er Deponent aber habe nicht ge¬
1701 2109 1961 2207 schaubet.
1727 2198 2713 2313 Ob der Scherz der Enden etwas zu thun ge¬
1696 2281 2670 2411 ehabt, sintemahl das Holz, wo sie mit Ein¬
1708 2356 2687 2477 Ander geredet mehr als eine Stund von
1703 2444 2262 2558 Liebeweil entfernet?
1710 2536 2709 2647 Der Scherz habe mit Ihme von nichts weiters
1690 2612 2690 2736 geredet, habe ihme auch zu vor bey seinem
1680 2688 2700 2828 Hauß nachgefragt gehabt, auch den gleichen
1685 2777 2700 2865 Weg, wie er gekommen, wieder zurückge¬
1704 2872 1892 2978 behret.
1721 2957 2675 3083 Ob Er mit gutem gewüßen zeugen könne,
2673 3004 2708 3085 .
1684 3036 2699 3163 daß er bey diesem Handel nicht gesehen Schlage
1679 3131 2720 3248 außtheillen, und die Schläger, wenigstens
1681 3205 2332 3339 einiche darvon gekennet?
2470 3324 2666 3455 H. E.
