3024 4032
302 2124 345 2219 H
278 2306 336 2431 H
318 1662 364 1750 2.
232 361 333 446 204.
244 426 450 527 von wegen
488 387 1118 529 Niclaus Stahler etc.
430 504 1354 664 Vorgemeldten Tags wurde auch noch
395 611 1360 741 verhört, die in hiesiger Schallenwerck, Spinn¬
392 708 857 817 " Stuben enthaltene
536 777 1191 905 Catharina Kuntz
398 883 1357 1014 deß zu Bremgarten hingerichteten Grand
388 986 798 1116 Louis Ehe Weib.
301 1099 372 1212 i
411 1082 1354 1214 Da es dermahlen offenbahr, und es selbsten
401 1182 1353 1304 Bekant seyn müße mit dem ausgeschrie¬
384 1269 1317 1389 ebenen Mörder, und dieben Gesindel
378 1374 1350 1496 herumbgezogen zu seyn, so werde es zwei¬
379 1463 1278 1584 pfels ohne die gantze Barde und jeden
387 1557 1140 1677 davon ins besonders wohl kennen?
389 1653 1355 1781 Es könne nicht laugnen, daß es nicht eint
371 1752 1340 1881 und Andere von diesem Gesindel kenne,
361 1845 1270 1971 doch aber nicht alle, maßen es auch nur
375 1951 1332 2067 wenige Zeit bey seinem Man̄ dem Grand
352 2033 732 2139 Louis gewesen.
349 2118 1320 2245 Ob es in specie den kleinen Kothringer nicht
343 2221 989 2351 wohl kenne, und seith wann
377 2312 1335 2452 Es könne ihne seith der Zeit, daß er allhier
347 2408 1343 2549 gefangen seyn, vorhero aber habe es selbigen
341 2515 1089 2636 niemahlen gesehen noch gekennet.
319 2601 1314 2738 Ein gleiches bezeügete auch dero Schwöster
717 2687 748 2722 1
328 2702 1321 2834 Francisca Kuntz, so an gleichem Ohrt¬
325 2791 1340 2921 Enthalten, mit betheüren, daß es die Mahr¬
326 2905 591 2997 rheit seyn.
317 2979 958 3113 Actum ut supra
1491 3194 1563 3291 3.
1430 1291 1611 1419 Befragt.
1445 1592 1567 1679 Antl.
1504 2123 1580 2244 5.
2554 371 2663 451 205.
1555 355 2614 562 Niclaus Stahler, zweytes
1818 460 2142 617 Examen
1607 577 2620 721 Lauth MGHHrn den Räthen Befehl vom
1648 691 2548 827 29ten Augusti letsthin durch Vorwohl¬
1655 790 2434 913 gedacht Meinen gnädige Herren Raths Ge¬
1671 871 2398 1020 Ougspurger, nebstein endliche er
1711 993 2335 1108 Großweibel und Gricht¬
1740 1076 2257 1207 Schreiber, verführt.
1654 1179 2393 1295 Praemissa exhortatione.
1642 1282 2607 1397 Ob wahr und in der That Er derjenige seyn,
1589 1372 2644 1490 welcher unter der Bande Klein Lothringer
1601 1475 1987 1587 genant werde.
1594 1591 2634 1675 Ja, Er gestehe er, sein Nahmen aber seyn
1571 1662 2583 1789 Niclaus Stahler, von Tockhausen ge¬
1589 1765 2623 1890 bürtig, welcher Ohrt an das Trierische und
1589 1860 2651 1962 auch an das Pfälzische angrentze, wüße aber
1586 1957 2510 2074 nicht, in welche Jurisdiction angehörig
1613 2113 2556 2264 Inkemme es nun scheine, daß dermahlen
1589 2230 2603 2357 sein Gewüßen zur Buß und Kind über seine
1583 2325 2621 2454 Zehler gerühret, Er auch in letsterem Exa¬
1568 2427 2534 2538 mine von selbsten bekennet, daß er ein
1576 2515 2572 2623 Gethäter und Antheilhaber seyn derer zwey
1565 2607 2572 2723 Einbrüch, und aliebstählen, welche zu deüti¬
1559 2708 2576 2831 kosten und im Schloß Kindelbanck beschehen,
1565 2798 2574 2906 so werde dißmahl von ihme verlangt, daß er
1570 2897 2567 2995 die eigentlichen und wahren Umbstände dieser
1586 2988 2551 3111 obgedeuten zwey diebe Streichen aufrichtig¬
1571 3084 1840 3200 außaage¬
1588 3171 2577 3304 Das wölle er nach bestein müßen und Mahr¬
1571 3288 1881 3391 heit abstatten.
2357 3347 2599 3477 Eöstlich
