3024 4032
362 354 486 435 76.
366 724 463 849 2
461 375 1470 553 Von wegen deß verstorbenen Christen
489 504 1365 658 Risten von Oberbalm verhört
505 666 1463 837 Barbara Garni, von Schlien, deß
483 801 1454 912 Apor. Richter Bendlicht Hannis Tochter¬
478 873 1446 982 welche vermahnet nach Wichtigkeit der
465 967 1344 1073 Sach Gott zu Ehr, nach bestein seinem
476 1042 1456 1163 Mußen und Gewüßen zu reden folgen
478 1132 867 1232 des Deponiert,
1349 1269 1401 1337 2
479 1273 1461 1393 Letsten Donstag, nachdemme es mit ihren
460 1350 1404 1485 osten Stiefen und Hans 63 denen beyden
1325 1443 1369 1494 31
462 1441 1465 1565 Oberbalmeren in der Statt bey dem daren
455 1519 1465 1642 ein Glas Mein getruncken, seyen sie abendts¬
461 1614 1393 1737 bey guter Tags Zeitern aus der Statt ge¬
1394 1657 1423 1707 .
458 1697 1456 1817 gangen; da seyen ihnen die Königer nachge¬
439 1779 1463 1904 rfolget, und haben ihns Deponentin bey der
458 1887 1381 1985 Braub zerseth Hauß mit gewalt wegge¬
437 1973 1326 2078 nomen, darbey noch zuvor dennoch kein
446 2045 1444 2171 Streit zwüschen denen Partheyen gewal¬
435 2128 1406 2261 itet. Auch seyen beyde Balmer gantz ruhig
430 2219 1439 2333 ihres wegs vorausgegangen, die andere
434 2294 1146 2420 aber von weitem gefolget etc.
436 2374 1371 2524 Bey dem Weißenstein Holzli seyn der
422 2484 1453 2600 Scherz, da es etwas finster worden, voraus¬
418 2559 1333 2675 geloffen, und habe angefangen, beyde
430 2634 1446 2767 Zalmer über den Buß ußer abzustoßen,
424 2724 1408 2840 die anderen aber haben sie von hinden über
422 2799 1455 2933 den Boden geworffen: Als seyn der Clauß
406 2893 1456 3019 geender kommen und habe wollen scheiden und
421 2963 1437 3108 abmahnen, der den Scherz aber habe ihn in
407 3079 1370 3200 einen Kang gestoßen, worauf derselbe dem
394 3160 1444 3290 Scherz mit einem Stecken eins versetzt, auch
392 3253 1429 3372 gesagt, er seye es, warumb er ihn in die dörn¬
1262 3382 1328 3461 ge¬
1553 1473 1727 1615 befragen
1630 2111 1702 2220 d
2727 370 2808 433 77.
1733 531 2770 674 gestoßen, Er solle doch nicht Unglück suchen.
1838 628 2796 758 Auf diß aber seyn der Scherz neben vielen
2756 725 2788 790 .
1730 721 2755 828 Anderen auf die Balmer geloffen, Als aber
1726 792 2775 912 Sie Deponentin gesehen, wie übel er zugehen,
1726 875 2781 985 wolle, habe Sie sich mit dem dz darvon ge¬
1731 945 2748 1068 machet, welcher auch schon verwundet gewer¬
1727 1017 2768 1150 esen, Als die gan König ins dorff gekommen,
1714 1107 2783 1259 seyn der Riesen auch Zeit hernach gefolget, und
1720 1203 2763 1321 als Sie ihne Erkennet, haben Sie ihn gan Schlien
1726 1287 2745 1418 in ihres Vatters Hauß geleitet, doch habe er
1734 1376 2374 1487 noch zimblich gehen können.
1767 1476 2763 1606 Weil Sie mit dem an sich aus dem Gestüchel
1723 1567 2764 1705 und darvon gemachet, derselbe aber schon ver¬
1713 1643 2758 1775 1 schiedenen Wunden Empfangen, so werde Sie
1713 1729 2744 1863 wohl wüßen, wer zu schlagen angefangen,
2670 1863 2718 1917 .
1725 1820 2670 1948 und wie es zugegangen, daß der Riesen
1709 1906 2752 2036 also grausamb mißhandlet worden, daß
1703 1990 2565 2114 Er, davon sein Leben eingebüßet
1728 2098 2771 2212 Sie habe nicht gesehen, daß der Oz mit Stecken
1705 2179 2717 2304 oder sonst seyn geschlagen, sonderen nur über
1693 2266 2712 2387 den Boden außgestoßen worden, sonder
1705 2353 2749 2475 heitlich von Christen Furren in der Kircheren,
1771 2438 2714 2541 Wer aber den Riesen also zugerichtet,
1711 2523 2698 2629 wüße es nicht, habe niemand als einen der
1707 2600 2713 2717 Gebrüederen zuge, (: wüße aber gar nicht
1701 2668 2739 2782 welchen von beyden 1) wie auch einen kleinen
1701 2736 2637 2883 Buggisperger, welcher zu Liebeweil beÿ
1708 2832 2712 2960 Ulli Zeender dienen soll, gesehen mit Stecken¬
1696 2921 2052 3047 drein schlagen.
1670 3017 2731 3153 Mehrere Umbstände könne es nicht angeben,
1682 3110 2637 3223 zumahlen es schon finster gewesen, und es
1699 3186 2649 3321 nicht dörffen sich naher darzu machen, zu¬
2508 3307 2700 3393 mahlen
