3024 4032
214 308 335 405 766.
290 1340 351 1444 z
308 448 373 562 d
290 557 371 664 2.
301 846 376 966 2.
291 944 359 1043 d
431 357 1246 526 Hieroninus Röhler.
403 472 972 598 Davon wüße er nichts.
406 569 1393 726 Item habe er gleich seinem Bruder gelehret,
375 655 1395 798 daß sie die Sunden bey Gott abbitten können
381 756 1401 910 und die Vergebung gewißlich versprechen.
399 855 1035 997 Das habe er nicht gelehret.
388 936 1376 1092 Wie er und sein Bruder sich vor etwas Zeits
355 1031 1377 1200 vor deß Chorrichter Stubis Hauß aufge¬
360 1135 1351 1275 gführt, und ihme den eligen könner und
367 1241 908 1376 Bluch angekündet?
384 1351 1396 1507 r habe nichts dergleichen zu ihme gesagt,
363 1431 905 1562 wohl aber sein Bruder¬
263 1545 329 1635 2
371 1543 1360 1692 Es komme auch heraus, daß er gesagt, der
364 1626 1277 1756 Liebe Gott solle auf den Platz kommen,
339 1728 1347 1849 und wann er nicht helffen wolle, wollen sie
345 1811 1052 1935 er mit dem Teuffel halten?
260 1893 348 2000 d
358 1892 1352 2047 das könne nicht seyn, daß er dießes ge¬
322 1998 654 2108 rredet habe.
265 2102 1361 2229 2. Eben so ärgerliche und Bottes vergeßene
329 2198 1303 2312 Recken habe er auch geführt, in demme er¬
328 2293 1345 2422 und sein Bruder gesagt, sie seyen Kem¬
319 2388 1297 2535 pel Gottes, und zwar der Christen sei¬
318 2479 1334 2610 Bruder, Gottes deß Vatters, Er Inqui¬
309 2582 1342 2709 dit Gottes deß Sohns, und die Elsbeth
307 2685 1327 2807 Rißlig s: zu deren er ungescheubt aus¬
304 2784 1319 2920 und eingegangen. Gottes deß Heil.
319 2871 1340 3033 Geister. Und sie die Kißlig seyn auch
314 2971 1285 3109 die Erta, so die neüwe Erde bevolckeren
319 3071 500 3168 werde.
325 3151 1301 3286 Item, daß wir sich an ihnen Gebrüderen
298 3262 1312 3414 Köhler und der Kißling vergrüffe, habe
1173 3384 1301 3479 niur
1244 3447 1295 3503 4
1514 2897 1569 2990 E
1501 2119 1584 2251 S
2509 388 2621 481 267
1612 363 2445 536 Hieronimus Köhler
1600 485 2605 627 eine schwärere Verantwortung, als wer¬
1608 571 2452 710 wieder den Sohn Gottes sündige.
1539 642 2573 815 Do. das seye ihme nur nie zu Sum gekommen.
1480 771 2595 936 Spstirt. Auf alle diese wiederholte Negativen
1596 878 2603 1013 würde er nochmahlen ernstwörtig erwe¬
1594 970 2587 1114 eret, daß alle diese Sachen, so mann ihme
1596 1068 2598 1226 dato vorgehalten, ihne durch genugsamme
1577 1168 2615 1299 Kundschafft werden unter Augen erhalten
1594 1260 2599 1399 werden, und könne er selbsten aus seinem
1588 1375 2538 1492 Kangnen abnemmen, Ob der Geist der
1585 1457 2579 1587 Wahrheit aus ihme geredt habe, wann
1588 1553 2539 1689 solche unerhörte Gottlose Reden und
1588 1645 2558 1775 Seelen verderbende Lehren aus seinem
1582 1755 2580 1867 Mund gegangen, solle also ehender seine
1588 1838 2559 1966 Lehr zu vertheidigen, oder aber in dahe¬
1574 1934 2475 2060 muth und Reuls bey Stadt und den
1571 2024 2572 2142 Menschen Gnad und Verzeichung sechen.
1602 2127 2569 2240 Er wüße nicht, was darzu sagen, und
1598 2213 2595 2314 Was die Leüth wieder ihne Zeugen werden
1585 2293 2350 2429 werde er wohl müßen glauben.
1641 2399 2577 2524 Übrigens seye es nicht in seiner Ge¬
1572 2482 2590 2612 walt gewesen zu reden, oder nicht zu reden,
1582 2579 2543 2716 habe auch als ein Ungelehrter sich nicht
1578 2670 2524 2811 darauf rüsten, noch vorsehen können,
1575 2780 2072 2894 was er reden werde.
1605 2870 2573 2999 Sein lebwesen selbst Zeuge auch wieder ihnen,
1567 2956 2567 3089 und stimme im wenigsten nicht mit seiner
1563 3051 2551 3190 verstellten fromkeit und angemaßten.
1569 3141 2507 3282 Beruff überein, Inmaßen er sich deß
1567 3230 2562 3376 müßiggangs, Ehebruchs, und truncken¬
2399 3313 2566 3436 sheit
