3024 4032
387 2922 429 3011 .
362 3148 431 3251 I
336 379 447 464 98.
381 489 507 607 16.
404 914 466 1010 I.
416 1010 475 1120 .
508 433 1459 630 Hieronimus Gilgen auch
526 580 1453 732 dem Gubeli, bey Ober Schwerli, 34. jahr
496 702 601 788 Alt.
503 881 1455 1031 Was ihme von dieser Sach bekandt seyn
500 988 1469 1131 Er seye selbigen Abendts umb 8 Uhr mit Peter
495 1079 1489 1203 Streit zum Thor hinaus biß zu dem Schanz¬
482 1167 1495 1300 Graben gegangen, da er dann bey diesem
498 1238 1488 1375 Graben im Vorbey gang gesehen, daß die
483 1340 1446 1479 Gebrüedere Zug, und Bendicht Schwez dem
473 1429 1470 1570 Riesten und dz das bey sich gehabte Meitlin¬
470 1519 1488 1659 weggenommen, von dar seye er mit seiner
471 1600 1474 1742 Jungfrauw bey Ihnen vorbey, und voraus¬
473 1710 1450 1824 ngegangen, weilen er sich nach Hauß begeben
487 1794 1485 1924 wollen, ohnweit dem Liebelegt Beld seye der
482 1874 1468 2019 Verstorbene Christen diesen ohne Ruth hinden,
468 1976 1352 2121 1 nach gekommen und vorbey gegangen.
458 2061 1432 2203 Da Er Deponent denselben Erkennt, und
458 2162 1461 2284 von ihme wieder an der Stimm erkennet worden.
455 2257 1467 2396 habe selbiger ihme gesagt, er seye geschlagen
449 2331 1386 2471 und übel verlandt, darauf er selbigem
448 2426 1449 2547 seinen Guth angebotten. Der Riesen aber
458 2516 1488 2662 erwiederet, Er möge keinen Guth erleiden,
461 2617 1480 2747 Er habe auch gewahret, daß er seine Hosen¬
442 2691 1458 2834 in den Händen tragen müeßen, und der
429 2793 1068 2949 Nestel versprengt seyn.
461 2907 1464 3067 Ob Er selbigen nicht gefragt, von bemer¬
434 3007 1185 3132 also übel mißhandlet worden?
463 3131 1455 3258 Er habe ihme Deponent gesagt, daß er
449 3220 1452 3364 von Bendicht Schers angegriffen, und noch
440 3306 1217 3453 ewerts mit vielen Streichen übel
1220 3313 1469 3426 tractiert
1312 3401 1474 3536 worden
2649 430 2775 528 39.
1726 555 2737 716 worden, ohne daß er gesagt, wer ihme selbige bey¬
1738 655 2690 800 gebracht. Er Deponent auch habe ihne umb so
1734 745 2739 899 da weniger viel gefraget, Als er gewahret,
1735 839 2715 975 daß selbiger zimblich schlach seyn, und seine
1727 928 2712 1045 Stimm sich anderen wolle. Wormit sie also
1720 1002 2718 1146 zimblich stillschweigend biß zu der Könitz¬
1737 1103 2694 1219 Stapffen gekommen, allwo gleich hernach
1730 1169 2724 1313 Hanß B und das Meitlin von Schlien nach¬
1712 1263 2730 1377 ngefolget, und mit ihnen biß nach Schlein, er¬
1724 1351 2681 1473 aber geraden wegs nach Hauß gegangen.
1813 1447 2492 1586 Ende damit seine Außaag.
1703 1591 2671 1761 Petum den 16ten Juny 1752.
2298 3184 2634 3293 Examen¬
