3024 4032
325 320 416 385 70.
469 476 1481 582 Als nun diesem folg geleistet, der Blessirte
476 543 1491 674 auch bey annoch nicht gefährlich anscheinendem
466 626 1414 707 Zustand wegen hefftigen Verlangens, zu¬
467 691 1478 809 seinen Ellteren nach Balm Freytag Abendts
461 768 1465 881 geführet, und Alda von Herren Hartman
459 843 1465 951 selbsten, oder einem von deßelben bedienten
462 920 1157 1028 beständig besorget worden,
468 997 1474 1090 So wäre alle Hoffnung der Geniessung vor¬
476 1060 1461 1191 handen, biß am Montag den 12ten sich et¬
464 1143 1474 1260 welche gefährlich anscheinende Simptomata
460 1226 1374 1349 erzeigten, Auf deren Vernemmen ich
452 1297 1468 1405 Sich morgens darauf als den 13. Hujus
461 1384 1417 1489 mit Herren Bartman̄ selbsten nach Ober¬
1426 1423 1455 1471 .
446 1456 1472 1578 dalm verfüeget, umb so wohl die Beschaffen
450 1534 1447 1646 heit der Wunden einzuschauben, als auch,
451 1615 1452 1712 und vornehmlich die benöthigte Information
459 1694 1286 1812 von dem Blessierten aufzunemmen,
450 1783 1464 1915 Bey Meiner Ankonfft fande denselben
442 1889 1448 1998 sehr schlach, nachdemme Er aber in verzein
432 1949 1471 2068 sich Recollegieret, und seine Wunden zur
434 2041 1462 2161 Nothdurfft besorget worden, zumahlen selbi¬
422 2117 1443 2233 gge wegen immer antwohnder Verbluer¬
419 2202 1482 2315 etung nicht abgedecket worden, so habe nach
418 2289 1458 2390 einer kurzen Vermahnung auf seine Umb¬
419 2356 1453 2477 stände gerichtet, die allernöthigste Frag
1406 2488 1448 2561 .
402 2446 1406 2556 Stücke in möglicher Kürze wegen seiner
1373 2542 1426 2616 .
421 2527 1386 2645 Schwachheit, an ihne getrucket; Da er
414 2613 1448 2720 in Gegenwart Meines Secretarii, Herren
392 2696 1452 2791 Hartmans, deßen Bedienten, und Anderer
386 2770 1461 2905 Anwesenden mehr folgende Deposition von
386 2868 778 2986 sich gestellet hat.
397 2949 1454 3085 Mitwochens den 18ten erhielte morgens¬
400 3042 1332 3155 früch die leidige Nachricht, daß der
394 3124 1446 3217 Blessierte in der abgelachenen Nacht ver¬
393 3199 1425 3315 storben, so habe auf gethane underthänige
389 3286 1383 3397 Relation von Ihr Gnaden Herren
1203 3391 1403 3490 Ambt
2691 418 2763 527 71
1732 524 2751 680 Ambt Schultheißen den Befehl erhalten, die
1731 623 2722 752 Herren Insulanos zu Section deß Reichnams
1739 701 2678 827 abzuordnen, und deren Visum Repertum.
1744 773 2744 912 abzuforderen, welches dann auch gleichen tags
1731 846 2141 966 erstattet worden.
1727 938 2726 1063 Übrigens aber mit Herren Großweibel die
1726 1017 2723 1135 nöthig findende Informationen aufzunemmen,
1732 1100 2659 1211 und die verdächtige Ursacher dieser Ent¬
1730 1172 2599 1295 leibung gefänglich anhalten zu laßen
1730 1246 2728 1363 Welchem dann auch gehorsamme folg geleistete
1719 1330 2743 1443 worden, wie hinach stehende Procedier aus¬
1710 1411 1914 1528 weiset
1694 1542 2721 1698 Dignirt. Gricht Schreiber Gatschet
2352 3247 2642 3370 Relatio
