3024 4032
333 356 427 444 94.
408 1521 472 1643 I
404 1789 463 1898 d
349 2086 478 2176 13.
392 2369 443 2459 g
385 2570 452 2683 .
440 949 501 1047 hr
426 1052 480 1135 d
486 436 1473 621 Er solle sich fort machen, auf daß ihme nichts
519 542 565 616 b
495 539 1404 683 bostes wiederfahre, Auf welches hin er in
479 625 1458 747 der that nicht nur gegangen, sonder davon
495 698 1472 852 geloffen, habe auch ihne von dar nicht mehr
473 841 659 956 gesehen.
507 899 1392 1041 Wen er bey diesem Handel Erkennet
502 990 1467 1124 Peter Schiedler von Ober Schwerli, die Ge¬
491 1080 1459 1223 brüedere Juri, Hendicht Scherz, Christen
489 1161 1470 1295 Herren in der Kircheren, und deßen zuun
486 1230 1500 1377 deren Sammel, wie auch deren Knecht, Hans
477 1316 1476 1472 Müller von Oberscheerli, den Girschi von
480 1434 781 1559 Guggisperg.
1349 1503 1420 1566 11
489 1495 1479 1626 Ob Er von der biß zu der Stapffen zu König¬
480 1574 1466 1738 und seither nichts mehr von dieser Sach ver¬
462 1694 702 1793 enommen.
490 1771 1260 1891 Nein, er habe nichts vernommen.
488 2040 1431 2247 Hans Stöckli, von Basel, bey
472 2153 1370 2330 kilchmeyer Reütsch allda in diensten.
484 2329 1476 2471 Mit wenn und umb welche Zeith er zu der Statt¬
442 2463 915 2559 hinauß gegangen.
463 2540 1469 2681 Umb oder vielleicht nach 8 Uhr mit Ludwig
458 2633 1451 2757 Gysiger, der ihne aber vor dem Thor ver¬
439 2716 1483 2842 laßen, und viel stärcker davon gegangen,
432 2795 1470 2937 Nächst bey dem Sulgenbach habe er die Ge¬
440 2901 1477 3038 brüedere Zeitz und Peter Michel angetreffen,
439 2973 1471 3118 mit welchen er in das Weiße Stein Höltzlin for¬
437 3088 1466 3220 gegangen, da haben sie zu Erst den Ruesten¬
437 3167 1477 3313 gesehen, der sein kuth gesucht, und ihme gesagte
433 3272 1468 3398 er solle es nicht wieder ihne haben, da Er ohne
1309 3396 1431 3482 dem
1600 3143 1671 3256 i
1623 2600 1693 2706 H.
1637 1992 1689 2090 .
1644 2069 1702 2187 9.
2634 437 2759 532 95
1737 491 2750 667 dem schon geschlagen worden, ohne daß er etwas Übels
1739 643 2756 760 Jemand gethan etc. Denne haben sie auch Bendicht
1733 730 2757 870 und Hans Scherz, die Gebrüedere Gegen, Christen
1741 822 2701 914 Herren in der Bircheren und einen Buggi¬
1725 890 2747 1035 esperger Christen Hierschi angetroffen, alles
1732 984 2689 1097 Er auch mit Hanß Scher geredt und befragt,
1727 1064 2733 1197 Was sie hier haben. Der ihme aber geant¬
1727 1151 2712 1251 wortet, daß er es nicht wüße und erst her¬
1717 1242 2715 1367 zugekommen; Worauf er deßen Bruder
1727 1325 2751 1452 auch befragt, der ihme gesagt, es seye ihme
1733 1409 2695 1537 eine Täsche worden, wüße aber nicht von
1715 1494 2604 1622 wem, habe auch seinen Guth verlohren,
1715 1582 2728 1710 Solchemnach seye er fortgegangen, ihme aber
1712 1670 2724 1794 seyn nachgefolget der Hanß Müller zu Ober¬
1708 1752 2739 1894 Schwerli, Peter Schindler und die Gebrüedere
1701 1844 2340 1991 Gegi, welche hievon geredt¬
1726 1966 2462 2114 Was dann hiervon geredet worden?
1736 2067 2732 2198 der Klauß Zeender auf dem Gübel, habe dem
1713 2164 2734 2300 Scherz eine Täsche gegeben. Der Muß zug
1709 2241 2691 2352 habe ihme auch vorgehalten, warumb er es mehr
1707 2319 2749 2422 mit den Stallmeren, als aber mit den Könitzeren
1700 2395 2670 2521 halte. Worauf er demselben gesagt, die
1706 2485 2743 2621 Zalmer seyen ihrer schier so lieb als die Könitze
1728 2595 2734 2695 Er habe nicht alles gesagt, was ihme deß ohrts
1707 2663 2744 2794 in müßen seyn, solle also sagen, was er gehort
1691 2756 2651 2896 maßen bereits durch die aufgenommenen In¬
1676 2841 2640 2971 iformationen heraus gekommen, daß er
1687 2933 2737 3077 dabey gewesen, solle also sich bezeiten begreiffen
1687 3013 2389 3158 und die Sach nicht verzahlen.
1710 3125 2665 3253 Er habe alles gesagt, was er gesehen und ge¬
1682 3237 1833 3349 haut.
2512 3365 2672 3479 140
