3024 4032
357 2959 421 3066 F.
371 3059 415 3141 d
359 3135 403 3230 P
339 3303 415 3412 d.
367 350 445 436 82.
362 835 457 946 5
407 1097 466 1236 .
419 1270 463 1367 3.
405 1362 468 1450 d.
410 1436 471 1528 B.
402 1540 456 1635 E
416 1663 460 1818 .
500 451 1465 590 Tags darauf wurde mit Aufnemmung der In¬
485 532 1451 680 formationen fortgefahren und in fernerem
498 631 693 733 Verhört.
516 784 1475 949 Hans Müller von Ober Schwerli, 22
524 911 779 1029 Jahr alt.
494 1076 1462 1206 Ober nicht verleichenen donstag als den 8ten
483 1181 1158 1294 diß allhier in der Statt gewesen.
486 1278 567 1370 Jar
496 1338 1404 1463 Mann und mit dem er nach hauß gegangen.
487 1420 1469 1550 ohngefehrd umb halb 9 uhr mit Hanß Mart.
481 1501 1482 1646 Ob Er nicht ohnbeit dem Chor Leüth von König
482 1585 1468 1729 angetroffen, die eine Schlägerey gehabt haben.
487 1679 1458 1807 bey dem Weisßen Stein Holzlin habe er Niclaus
465 1769 1457 1866 Zeender auf dem Gubel, und die Gebrüdere
453 1845 1452 1960 Muß und Niclauß zug von Liebelögl. denne
463 1919 1459 2037 den Bendicht Scherz von Basel, Hans Stöckli
448 2007 1450 2152 Bey dem Zenz Rentsch, alt Kilchmeyer zu
445 2084 1456 2238 Ermeldtem Basel angetroffen, die Schlage,
442 2162 1443 2331 wrey seye aber schon Meistentheils vorbeÿ
441 2267 1428 2395 gewesen, doch habe Er noch gesehen, daß
432 2336 1443 2509 Niclauß zugi von Liebewyl dem Riesen¬
436 2440 1412 2578 einen Streich oder Straß gegeben, der
420 2529 1471 2667 Riesen aber habe sich nicht gewehrt, weiters
421 2635 1468 2747 habe er nichts beobachtet, Allermaßen sie
437 2709 1452 2818 die Gueth wieder zusamen gesucht und bald
442 2794 1455 2925 darauf mit dem Zeender und allen anderen
427 2875 862 3009 mehr weggegangen.
442 2968 1166 3087 ob er sonst Niemand gekennet.
435 3060 558 3151 Nein.
446 3106 1456 3246 Ober nichts weiters von dieser Schlägerey ge¬
415 3202 579 3302 short
435 3274 1462 3417 Er habe wohl gehört, daß sie mit ein Ander von
436 3347 1459 3498 dem Weissenstein Hölzlin biß nach Könitz
1326 3462 1425 3526 ge¬
1549 762 1719 870 Iusticit
2778 295 2859 380 83.
1707 430 2784 582 Konitz gezancket, und die Elsbeth Banni dem
1716 529 2825 680 Schertz vorgehalten, daß er ein rechter Angleits
1724 661 2041 759 Macher seyn.
1758 732 2792 852 Er wüsse beit mehrers und eigentlichere Umb¬
1724 810 2808 945 ständ hierüber beyzubringen, sonderlich, da er
1724 887 2820 994 mit ihnen von dem Weißen Stein Holzlin biß auf
1714 962 2784 1087 köniz gegangen, und etwas davon gehört haben,
1713 1042 2784 1169 werde, wolle aber dem Eint und anderen Ver¬
1716 1131 2791 1253 schohnen, solle sich aber wohl vorstellen, daß er
1721 1214 2767 1340 durch verzahlung der ihme bekandten Umbständen,
1697 1299 2302 1430 sich schuldig machen könte.
1648 1394 2544 1532 d. Er wüße nichts mehrers beyzufungen.
2532 3358 2635 3454 3.
