3024 4032
246 304 379 395 160.
297 717 380 833 G.
448 342 1455 566 Zeitter und Peinliches Examen¬
719 538 828 593 mit
444 550 1100 734 Niclauß Gugg
409 708 1358 860 Aus denen bißherigen Vergichten und
380 808 1382 964 Informationen Ergebe sich mehr als ge¬
378 899 1389 1041 rung samb, daß er einer der Meist Schuldi¬
381 1015 1362 1132 gen gewesen, indemme Er selbst bekennet
375 1087 1388 1222 auf den Kufen geschlagen zu haben, werde
376 1177 1330 1314 also für das letstemahl gutlich ermahnet
393 1274 1321 1400 nähere Umbständ zusagen, Ansonsten
389 1368 1361 1487 ohne anders harte Mittel an ihme außge¬
376 1451 926 1575 rübet werden müßen.
401 1539 1297 1648 Er könne einmahl nichts mehrers sagen,
316 1540 363 1646 d
374 1627 1330 1751 als was er außgesagt, daß Er dem Riesten¬
1331 1654 1378 1737 .
352 1712 1323 1813 zwey Streichen gegeben, und zwar nur mit
351 1821 609 1930 der Haus¬
401 1915 1297 2063 Diese seine Außaag seyn dato bey.
172 1911 388 2034 Instiert
366 2008 1375 2131 weitem nicht zu länglich und vollkommen, aller¬
339 2089 1411 2201 nmaßener, sein Bruder und Scherz unerm
343 2175 1382 2302 von anfang her den Riesen und bz unter¬
347 2260 1386 2383 den Händen gehabt, und Hans angelegt, könne
328 2349 1314 2493 also unmöglich anders seyn, als daß er
312 2424 1348 2538 hierüber mehrers wüße und gethan habe?
358 2516 1383 2666 Bezeüge, daß er bereits an tag gegeben,
257 2539 336 2660 d.
334 2622 1348 2732 was er wüße und ein mehrers seye ihme
326 2691 1372 2814 nicht bekannt, glaube aber, daß die Andern
317 2753 1355 2897 mehrers sagen können, bitte also dehmüthig¬
328 2846 1399 3006 daß selbige gleichfalls vorgenommen werden,
368 2971 1356 3108 Hierauff und da aller ihme vorgehalten,
308 3072 1377 3193 enen Umbständen, nicht weiters aus Ihme
292 3147 1362 3290 zubringen wäre, wurde Er zur Marter¬
302 3247 529 3370 geführt
949 3393 1108 3482 Und
1102 3409 1363 3536 befragt.
2586 312 2713 417 167.
1614 354 2526 533 tes und Peinliches Examen, mit
1773 471 2385 629 Niclaus Bugi
1714 634 2663 757 Wer dabey gewesen, als er den letsten
1487 659 1679 810 befracht
1624 728 2684 878 Streich dem Riesten versezt, auf welchen der
1614 811 2643 978 selbe zu Boden gefallen, und was ihme
1636 897 2642 1034 von den daherigen Umbständen bekannt
1625 1022 1772 1130 seyn.
1667 1089 2643 1228 tin mehrers, als er so offt außgesagt, habe
1563 1125 1627 1253 .
1646 1188 2660 1290 er nicht gethan, und wüße nichts anders zu
1624 1268 2664 1396 sagen, bitte nochmahls, daß die Anderen
1630 1344 2610 1463 hierüber befragt werden, als welche ohn¬
1615 1417 2690 1572 zweiffel mehrere Mußenschafft haben mögen.
1690 1541 2661 1670 In kurzem werde ihme nochmahls vorge¬
1486 1578 1691 1662 Instiert.
1615 1622 2642 1754 stellt, daß es dermahlen nicht mehr darumb
1613 1720 2676 1846 zu thun seye, daß er sich entschuldige, zumahlen
1619 1803 2602 1942 er selbst gestehen müßen, daß er dato als
1605 1880 2641 2008 der Meist Schuldige bey diesem Traurigen
1615 1968 2616 2125 Gandel erfunden werde, inmaßen so wohl.
2605 2070 2647 2127 .
1624 2042 2598 2176 seine eigene Bekantnuß, als auch ver¬
1619 2133 2643 2261 schiedene Kundschafften auf ihne Erweisen,
1618 2216 2615 2360 daß er Hand an den Verstorbenen gelegt
1618 2292 2600 2440 Dießer auch von Anfang deß Handels
1615 2382 2641 2525 biß zu End beständig unter seinen, seinen
1622 2454 2647 2589 Bruders und deß Scherzen Händen ge¬
1612 2550 2607 2680 wesen, Also dieses Blut gerechter maßen
1617 2627 2596 2767 von Ihnen, und zwar aller vorderst von¬
1629 2703 2620 2858 Ihme Inquisiten abgeforderet werde:
1629 2793 2626 2940 Seyn auch gar nicht darumb zu thun, daß er
1608 2894 2641 3015 sich in mehr oder minderem auß schonen wolle,
1610 2955 2642 3082 sonderen mit mehreren Umbständen er¬
1615 3040 2605 3174 heiteren, wie, mit was Instrumenten,
1621 3120 2643 3260 und in Weßen Gegenwart der Riesen seine
1604 3233 2182 3372 Wunden Empfangen.
2437 3306 2540 3448 d.
