3024 4032
268 291 398 380 144.
370 472 454 600 d.
466 479 1424 611 Er seyn mit seinem Meister zum Thor hinaus
466 583 1442 702 gegangen, da sie aber außenher der Braub¬
467 663 1450 788 Berseth Hauß gekommen, seye er deponent¬
464 753 1449 871 Vorausgegangen, sein Meister aber habe
442 832 1421 966 sich alda gestellt, da er bey dem Kaufzen
430 919 1430 1064 gesehen, daß Scherz und die Zug auf den
458 1029 1426 1155 Verstorbenen gestoßen, auch habe einer
449 1098 1374 1247 von den Zug, und wie er glaube, der
1376 1167 1405 1199 .
437 1191 1393 1311 Klauß, mit dem Stecken ein Streich ihme
436 1265 1424 1408 gegeben, seye aber seines Wegs fortge¬
427 1396 659 1488 ggangen.
356 1475 420 1578 fr
443 1447 1415 1617 Ob Er nicht bey dem Meisten Stein Holtze
416 1549 1189 1679 zu der Schlägerey gekommen?
359 1661 418 1759 1
449 1645 1237 1792 Nein, Er seye vorauß gewesen.
228 1769 426 1899 Instic
460 1778 1404 1922 Sein Müster habe doch gezeuget, daß er¬
409 1867 1340 1988 mit Ihme deponent immer biß in das
401 1948 1363 2091 könitz wirthshauß gegangen, so daß
384 2027 1405 2178 seine Außang unmöglich bestehen könne.
323 2149 1417 2274 R. der Meister möge deponiert haben, was
395 2233 1414 2359 er wolle, einmahl seye seine Außaag wahr¬
376 2305 1422 2442 schafft, und bezeuge, daß er grad vor dem
355 2402 1409 2542 Sulgenbach von seinem Meister wegge¬
367 2483 1419 2620 gangen, und seinen Meister von der an¬
374 2580 1407 2712 nicht mehr, sonder erst Morgens wieder
373 2680 852 2812 bey hauß gesehen.
379 2747 1407 2905 mit wein Er von dem Meisten Stein Holtzlie
278 2776 349 2895 g
352 2872 899 2989 nach Hauß gegangen.
376 2951 1399 3080 Es seyen allerhand Leüth mit Ihme gegangen,
272 2974 345 3074 G
364 3049 1206 3165 davon er aber niemand gekennet.
365 3122 1403 3277 Ob er auch sonst von dieser Sach nichts gehört.
281 3136 331 3255 H
279 3237 493 3378 d. sein.
1151 3351 1349 3501 Illus
1604 2034 1659 2162 d
1610 2443 1665 2547 3.
2599 403 2714 497 145
1706 502 2625 694 Veter Michell, von Mangestorff
1719 657 2657 803 Nach voraußgesetzter Ernstlichen Erinner¬
1694 760 2630 870 irung das, was er in voriger Verhör nicht
1714 834 2681 985 ausgesagt, dißmahlen völlig an tag zu
1706 943 1865 1021 geben.
1612 1206 1682 1314 2.
1702 1193 2688 1338 Solle mehrere und nähere Umbständ von der
1691 1291 2615 1416 Schlägerey Eröffnen, allermaßen er in ge¬
1682 1373 2679 1498 gsehen, daß dans Jugi dem Riesten mit
1688 1461 2692 1596 der Faust ein Streich auf das Genick gegeben
1678 1542 2607 1695 und daß Muß Gugi geschwohren habe?
1603 1673 2675 1810 R. Er habe vormahls alles gesagt, was er gesehen
1688 1757 2677 1899 und gehört, maßen die Schlägerey schon vor¬
1663 1846 2672 1974 bey gewesen, da er hinzugekommen, seyen
1669 1938 2679 2076 da gewesen, schern, die beyden Hugi, Girschi.
1694 2044 2671 2178 Über den Streich, so Clauß zug zu End¬
1669 2132 2692 2258 deß Streits dem Riesen versetzet, ob er¬
1676 2219 2614 2344 glaube, daß es mit der bloßen Haus ge¬
1651 2312 2604 2445 gschehen, oder mit bewaffneter Hand 2.
1690 2433 2667 2563 das könne Er so eigentlich nicht laußen, noch
1679 2517 2664 2641 mit gutem gewüssen etwas anders Zeugen,
1660 2609 2547 2738 als daß der Streich hart angegangen.
1749 2702 2676 2860 Wurde mit Vermahnung und Errinnerung,
1666 2819 2693 2976 daß seine Außaagen mit dem Eydt werden
1645 2903 2677 3061 zu bestätigen seyn, vor dißmahl dimittirt.
2375 3250 2702 3394 Willhelm
