3024 4032
254 2862 334 2971 L
287 362 358 423 16.
289 1073 366 1183 R.
350 403 1375 610 Grittes und Peinliches Ckamen
666 547 784 640 M
449 637 1202 857 eisten Dunera
470 870 1444 1007 Pramissa Exhortatione ad Veritatem
406 1037 1445 1168 Er gestehe zwahr, durch die gransame Marier, mit
394 1139 1453 1254 deren Er mit seiner unglückhafftigen Ehefraulen¬
393 1224 1452 1340 umbgegangen, daß Er der Ursächer ihres so geschloind
389 1315 1458 1423 Erfolgten Todes seÿn. Dennoch aber habe Er die Wahre
382 1390 1459 1514 Vergangenheit dieser leÿdigen That noch nicht Eroffent,
384 1491 1457 1612 und aber seÿn daran gelegen, daß er eine aufrichtige
386 1569 1469 1684 und vende Bekantniß seiner fehlers abstatte, wie ihme
375 1659 1459 1768 solches schon in vorigen Examinibus Umbständlich vor¬¬
374 1753 1435 1862 gestellt worden; Und da Eine Hohe Aberkeit sich an
370 1835 1465 1938 seiner bißherigen Vergicht nicht Erhättigen können, so¬
374 1921 1439 2044 sege Er anjezo noch in Güte ermahnt sein Gelaußen¬
373 2020 1466 2127 völlig zu entladen; Sonsten er wnigerenden Falls mit¬
363 2097 1460 2239 Zlrang und Anloendung der Marter zu Entdeckung der
359 2178 1217 2315 reinen Wahrheit werde angehalten werden?
280 2401 1463 2524 d Er könne Einmahl keine andere Gekantnuß deß Ahrts¬
346 2488 1464 2601 abstatten, maßen Er in seinen zwoegen hievorigen Exami¬
352 2570 1475 2718 mibus die völlige Mahrheit gereret, darbey Er stäts ver¬¬
340 2674 513 2788 vbleiben.
370 2869 1466 2994 Es seyn unmöglich, daß Er sein Eheleib hlönschen der¬
356 2947 1479 3074 Thur und der Schlellen also klemmen und trucken können,
352 3032 1464 3154 daß ohne eineche Verfehrung der Haut man rings herumb¬
356 3113 1464 3257 an dem Hals ein gleiches Anmahl. (: Wie ein Hand: gefur¬
348 3205 1434 3324 nden, darauß dan abzunemmen, ja überzeugend zu¬
340 3289 1450 3388 schließen, daßer dieser seiner frauben Todt auf eine
1264 3407 1395 3505 gentz
1568 2064 1635 2187 2
1767 422 2377 585 Gristen Kiener.
1668 592 2717 736 ganth andere Art beförderet; Derohalben solle-
1676 692 2735 825 er in Godter Nahmen bekennen und sagen, Ob Er¬
1674 774 2675 896 nicht mit einem Strich, Hand, Haarschnur, Ffreiß¬
1677 851 2707 993 Nestel, oder sonsten etbas anders dergleichen sein
1673 949 2435 1077 Weib Erdroßlet, oder Erbürgt habe?
1693 1093 2731 1257 Konne gar nichts anders bekennen, als bas Er hie¬¬
1591 1110 1674 1253 2.
1668 1200 2356 1332 oben gesagt, das seÿn die Wahrheit¬
1582 1389 2678 1521 Instier. Mon Er nicht zu mehrerer WMahrheit in Güte zu¬
1675 1493 2725 1587 bringen seÿe, so werde er mit der Marter darzu ge¬
1672 1571 2680 1656 bracht berden müeßen, bie Er dann allbereits den¬
1669 1656 2716 1779 draußen stehenden Scharpft, Richter zu dem End ge¬
1669 1739 2719 1837 sehen; Solle sich allso vor Schmertzen an seinem Armen
1673 1833 2717 1929 Leib seÿn und die Warheit hervorgeben, zumahlen man
1669 1895 2712 2013 mit seiner Zekantnuß gar nicht sich Benügen könne?
1674 2060 2703 2201 Er bidte inständig ihme mit der Folter und seinem
1679 2154 2675 2270 alten schickern Leib zu verschonen, dann er einmahl
1664 2225 2686 2338 keine mehrere Bekantnuß thun könne; Er habe gar
1657 2318 2717 2430 nichts beder Schner, noch Strich gebraucht, sondern ledig,
1654 2405 2690 2509 lich allzuhart sein Weib Zläischen der Thür und der
1657 2479 2711 2570 Schlellen geblemmet, da vieleicht, weillen die Brauben
1655 2556 2705 2668 zu scharpft, und sein Meib während dem Klemnen den
1655 2650 2705 2772 Hold gedrehet, die Anmahler sich gemachet, darbey
1659 2737 1921 2840 Beharre Er¬
1593 2908 2700 3056 Difennach burde Er zue folter geführt, und de
1663 3034 2726 3131 alles zuredens und Ermahnens ohngeachtet, Er nichts¬
1657 3103 2717 3231 beiters Bekennen wollen, sondern mit locherüchtigem
1646 3213 2749 3329 Hrüblen und Schreyen versicherte, bie daß Er die völlige
1642 3291 2726 3423 Wohrheit geredet, ist er auf den Folter, Banck gesetzet,
2594 3411 2676 3487 ge
2739 339 2804 415 17.
