3024 4032
322 353 456 423 104.
649 366 988 492 Excamen.
690 468 879 576 ist mit
501 466 1485 622 Christer Firsch. von Buggisperg
505 574 1477 717 zu anbewyl, bey Alleich Zeender in
501 681 1179 801 diensten, atatis 26. Jahr.
653 796 1346 959 Praemissa Exhortatione
516 902 1450 1045 Ob er noch sagen dörffe, daß er erst
408 926 493 1034 I.
486 983 1473 1138 zu letzt zu der Schlägerey gekommen
512 1069 1489 1218 Weit nahen, welches er mit Zeugen be¬
415 1105 496 1224 3.
486 1167 949 1297 scheinigen könne.
506 1251 1480 1372 Ob Er dann nit darbey gewesen, als die Fall
408 1286 487 1386 d.
484 1328 1424 1446 einer von denen Konitzeren hieher dem
492 1419 1470 1553 Meistenstein Höltzli angegriffen, und
489 1493 1200 1634 zu boden gestoßen worden?
428 1629 652 1736 d. Meine
427 1685 1181 1806 d. Wo er dann darzu gekommen.
418 1771 1407 1916 d. dorten bym Meißenstein Höltzli, da
485 1858 1458 1988 nach der Schlägerey sie einander die Güth
450 1937 763 2069 geforderet.
479 1992 1360 2117 Welcherm Ander die Buth geforderet?
418 2058 460 2134 .
500 2104 1470 2235 Zindicht Scherz, welcher gesagt, er gebe den
419 2118 485 2224 .
449 2193 1456 2321 sder habe nicht von Handen, biß daß er den
475 2276 992 2384 einigen wieder habe.
477 2352 1458 2467 Ober die beyden Gallmer nicht da gesehen.
395 2376 448 2461 G.
402 2440 1369 2585 R. Er habe Niemand gekennet, keine die
455 2540 963 2668 Ballmer auch nicht.
469 2616 1418 2758 Ob er nicht gefragt, was sie damit eine
380 2643 439 2745 g
449 2723 823 2841 hander haben.
461 2804 1463 2912 Wohl er habe gefragt, aber Niemand habe
380 2829 433 2921 d
440 2892 1468 3025 ihme geantwortet, als was der Scherz wegen
443 2988 909 3111 seinem Guth gesagt.
443 3070 1474 3180 Mit weiner von der nacher Hauß gegangen.
371 3070 439 3190 d
461 3168 1478 3301 Er seye von der geroden Wegs, mit Clauß
370 3181 432 3279 3.
425 3245 1461 3382 und Jacob Hugi, Madle und Elsbeth Christen
432 3327 1458 3450 und Christen Spychers zu Herzweyl Jung¬
406 3419 1194 3535 framb nacher Kauß gegangen.
1320 3459 1407 3565 G.
1656 588 1714 682 g
1663 1301 1720 1416 h
1666 1476 1725 1586 7.
2666 389 2769 475 105.
1849 407 2346 563 Christen Firschi
1751 550 2771 691 Weilen Er Erst zu End der Schlägerey darzu ge¬
1727 647 2752 751 kommen, ob er nicht die obigen, so darbey ge¬
1734 722 2761 827 wesen, unterwegs auf dem Geymb bey darumb
1725 786 2006 900 gefraget.
1663 854 2034 1005 d. Kein Mort.
1669 953 2722 1085 den. Ob auch seithar er mit niemanden von dieser
1728 1028 2109 1153 Sach gesprochen.
1685 1125 2722 1237 d. Mit Niemand als mit zendicht Scherz, ver¬
1722 1214 2728 1331 gangenen Sonntag zu Liebewül im Dorff.
1741 1293 2768 1422 Ob er nicht tags nach der Schlägerey mit dem
1713 1376 2289 1494 Schertz darvon geredet.
1750 1465 2766 1580 Nein wohl habe er ihne im Kolz, da er geholtzet,
1730 1526 2763 1659 gesehen, alles der Scherz ihme im vorbey gang¬
1714 1602 2785 1728 einen guten Tag gewünschet, anders aber haben
1699 1689 2313 1800 sie dorten nichts geredt.
1723 1789 2767 1935 Auf diese so freche als wiederhalte Negatio
1708 1883 2780 2007 wurde der Scherz gegen den Inquisiten Ziersch
1715 1963 2747 2100 alsobald confrontieret, und da dem letzteren
1707 2043 2676 2176 von dem Ersteren vorgehalten worden,
1717 2129 2747 2260 freylich seyen sie tags noch der Schlägerey
1714 2214 2709 2335 mit einander, aus dem Soltz hinweg, da sie
1704 2296 2740 2422 Einander angetroffen, in ein Scheürli ge¬
1699 2386 2667 2507 wesen, allwo sie mit Einander von der
1693 2461 2762 2600 Schlägerey geredet, mußte der Hirsch, nach
1709 2548 2764 2651 etwelchem laugnen, deßen Endtlich bekan̄t, und
1693 2637 2043 2754 geständig seyn.
1706 2729 2713 2841 Zweytens hielte der Scherz dem Girschi vor¬
1718 2813 2696 2918 daß er zu ihme damahls auch gesagt, wie es
1699 2885 2765 2988 etwann Heute denen Zollmeren seyn, dennn, daß
1696 2958 2544 3088 er geredt, Er habe ihne Braft geben?
1702 3065 2753 3212 Welches aber der Kirschi völlig abgelaugnet,
1714 3154 2724 3265 der Schertz hingegen mit betheürung darauf
1708 3241 2721 3341 beharret, mit dem hinzuthun, wie Er Hirschi
1704 3315 2732 3432 ihme gleichfalls verdeütet, die Meitli, so bey
2572 3404 2676 3500 Ihm
