3024 4032
242 349 408 439 252
290 387 396 493 Man
320 792 388 898 D.
416 351 1394 518 vegen Hieronimus Roster
398 490 1411 619 Ob Er diese Lehr aus sich selbsten hervor¬
397 593 1391 716 gebracht, oder aber solche von denen
401 686 936 805 Brüggleren gehöret:
413 783 1392 900 Das habe er von denen Brüggleren nicht
396 870 1378 1010 gehöret. Was ihne aber betreffe, so seyn
389 971 1397 1120 es am Mißverstand, indem er so wohl
401 1077 1406 1206 droben als hier vor der Religions - Com¬
395 1161 1380 1305 mission behaubtet, daß dieses nicht in
397 1247 1359 1398 dem Verstand von ihme seye geredet
389 1375 605 1456 worden.
306 1437 374 1564 D.
394 1440 1322 1574 Was die Brüggler von dem Lehr- und
389 1544 1394 1688 Predig Ambt im Land gelehret und geredet,
318 1656 1380 1783 d. Müße gestehen, daß sie mit vieler ver¬
368 1746 1360 1862 rachtung von den Herrn Pfarrherren ge¬
370 1839 701 1931 gredet haben.
361 1915 1341 2049 sub 5ten Decembris 1752. bestätiget
370 2011 1314 2133 Elias Brulhard seine hin obige Depo¬
347 2094 1379 2232 isition under Augen deß Muß Rohlers
349 2210 1180 2336 und fügt annoch folgendes Bey¬
357 2306 1369 2438 Daß der Kohleren ihr fürnembstes Ab¬
341 2412 1336 2536 sehen in aller dieser Verlehrigen Auff¬
341 2490 1318 2644 führung gewesen seyn, deß Müßige
340 2611 1266 2741 gangs und Unkeüsch, Wohküstigen
338 2693 1341 2822 Lebens zu pflegen. Welches unter
335 2794 1337 2911 anderem daraus abzunemmen, wie die
341 2887 1354 3002 bußen Ihnen von allen Ohrten her Ein¬
310 2998 1336 3121 und zugekommen, so daß Ihnen noch ein¬
316 3088 1339 3223 schönes Gelt fürgeblieben, Obschon hie¬
327 3185 1246 3322 bey 300. r. buß erlegen müßen.
1496 2708 1540 2805 u
1484 2901 1557 3014 d
1496 1855 1555 1976 .
1472 2058 1548 2175 d
1501 1173 1555 1298 .
2536 236 2682 321 253
1492 225 2536 514 diseren Guerominus Röhler.
1568 453 2597 669 Christen Heyeler, von Elle und
1474 599 1554 699 11.
1566 596 2617 758 Amts Schwarzenburg, verheürathet, bey
1554 706 1959 877 85. Jahren Act.
1568 808 2547 959 ws ihme nicht in Mußen, daß die Brudern
1486 883 1552 999 .
1552 912 2562 1060 Mohlen von Brügglen, seith ihrer Ban̄isa¬
1556 1000 2630 1177 tion sich wieder hier im Land einbefunden,
1558 1107 2602 1280 Er selbsten habe sie nicht gesehen, Sinte¬
1543 1214 2614 1373 mahl sie ihme nicht getrauwet, sondern
1558 1323 2620 1456 als einen fund und Abtrunnigen ansehen,
1668 1424 2619 1576 Er habe aber vielfaltig gehört, daß sie
1554 1522 2617 1670 da seyen. Er habe sie das letstemahl gesehen
1536 1618 2592 1773 zweytag, ehe die Christen den Ban̄isati¬
1544 1735 2175 1874 cons. Eyd geschwohren.
1571 1816 2570 1957 Warum er sich von diesen Leuthen abge¬
1539 1928 2317 2072 pfrennet, und sie verlaßen.
1586 2019 2554 2167 Er seye diesen Leuthen nachgefolget in
1558 2126 2588 2250 gutem Absehen und Sorg für sein Teil, da
1556 2215 2589 2321 er aber nach und nach erfahren, daß so wohl
1544 2314 2553 2435 in denen Versamblungen ärgerliche Lehren
1558 2406 2536 2539 geführt werden, als in sonderheit auch ihr
1561 2510 2577 2629 Lebwesen auf Ankeüschheit abgehe, so habe
1568 2603 2470 2723 ihne das Endlich von Ihnen abgetrennet.
1579 2677 2574 2824 Was ins besonders Er für ärgerliche Rieden¬
1568 2774 2281 2909 und Lehren von Ihnen gehöret?
1578 2851 2608 3014 Sie haben sich außgegeben, als die zwey Zeugen
1571 2959 2587 3119 der Offenbahrung Johannis und hoher Offen¬
1553 3035 2586 3191 rbahrungen berühmet. Mann er in bestem¬
1547 3116 2584 3267 Absehen von Würckung seines Huls, von
1558 3191 2540 3353 lesten und bätten geredet, haben sie ihme
1565 3286 2472 3406 vorgehalten, Er könne noch nicht wandlen.
2388 3338 2603 3440 Dieses
