3024 4032
341 2259 401 2364 d
307 280 437 366 138.
355 1123 421 1233 .
337 1747 424 1898 I
389 1505 421 1593 .
494 309 1354 492 Dortgesezte Informationen
478 480 1442 625 Sambstags den 24ten Junii. 1752.
481 581 1439 732 durch eine gnädige Herren Raths Herren Stürler
485 664 1448 796 mit Meine gnädiger Herrn Großweibel und Gricht
473 759 769 881 Schreiber.
530 869 1368 1082 Barbara Hanns
667 1022 1024 1141 vorgemeldt
467 1113 1456 1237 Ob damahls, als der Schern den Clauß
442 1199 1450 1325 Gernder in die Körn gestoßen, und darauf
452 1292 1423 1417 von demselben einen Streich empfangen,
455 1370 1368 1516 der Scherz ihns bey der Hand gehalten.
473 1495 1445 1619 Nein, zumahlen er Ihns schon hiehar dem
436 1562 1383 1691 Weißen Stein nicht mehr wieder bey der
427 1653 1185 1782 Hand, noch dem Rock gehalten.
442 1754 1445 1921 Sie solle Eigentlich hersagen, wie weit sie
427 1880 1373 2007 bey diesem Handel gewesen, und ob sie
431 1957 1423 2091 nochmahls versichern, daß sie nichts mehr
406 2061 1411 2174 yrers, als was sie in der Ersten Deposition
403 2147 999 2268 angegeben, ersehen habe?
431 2261 1439 2400 der Scherz habe ihns hiehar dem Burgeren
397 2353 1431 2487 Zihl laßen gehen, und seye vor ausgegangen,
395 2448 1429 2565 es Deponentin aber mit der ganzen Gesell
369 2529 1417 2666 nschafft nachgefolget, da mann dann beständig¬
383 2626 1398 2757 auf die Zallmer gestoßen, daß sie auch viel¬
366 2708 1439 2851 mahls zu Boden gefallen, biß in das Holzlin,
364 2809 1426 2946 Allero der Scher von dem Zeender einen Streich¬
365 2909 1430 3035 Empfangen. Schon zuvor habe es hinder
371 3004 1419 3122 ihme Streichen gehört, der Scherz aber
350 3084 1429 3233 seyn auf den Empfangenen Streich für sich
365 3168 1410 3323 geloffen, da seyen die Streichen erst recht¬
1344 3315 1381 3367 .
366 3284 1348 3420 angegangen, es aber seye mit dem B
1175 3385 1391 3514 zukauf
2603 377 2710 497 19
1664 478 2637 657 zurückgeflohen, da ihme dann sein Schwager¬
1684 553 2636 724 und Schwöster begegnet, mit denen sie her¬
1672 664 2373 785 nach gegen Heimb gegangen.
1705 764 2677 894 Ob es eigentlich gesehen, daß damahls einer
1613 796 1668 895 .
1679 835 2658 959 von denen gebrüederen Zug, und ein kleiner
1675 910 2613 1058 Guggisperger, Knecht bey Ulli Zeender,
1671 1007 2534 1123 mit Stecken darein geschlagen haben?
1613 1089 2695 1246 R. Ja könne aber nicht wüßen, welcher von bey den
1664 1188 2666 1320 Segi es gewesen, kenne auch den Guggisper¬
1663 1265 2686 1395 iger anders nicht, habe aber im Grumb weg
1672 1361 2677 1482 von Anderen, Nahmentlich dem 3ten ihne also
1667 1437 2694 1552 neuen gehört, könne mit gutem gewüßen
1665 1510 2680 1643 nicht eigentlicher reden, wann man ihme schons
1657 1601 2642 1736 die ob vernambseten Zug und den Hirschi
1660 1688 2598 1818 vorstellen solte, zumahlen es voller
1665 1767 2013 1892 Angst gewesen.
1594 1884 1639 1970 g
1672 1860 2667 2002 Wo der Scherz gewesen, als erzellter maaßen
1675 1957 2197 2089 die Streichen ergangen.
1607 2002 1652 2149 d
1666 2025 2628 2170 Er seye neben ihme gewesen, und habe bald
1663 2131 2670 2265 diesen, bald jenen gestoffen, seye auch bald
1654 2204 2219 2321 vor, bald nachgeloffen.
1610 2306 1657 2408 B.
1672 2306 2704 2422 Ob es sich noch wohl errinnern, was es letsthin
1653 2378 2604 2512 liegen Christen Burren außgesagt?
1598 2481 2713 2616 Sp. Ja, Maßen es ihne schon vor der Statt an¬
1660 2568 2690 2690 getroffen, und habe schon geholffen, vor¬
1663 2659 2713 2783 und in dem Weisen Stein hölzli gesehen stoßen
1661 2724 2212 2869 und nahmentlich den 3.
1747 2848 2710 2997 zu Aufheiterung dieser Umbständen
1687 2955 2686 3084 wurde dans dz hinein beruffen
1669 3062 1784 3151 und
1779 3117 1815 3152 .
1503 3149 2631 3342 Befragt: Ob Er neben der Barbara Hann.
2410 3297 2692 3441 gestanden
2686 1791 2756 1879 3
2698 738 2738 805 2
