3024 4032
234 306 368 389 158.
290 1916 352 2046 a
293 1037 376 1148 I.
389 340 1353 549 Mitwochen den 28ten Juny 1752.
401 468 1423 652 wurde zu Aufheiterung der Sach anoch
404 568 729 693 auch verhört
449 701 1268 886 Denissons Theodor, die
394 833 839 980 Wihrt zu Konitz.
557 919 1354 1059 Praemissa exhortatione
415 1044 1394 1180 da sicherem Bericht nach Scherz und Ge¬
365 1132 1390 1247 brüedern Zug, samt anderen Könitzeren
377 1217 1345 1323 mehr den 8ten diß von der Schlägerey zu
388 1293 1277 1405 Ihme gekommen und da getruncken, So
377 1371 1385 1500 werde er ohn allen Zweiffel etwas dieser Sach
365 1452 1306 1578 halb gehört haben, so hierüber liecht geben.
364 1531 1366 1664 könne, solle also alles offenbahren, und nichts
365 1613 1343 1744 verhalten, was ihme in wüßen seyn, maßen
365 1713 1366 1831 der Johen Oberkeit daran gelegen, auf
371 1794 1369 1920 allmögliche Weiße die Wahrheit zu büßen.
376 1888 1341 2035 Er wührt seye zimblich spath und bey zu¬
361 2003 1308 2113 schloßen dem Chor hier weggegangen,
346 2079 1281 2203 und noch Hauß gekommen, da seyn der
324 2152 1381 2283 Schez in der Unteren Stuben gewesen, und
340 2254 1389 2368 habe ein Vurtelin getruncken, Er wihrt
338 2339 1315 2459 seye gantz Mund da geblieben, und habe
328 2416 1303 2567 von dem Scherz den Abend nichts anders.
339 2511 1363 2629 vernommen, als daß er einen Streich Ein¬
316 2567 1395 2719 epfangen, von welchem Er sturm zu boden
320 2665 553 2803 gefallen.
316 2759 1377 2907 In der Oberen Stuben seyen gewesen Meß
304 2868 1320 2983 Rugij, Christen Zurren und andere mehr,
317 2949 1342 3072 wie er nicht kenne, denen habe sein Knab
311 3031 1364 3178 aufgewartet, wüße also nicht, was droben
298 3136 561 3246 passirt
1196 3234 1357 3359 daß
351 3249 1166 3364 Mann wolle ihme nicht verhählen,
111 3232 349 3351 Instreit
1216 3323 1328 3413 bas
314 3337 1177 3460 wann er nicht klar auß reden werde.
1215 3404 1340 3479 ihme
1538 1062 1622 1175 d.
2585 312 2728 422 159.
1634 442 2693 589 ihme diß ohrts bekannt, man nach richtigkeit
1628 542 2652 670 der Sach mit aller Schärpffe mit ihme pro¬
1621 628 2655 771 pcedieren werde, solle ins besonders sagen,
1632 715 2593 855 ob nicht wahr, daß selbigen Abendts ein
1624 816 2682 940 solutiger Stecken in seinem Hauß gewahret.
1612 892 2577 1039 worden, und wenn derselbe angehöret?
1640 1025 2682 1130 davon seye ihme nichts bekannt, und habe
1619 1115 2579 1268 auch von seinen Leüthen nichts gehört
2162 3163 2448 3331 Dilles
