3024 4032
343 353 438 430 74.
485 459 1480 610 Als wir Unß erkundigten, ob der Erblaße¬
484 571 1465 690 te vorhero Branck gewesen, viel gehustet etc.
491 648 1460 774 wurde solches mit Nein Beantwortet, wohl¬
471 718 1452 848 habe er vor zwey Jahren die Bussenteriam
471 800 1449 913 gehabt, seye aber damahls glücklich davon
492 863 1476 982 curiert worden, und seither immer gesund
470 964 682 1073 gebehen.
483 1012 1464 1149 In Betrachtung nun der Zeit, da Er ver¬
1261 1104 1290 1174 .
478 1089 1261 1207 lezet, biß er verbunden worden.
464 1166 1449 1285 deß gehens noch der Verwundung biß nach¬
464 1229 1438 1362 Schlien, wordurch sein Geblück sich sehr er¬
464 1327 645 1414 rhizete.
468 1362 1439 1496 deß tags darauf erfolgten Transporto von
462 1444 1451 1554 Schlien biß in die untere Alment, wordurch
463 1510 1434 1628 sein Geblüeth noch in größere Mucht gerier¬
457 1607 563 1708 1tn.
460 1653 1121 1775 deß sehr bloßen Reichnams.
448 1739 1336 1839 deß verbands, so ganz voll blut wäre.
458 1813 1312 1922 der Situation und Arth seiner Wunden.
437 1905 1432 2012 Derer in dem Kaubt, Brust und Bauch lahren
451 1967 902 2080 blut gefaßen &c.
436 2044 1413 2166 Schließen Wir denen Principus medico
448 2138 1449 2241 Chirurgicis gemäß, daß der große Blut ver¬
435 2212 1426 2338 kurst die nächste Ursach seines Todts gebe¬
427 2293 1477 2406 sen, daß der verwundete von diesen Wunden
427 2369 1435 2488 entweder gar nicht, oder doch nicht sobald ge¬
422 2447 1438 2563 estorben, wann er erstlich alsobald und behörig
437 2536 1428 2656 verbunden worden: dens keine Reyse
648 2613 718 2680 ge
427 2607 1463 2740 weder zu deß noch zu Pferdt gemacht, und
418 2698 1455 2817 3 tens ein Behöriges Bandage unter Be¬
419 2792 1453 2918 ständiger Aufsicht und Gegenwart eines
427 2873 1316 3008 Wundarzt wäre applicirt worden.
434 2972 1429 3105 Welches wir hiemit mit Unserer eigenen
417 3065 1451 3194 Underschrifft Pflichtmäßig attestieren.
507 3154 1465 3299 Signirt Samuel Meytenbach p. t. med. ad. tit.
741 3255 1257 3373 Eg Kuhn Chir. Insul.
1582 532 1682 631 d.
1737 538 2653 701 Christer Kisten, von Oberbalen,
1652 667 1718 749 .
1747 663 2706 792 Act 27. Jahr, ledigen Standts, in seines
1741 735 2724 854 Vatters Hause, auf seinem Bett vernommen
1741 817 2727 929 und noch einer wegen seinen schwachen Umb¬
1722 874 2392 988 standen kurzen Exhortation
1581 952 2772 1092 befragt: Wer Ihne verlachenen Donstag geschlagen
1726 1045 1893 1129 habe
1642 1124 1715 1208 13.
1738 1113 2735 1248 Wer ihne angegriffen habe, wüße er wohl, und
1731 1204 2396 1304 seÿn Bendicht Scherz von Basel¬
1658 1265 1705 1363 H
1730 1277 2411 1371 Wer noch mehr dabey gewesen?
1661 1346 1705 1437 3
1737 1349 2744 1485 Ihrer viel, Er zwar kenne sie nicht, wann er sie schon
1726 1419 2167 1523 bey tag sehen wurde.
1647 1510 1702 1587 .
1738 1489 2712 1601 User bey ihme gewesen, als er geschlagen worden.
1655 1573 1717 1667 .
1735 1576 2727 1696 Hanß Otz aus der Korberen Matt, welcher auch ge¬
1717 1649 2732 1762 gschlagen worden, denne Elsbeth Hännj und ihr Mann
1718 1722 2741 1806 wie auch Barbara Könni deß Chorrichter Bendicht
1713 1783 2627 1913 Tochter, nebst Niclauß geender auf dem
1711 1855 1855 1944 Rebel.
1658 1927 1702 2018 .
1729 1937 2715 2052 Ob vorher Streit und Bundschafft zwüschen Ihnen
1720 1991 1910 2087 gewesen.
1653 2064 1704 2154 d
1729 2057 2689 2168 Mann habe wohl seith langen bemercket, daß
1708 2129 2656 2236 die von König denen von Oberbalm gehäßig
2675 2156 2705 2209 .
1705 2190 2684 2304 seyen, sonst haben sie keinen Streit gehabt, und
1705 2268 2681 2382 seyn Er deponent mit seiner Gesellschafft zur
1691 2346 2746 2457 Statt hinauß gegangen, da er dann auf dem humb¬
1715 2406 2738 2513 Wung bey Herren Zerseths Hauß die Gegenparth
1696 2496 2753 2590 angetroffen, welche ihnen die Barbara Tönni mit weg
1690 2566 2710 2683 genommen. Bey dem Weisen Stein Holtzli aber
1697 2625 2716 2739 habe der Scherz ihme gewartet, und ohne anders
1693 2710 2695 2820 ihne von der Seithin angegriffen, Ein anderer
1691 2769 2721 2879 aber habe ihme mit einem Stecken auf das Guit¬
1693 2853 2679 2973 gegeben, so daß er zu Boden gefallen, Ich doch¬
1689 2929 2690 3048 seye er wieder aufgestanden, worauf Er einen
1687 2994 2698 3098 zweyten Streich empfangen. Was ihme aber
1687 3073 2733 3184 nachwerts wiederfahren, möge Er nicht wüßen
1689 3143 2287 3270 Den 13ten Juny 1752.
2694 410 2772 465 25
