<?xml version="1.0" encoding="UTF-8" standalone="yes"?>
<PcGts xmlns="http://schema.primaresearch.org/PAGE/gts/pagecontent/2013-07-15" xmlns:xsi="http://www.w3.org/2001/XMLSchema-instance" xsi:schemaLocation="http://schema.primaresearch.org/PAGE/gts/pagecontent/2013-07-15 http://schema.primaresearch.org/PAGE/gts/pagecontent/2013-07-15/pagecontent.xsd">
    <Metadata>
        <Creator>prov=University of Rostock/Institute of Mathematics/CITlab|PLANET AI GmbH/Gundram Leifert/gundram.leifert@planet-ai.de:name=German_Kurrent_XVI-XVIII_M5.4(htr_id=38771)::::v=2.6.7
prov=University of Rostock/Institute of Mathematics/CITlab|PLANET AI GmbH/Tobias Gruening/tobias.gruening@planet-ai.de:name=de.uros.citlab.module.baseline2polygon.B2PSeamMultiOriented:v=2.6.7
prov=University of Rostock/Institute of Mathematics/CITlab|PLANET AI GmbH/Gundram Leifert/gundram.leifert@planet-ai.de:name=Transkribus German Kurrent M2(htr_id=29820)::::v=2.6.7
prov=University of Rostock/Institute of Mathematics/CITlab|PLANET AI GmbH/Tobias Gruening/tobias.gruening@planet-ai.de:name=de.uros.citlab.module.baseline2polygon.B2PSeamMultiOriented:v=2.6.7
prov=University of Rostock/Institute of Mathematics/CITlab|PLANET AI GmbH/Tobias Gruening/tobias.gruening@planet-ai.de:name=/net_tf/LA73_249_0mod360.pb:de.uros.citlab.segmentation.CITlab_LA_ML:v=2.6.7
Transkribus</Creator>
        <Created>2022-05-02T15:21:59.026+02:00</Created>
        <LastChange>2022-09-12T15:28:16.945+02:00</LastChange>
        <TranskribusMetadata docId="1334850" pageId="52363024" pageNr="96" tsid="114644933" status="IN_PROGRESS" userId="9570" imgUrl="https://files.transkribus.eu/Get?id=DZMDQPZZRNUYAUOLQHWRHNQH&amp;fileType=view" xmlUrl="https://files.transkribus.eu/Get?id=KMQVBBAKAKCNJOKCEIFBVRBG" imageId="30688093"/>
    </Metadata>
    <Page imageFilename="IMG_6909.jpg" imageWidth="3024" imageHeight="4032">
        <ReadingOrder>
            <OrderedGroup id="ro_1687513628856" caption="Regions reading order">
                <RegionRefIndexed index="0" regionRef="r1"/>
                <RegionRefIndexed index="1" regionRef="r2"/>
                <RegionRefIndexed index="2" regionRef="r3"/>
                <RegionRefIndexed index="3" regionRef="r4"/>
            </OrderedGroup>
        </ReadingOrder>
        <TextRegion orientation="0.0" id="r1" custom="readingOrder {index:0;}">
            <Coords points="233,346 233,502 347,502 347,346"/>
            <TextLine id="r1l1" custom="readingOrder {index:0;}">
                <Coords points="227,467 245,467 267,456 285,466 305,457 323,470 339,457 355,464 351,383 326,395 316,391 306,400 288,391 284,396 262,395 233,421 225,422"/>
                <Baseline points="233,452 261,449 290,448 318,447 347,446"/>
                <TextEquiv>
                    <Unicode>186.</Unicode>
                </TextEquiv>
            </TextLine>
            <TextEquiv>
                <Unicode>186.</Unicode>
            </TextEquiv>
        </TextRegion>
        <TextRegion orientation="0.0" id="r2" custom="readingOrder {index:1;}">
            <Coords points="353,474 353,1968 1365,1968 1365,474"/>
            <TextLine id="r2l1" custom="readingOrder {index:0;}">
                <Coords points="395,542 404,539 410,543 425,527 436,533 448,527 458,532 470,528 482,536 490,534 480,451 462,450 451,461 428,467 408,457 397,465 385,465"/>
                <Baseline points="398,509 425,511 452,506 479,500"/>
                <TextEquiv>
                    <Unicode>5t.</Unicode>
                </TextEquiv>
            </TextLine>
            <TextLine id="r2l2" custom="readingOrder {index:1;}">
                <Coords points="380,583 451,566 558,626 669,559 831,590 884,548 970,581 1015,556 1302,571 1301,497 1168,506 1028,444 886,493 712,430 613,446 494,537 379,553"/>
                <Baseline points="386,566 431,563 476,560 522,558 567,556 613,555 658,554 704,552 749,552 795,551 840,551 885,551 931,551 976,549 1022,549 1067,549 1113,549 1158,548 1204,547 1249,546 1295,545"/>
                <TextEquiv>
                    <Unicode>und Peinliches Examen¬</Unicode>
                </TextEquiv>
            </TextLine>
            <TextLine id="r2l3" custom="readingOrder {index:2;}">
                <Coords points="665,657 686,650 698,660 702,657 720,664 729,658 737,660 745,652 754,656 768,645 789,652 789,576 734,594 715,596 702,590 692,600 665,598"/>
                <Baseline points="672,650 699,648 727,647 755,648 783,650"/>
                <TextEquiv>
                    <Unicode>mit</Unicode>
                </TextEquiv>
            </TextLine>
            <TextLine id="r2l4" custom="readingOrder {index:3;} person {offset:0; length:15; continued:true;}">
                <Coords points="446,780 609,771 657,791 883,763 951,806 985,803 1038,794 1037,708 970,697 885,640 845,638 678,718 635,683 592,694 540,657 474,682 444,666"/>
                <Baseline points="452,773 482,770 512,768 543,766 573,764 604,764 634,762 665,761 695,761 726,759 756,759 787,759 817,759 848,759 878,759 909,761 939,761 970,761 1000,761 1031,761"/>
                <TextEquiv>
                    <Unicode>Bendicht Scherz</Unicode>
                </TextEquiv>
            </TextLine>
            <TextLine id="r2l5" custom="readingOrder {index:4;} person {offset:0; length:6; continued:true;}">
                <Coords points="372,931 588,913 778,941 828,907 991,942 1072,908 1305,914 1304,882 995,820 723,875 609,832 371,847"/>
                <Baseline points="378,918 424,917 470,915 516,914 562,912 608,911 654,911 700,909 746,908 792,908 838,906 884,906 930,906 976,906 1022,905 1068,905 1114,905 1160,905 1206,905 1252,905 1298,905"/>
                <TextEquiv>
                    <Unicode>Examen vorgelesen, und also von ihme </Unicode>
                </TextEquiv>
            </TextLine>
            <TextLine id="r2l6" custom="readingOrder {index:5;}">
                <Coords points="377,1029 589,999 672,1040 777,998 893,1047 939,1012 1043,1035 1149,982 1326,1000 1326,963 1235,917 1154,942 1070,909 990,942 918,919 839,967 763,936 600,973 551,928 479,923 376,969"/>
                <Baseline points="383,998 429,998 476,996 523,996 570,995 617,995 663,993 710,992 757,990 804,989 851,988 897,987 944,986 991,984 1038,984 1085,983 1131,983 1178,983 1225,983 1272,984 1319,986"/>
                <TextEquiv>
                    <Unicode>mit betheürung seiner diß öhrtigen Un¬</Unicode>
                </TextEquiv>
            </TextLine>
            <TextLine id="r2l7" custom="readingOrder {index:6;}">
                <Coords points="366,1131 749,1078 814,1118 881,1080 952,1108 1103,1070 1356,1092 1355,1038 1282,1001 1162,1047 1091,1014 977,1047 939,1013 879,1050 800,1010 701,1058 610,1005 365,1035"/>
                <Baseline points="372,1088 420,1088 469,1086 518,1085 567,1083 616,1082 665,1079 714,1077 763,1075 812,1073 861,1070 909,1068 958,1067 1007,1067 1056,1066 1105,1067 1154,1068 1203,1071 1252,1074 1301,1079 1350,1085"/>
                <TextEquiv>
                    <Unicode>schuld, und Bereichung übrigen seines Ver¬</Unicode>
                </TextEquiv>
            </TextLine>
            <TextLine id="r2l8" custom="readingOrder {index:7;}">
                <Coords points="368,1184 464,1198 584,1163 716,1205 849,1154 902,1177 1263,1156 1261,1089 1120,1078 1063,1120 919,1122 876,1084 811,1117 765,1084 657,1090 582,1133 367,1131"/>
                <Baseline points="374,1178 418,1175 462,1172 506,1170 550,1166 594,1164 638,1163 682,1160 726,1158 770,1157 815,1155 859,1155 903,1154 947,1152 991,1152 1035,1151 1079,1151 1123,1151 1167,1151 1211,1151 1256,1152"/>
                <TextEquiv>
                    <Unicode>ebrechens bestätiget, nachwerts aber</Unicode>
                </TextEquiv>
            </TextLine>
            <TextLine id="r2l9" custom="readingOrder {index:8;}">
                <Coords points="372,1292 526,1259 584,1299 771,1247 895,1295 977,1259 1272,1247 1271,1213 1191,1169 1027,1155 843,1159 770,1201 643,1184 580,1225 499,1190 371,1210"/>
                <Baseline points="378,1262 422,1259 466,1256 511,1254 555,1252 599,1251 644,1248 688,1247 732,1247 777,1245 821,1244 865,1244 910,1242 954,1242 998,1242 1043,1242 1087,1241 1131,1241 1176,1241 1220,1241 1265,1241"/>
                <TextEquiv>
                    <Unicode>wieder an sein Ohrt geführt worden.</Unicode>
                </TextEquiv>
            </TextLine>
            <TextLine id="r2l10" custom="readingOrder {index:9;}">
                <Coords points="371,1507 477,1444 1067,1442 1201,1474 1346,1453 1346,1414 1206,1355 1084,1380 997,1345 889,1379 854,1355 771,1410 542,1322 369,1384"/>
                <Baseline points="377,1461 425,1458 473,1457 521,1454 569,1452 617,1451 665,1449 714,1446 762,1445 810,1445 858,1443 906,1442 954,1441 1002,1440 1051,1440 1099,1440 1147,1440 1195,1440 1243,1441 1291,1442 1340,1443"/>
                <TextEquiv>
                    <Unicode>Actum in der Oberen Gefangen¬</Unicode>
                </TextEquiv>
            </TextLine>
            <TextLine id="r2l11" custom="readingOrder {index:10;}">
                <Coords points="376,1563 476,1541 596,1590 651,1549 801,1586 873,1539 1180,1554 1280,1535 1280,1511 968,1454 917,1479 760,1459 649,1503 527,1469 375,1506"/>
                <Baseline points="383,1545 427,1544 472,1542 516,1541 561,1539 605,1538 650,1538 694,1536 739,1536 783,1536 828,1535 873,1535 917,1535 962,1533 1006,1533 1051,1533 1095,1533 1140,1532 1184,1532 1229,1531 1274,1530"/>
                <TextEquiv>
                    <Unicode>schafft durch eine gnädigen Herren Raths Herren.</Unicode>
                </TextEquiv>
            </TextLine>
            <TextLine id="r2l12" custom="readingOrder {index:11;} person {offset:0; length:7;}">
                <Coords points="360,1667 472,1638 519,1667 782,1668 868,1628 1066,1669 1138,1627 1254,1671 1348,1657 1348,1582 1191,1549 967,1575 848,1552 791,1591 706,1560 585,1600 466,1548 360,1582"/>
                <Baseline points="366,1635 414,1637 463,1637 512,1635 561,1635 609,1634 658,1633 707,1632 756,1631 804,1631 853,1629 902,1629 951,1629 999,1629 1048,1629 1097,1631 1146,1632 1194,1634 1243,1638 1292,1641 1341,1646"/>
                <TextEquiv>
                    <Unicode>Stüeler, mit zu thun meine gnädigen Herren Groß¬</Unicode>
                </TextEquiv>
            </TextLine>
            <TextLine id="r2l13" custom="readingOrder {index:12;} person {offset:7; length:8;}">
                <Coords points="374,1728 482,1727 537,1765 608,1733 666,1761 835,1735 1084,1769 1185,1725 1371,1737 1279,1661 1208,1687 1094,1649 1019,1688 963,1648 851,1650 749,1690 611,1655 374,1663"/>
                <Baseline points="381,1724 430,1724 479,1724 528,1724 577,1724 627,1724 676,1724 725,1724 774,1724 823,1724 873,1724 922,1724 971,1724 1020,1724 1069,1724 1119,1724 1168,1725 1217,1727 1266,1727 1315,1729 1365,1731"/>
                <TextEquiv>
                    <Unicode>Weibel Effinger und Gricht Schreiber</Unicode>
                </TextEquiv>
            </TextLine>
            <TextLine id="r2l14" custom="readingOrder {index:13;} person {offset:0; length:8;}">
                <Coords points="364,1858 584,1828 764,1878 1009,1834 1349,1864 1332,1759 1178,1742 1039,1783 835,1735 608,1792 457,1727 367,1732"/>
                <Baseline points="372,1815 420,1817 469,1818 517,1820 566,1821 615,1823 663,1824 712,1824 760,1826 809,1826 858,1827 906,1827 955,1829 1003,1829 1052,1830 1101,1831 1149,1832 1198,1833 1246,1835 1295,1836 1344,1838"/>
                <TextEquiv>
                    <Unicode>Balscher Zinstags den 18ten July</Unicode>
                </TextEquiv>
            </TextLine>
            <TextLine id="r2l15" custom="readingOrder {index:14;}">
                <Coords points="345,1981 374,1984 397,2002 433,1992 473,2004 552,1954 585,1968 588,1897 572,1896 521,1856 478,1864 453,1857 436,1867 400,1849 390,1855 379,1846 349,1847"/>
                <Baseline points="353,1938 378,1936 403,1934 428,1933 453,1932 478,1933 503,1935 528,1938 553,1942 579,1947"/>
                <TextEquiv>
                    <Unicode>1752.</Unicode>
                </TextEquiv>
            </TextLine>
            <TextEquiv>
                <Unicode>5t.
und Peinliches Examen¬
mit
Bendicht Scherz
Examen vorgelesen, und also von ihme 
mit betheürung seiner diß öhrtigen Un¬
schuld, und Bereichung übrigen seines Ver¬
ebrechens bestätiget, nachwerts aber
wieder an sein Ohrt geführt worden.
Actum in der Oberen Gefangen¬
schafft durch eine gnädigen Herren Raths Herren.
Stüeler, mit zu thun meine gnädigen Herren Groß¬
Weibel Effinger und Gricht Schreiber
Balscher Zinstags den 18ten July
1752.</Unicode>
            </TextEquiv>
        </TextRegion>
        <TextRegion orientation="0.0" id="r3" custom="readingOrder {index:2;}">
            <Coords points="1539,503 1539,3338 2618,3338 2618,503"/>
            <TextLine id="r3l1" custom="readingOrder {index:0;}">
                <Coords points="1686,609 1751,586 1816,535 1888,561 1932,543 1973,564 2042,551 2080,537 2078,468 2049,484 1975,456 1943,468 1882,417 1779,515 1762,502 1684,513"/>
                <Baseline points="1691,557 1716,554 1741,551 1767,549 1792,547 1818,546 1843,545 1869,545 1894,545 1920,545 1945,545 1971,545 1996,545 2022,546 2047,546 2073,546"/>
                <TextEquiv>
                    <Unicode>Ertheil</Unicode>
                </TextEquiv>
            </TextLine>
            <TextLine id="r3l2" custom="readingOrder {index:1;} person {offset:4; length:12;}">
                <Coords points="1620,710 1727,690 1786,716 1812,698 2025,715 2203,653 2263,693 2364,632 2363,567 2286,570 2180,524 2044,604 1990,566 1895,584 1841,557 1620,614"/>
                <Baseline points="1626,657 1662,656 1699,654 1735,653 1772,651 1808,650 1845,650 1881,648 1918,648 1954,648 1991,647 2028,647 2064,647 2101,648 2137,648 2174,648 2210,650 2247,650 2283,651 2320,653 2357,654"/>
                <TextEquiv>
                    <Unicode>deß Riclaus Hugg</Unicode>
                </TextEquiv>
            </TextLine>
            <TextLine id="r3l3" custom="readingOrder {index:2;}">
                <Coords points="1533,929 1685,960 1748,920 1936,901 2455,940 2530,930 2531,825 2090,801 2050,828 1878,790 1716,892 1533,896"/>
                <Baseline points="1539,926 1588,918 1637,913 1686,909 1735,905 1785,903 1834,903 1883,902 1932,903 1981,904 2031,905 2080,908 2129,910 2178,912 2227,914 2277,916 2326,918 2375,921 2424,923 2473,924 2523,924"/>
                <TextEquiv>
                    <Unicode>den 1. Statthalter Klein und</Unicode>
                </TextEquiv>
            </TextLine>
            <TextLine id="r3l4" custom="readingOrder {index:3;}">
                <Coords points="1590,1020 1643,996 1684,1028 1796,984 1840,1009 2279,999 2345,1026 2523,1008 2524,961 2433,933 2321,963 2265,922 1925,902 1591,975"/>
                <Baseline points="1598,993 1643,988 1689,985 1735,983 1781,981 1827,980 1873,980 1919,980 1965,980 2011,981 2057,983 2102,985 2148,987 2194,990 2240,993 2286,994 2332,998 2378,1000 2424,1002 2470,1004 2516,1005"/>
                <TextEquiv>
                    <Unicode>große Rath der Statt und Respublic</Unicode>
                </TextEquiv>
            </TextLine>
            <TextLine id="r3l5" custom="readingOrder {index:4;}">
                <Coords points="1593,1101 1908,1066 2020,1099 2158,1065 2247,1129 2368,1090 2559,1106 2561,1050 2477,1061 2394,1005 2309,1029 2081,993 2042,1022 1782,983 1595,1027"/>
                <Baseline points="1601,1079 1648,1073 1696,1068 1743,1066 1791,1065 1839,1064 1886,1064 1934,1064 1981,1065 2029,1068 2077,1070 2124,1073 2172,1076 2219,1078 2267,1080 2315,1083 2362,1085 2410,1087 2457,1088 2505,1089 2553,1088"/>
                <TextEquiv>
                    <Unicode>dern Urkunden hiemit, daß zu Anse¬</Unicode>
                </TextEquiv>
            </TextLine>
            <TextLine id="r3l6" custom="readingOrder {index:5;}">
                <Coords points="1588,1165 1782,1189 1903,1159 1968,1192 2184,1164 2250,1213 2377,1174 2595,1197 2597,1131 2471,1094 2293,1129 1966,1074 1591,1097"/>
                <Baseline points="1595,1149 1644,1148 1694,1146 1744,1146 1793,1146 1843,1146 1893,1148 1942,1150 1992,1152 2042,1154 2092,1157 2141,1160 2191,1163 2241,1166 2290,1168 2340,1170 2390,1172 2439,1173 2489,1175 2539,1175 2589,1175"/>
                <TextEquiv>
                    <Unicode>erem höchsten Mißfallen Unß zu vernem¬</Unicode>
                </TextEquiv>
            </TextLine>
            <TextLine id="r3l7" custom="readingOrder {index:6;}">
                <Coords points="1588,1251 2423,1277 2589,1260 2591,1195 2494,1234 2414,1190 2359,1226 2311,1186 2246,1233 2168,1179 2097,1225 1860,1171 1706,1222 1589,1212"/>
                <Baseline points="1595,1244 1644,1241 1693,1239 1743,1238 1792,1238 1842,1238 1891,1238 1940,1239 1990,1242 2039,1244 2089,1245 2138,1247 2187,1250 2237,1251 2286,1253 2336,1254 2385,1254 2434,1254 2484,1254 2533,1253 2583,1250"/>
                <TextEquiv>
                    <Unicode>einen gekommen, wie unverantwortlich und</Unicode>
                </TextEquiv>
            </TextLine>
            <TextLine id="r3l8" custom="readingOrder {index:7;} person {offset:13; length:14;} person {offset:32; length:4; continued:true;}">
                <Coords points="1571,1370 1725,1335 1809,1367 1865,1330 1952,1375 1993,1337 2161,1381 2264,1337 2459,1367 2568,1327 2569,1281 2168,1256 2084,1292 2034,1255 1857,1282 1739,1253 1699,1285 1658,1251 1571,1291"/>
                <Baseline points="1578,1338 1627,1336 1676,1332 1725,1331 1774,1329 1824,1329 1873,1329 1922,1331 1971,1331 2020,1332 2070,1334 2119,1335 2168,1335 2217,1337 2266,1337 2316,1337 2365,1337 2414,1337 2463,1334 2512,1332 2562,1329"/>
                <TextEquiv>
                    <Unicode>feindstenlig Cristen Kisten und Hanß</Unicode>
                </TextEquiv>
            </TextLine>
            <TextLine id="r3l9" custom="readingOrder {index:8;} person {offset:0; length:7; continued:true;} place {offset:12; length:8;}">
                <Coords points="1579,1485 1902,1420 2391,1446 2579,1398 2545,1344 2477,1376 2395,1341 2232,1342 2139,1386 1916,1346 1576,1365"/>
                <Baseline points="1584,1430 1633,1426 1682,1422 1732,1419 1781,1418 1831,1416 1880,1415 1930,1415 1979,1415 2029,1415 2078,1415 2127,1415 2177,1415 2226,1415 2276,1413 2325,1412 2375,1409 2424,1406 2474,1403 2523,1398 2573,1391"/>
                <TextEquiv>
                    <Unicode>by beyd von Oberbalm, Abends deß 8 den</Unicode>
                </TextEquiv>
            </TextLine>
            <TextLine id="r3l10" custom="readingOrder {index:9;}">
                <Coords points="1584,1514 1669,1548 1703,1518 1780,1538 1890,1502 1961,1535 2061,1502 2432,1524 2505,1494 2504,1423 2408,1446 2358,1422 2247,1465 2210,1433 2060,1420 1925,1469 1847,1430 1716,1483 1583,1491"/>
                <Baseline points="1590,1509 1635,1508 1680,1506 1726,1506 1771,1505 1817,1503 1862,1502 1908,1502 1953,1500 1999,1500 2044,1499 2089,1499 2135,1497 2180,1497 2226,1496 2271,1496 2317,1496 2362,1496 2408,1495 2453,1494 2499,1496"/>
                <TextEquiv>
                    <Unicode>Juny letsthin auf ihrem Brumb weg und</Unicode>
                </TextEquiv>
            </TextLine>
            <TextLine id="r3l11" custom="readingOrder {index:10;}">
                <Coords points="1565,1629 1691,1602 1817,1629 1985,1589 2078,1625 2145,1597 2516,1609 2538,1514 2306,1558 2237,1516 2200,1544 2082,1516 1945,1547 1803,1528 1735,1563 1632,1524 1564,1546"/>
                <Baseline points="1571,1590 1619,1592 1667,1593 1715,1593 1763,1593 1811,1592 1859,1591 1907,1590 1955,1589 2003,1587 2051,1586 2099,1584 2147,1584 2195,1583 2243,1583 2291,1583 2339,1584 2387,1586 2435,1588 2483,1591 2531,1596"/>
                <TextEquiv>
                    <Unicode>freyer Straß, von verschiedenen der Be¬</Unicode>
                </TextEquiv>
            </TextLine>
            <TextLine id="r3l12" custom="readingOrder {index:11;}">
                <Coords points="1571,1696 1735,1681 1828,1721 2171,1680 2432,1706 2553,1675 2553,1640 2491,1606 2405,1646 2067,1618 2007,1648 1774,1603 1570,1640"/>
                <Baseline points="1577,1680 1625,1680 1673,1682 1722,1680 1770,1680 1819,1679 1867,1679 1916,1677 1964,1676 2013,1674 2061,1673 2109,1671 2158,1671 2206,1670 2255,1670 2303,1670 2352,1670 2400,1671 2449,1673 2497,1675 2546,1679"/>
                <TextEquiv>
                    <Unicode>meind König eingeseßenen angegriffen</Unicode>
                </TextEquiv>
            </TextLine>
            <TextLine id="r3l13" custom="readingOrder {index:12;}">
                <Coords points="1584,1770 2581,1783 2581,1731 2503,1692 2431,1725 2151,1695 1942,1733 1584,1708"/>
                <Baseline points="1590,1755 1639,1757 1688,1758 1737,1760 1786,1760 1836,1760 1885,1760 1934,1760 1983,1760 2032,1760 2082,1760 2131,1760 2180,1760 2229,1760 2278,1760 2328,1760 2377,1761 2426,1761 2475,1763 2524,1764 2574,1767"/>
                <TextEquiv>
                    <Unicode>und ohne einiche Veranlaßung, noch Wider¬</Unicode>
                </TextEquiv>
            </TextLine>
            <TextLine id="r3l14" custom="readingOrder {index:13;}">
                <Coords points="1568,1889 1661,1857 2111,1882 2162,1854 2215,1883 2353,1846 2625,1856 2624,1771 2435,1778 2369,1823 2062,1774 1980,1815 1772,1778 1568,1806"/>
                <Baseline points="1575,1848 1627,1847 1679,1847 1731,1847 1783,1847 1835,1847 1887,1847 1940,1845 1992,1845 2044,1845 2096,1845 2148,1845 2200,1845 2252,1845 2305,1844 2357,1844 2409,1843 2461,1842 2513,1841 2565,1839 2618,1838"/>
                <TextEquiv>
                    <Unicode>stand geschlagen, und also muß handlet worden,</Unicode>
                </TextEquiv>
            </TextLine>
            <TextLine id="r3l15" custom="readingOrder {index:14;}">
                <Coords points="2520,1937 2529,1937 2532,1935 2541,1941 2547,1941 2547,1881 2540,1881 2537,1883 2520,1881"/>
                <Baseline points="2526,1922 2541,1922"/>
                <TextEquiv>
                    <Unicode>.</Unicode>
                </TextEquiv>
            </TextLine>
            <TextLine id="r3l16" custom="readingOrder {index:15;}">
                <Coords points="1562,1958 1883,1935 1946,1968 2157,1922 2327,1965 2513,1938 2513,1905 2321,1849 2270,1890 2038,1863 2005,1892 1929,1855 1829,1913 1639,1870 1562,1908"/>
                <Baseline points="1568,1934 1617,1932 1666,1931 1716,1929 1765,1929 1815,1929 1864,1929 1913,1928 1963,1929 2012,1929 2062,1929 2111,1929 2161,1929 2210,1928 2259,1928 2309,1928 2358,1926 2408,1925 2457,1923 2507,1922"/>
                <TextEquiv>
                    <Unicode>daß wenige Tag darauf der Riesten an</Unicode>
                </TextEquiv>
            </TextLine>
            <TextLine id="r3l17" custom="readingOrder {index:16;}">
                <Coords points="1565,2051 1909,2058 2119,2019 2293,2056 2532,2018 2531,1946 2199,1944 2113,1993 2047,1955 1993,1981 1875,1941 1682,1996 1565,1991"/>
                <Baseline points="1571,2013 1618,2013 1666,2012 1714,2012 1761,2012 1809,2012 1857,2012 1904,2013 1952,2013 2000,2015 2048,2015 2095,2015 2143,2016 2191,2016 2238,2015 2286,2015 2334,2013 2381,2012 2429,2010 2477,2006 2525,2003"/>
                <TextEquiv>
                    <Unicode>seinen Empfangenen Munden verstorben.</Unicode>
                </TextEquiv>
            </TextLine>
            <TextLine id="r3l18" custom="readingOrder {index:17;}">
                <Coords points="1620,2162 2623,2161 2621,2067 2426,2118 2310,2048 2239,2087 2114,2092 2065,2059 1920,2122 1787,2055 1620,2130"/>
                <Baseline points="1626,2151 1675,2150 1725,2148 1774,2147 1824,2147 1873,2145 1923,2145 1972,2145 2022,2145 2071,2145 2121,2145 2170,2144 2220,2144 2269,2144 2319,2142 2368,2142 2418,2141 2467,2139 2517,2138 2566,2135 2616,2133"/>
                <TextEquiv>
                    <Unicode>Wan̄ nun durch diesen Traurigen Auß¬</Unicode>
                </TextEquiv>
            </TextLine>
            <TextLine id="r3l19" custom="readingOrder {index:18;}">
                <Coords points="1565,2246 1850,2274 1888,2241 2001,2281 2061,2234 2193,2256 2538,2216 2445,2148 2172,2158 2117,2199 2021,2152 1649,2200 1566,2179"/>
                <Baseline points="1572,2208 1622,2213 1672,2218 1723,2220 1773,2223 1824,2225 1874,2226 1925,2226 1975,2226 2026,2226 2076,2225 2127,2225 2177,2223 2228,2222 2278,2222 2329,2220 2379,2220 2430,2219 2480,2219 2531,2220"/>
                <TextEquiv>
                    <Unicode>rgang solch Boßhafften und Gewalthätigen</Unicode>
                </TextEquiv>
            </TextLine>
            <TextLine id="r3l20" custom="readingOrder {index:19;}">
                <Coords points="1578,2331 1818,2302 1896,2337 2287,2312 2391,2342 2569,2305 2569,2264 2472,2230 2415,2256 2159,2239 2051,2292 1894,2242 1792,2286 1578,2249"/>
                <Baseline points="1584,2297 1632,2299 1681,2301 1730,2303 1779,2304 1828,2305 1877,2306 1926,2307 1975,2307 2024,2307 2073,2307 2121,2307 2170,2307 2219,2307 2268,2307 2317,2306 2366,2305 2415,2304 2464,2303 2513,2301 2562,2300"/>
                <TextEquiv>
                    <Unicode>Vergehens die Gemeine Sicherheit gestöhret</Unicode>
                </TextEquiv>
            </TextLine>
            <TextLine id="r3l21" custom="readingOrder {index:20;}">
                <Coords points="1566,2417 1893,2389 1993,2433 2097,2400 2329,2431 2455,2388 2542,2412 2542,2338 1890,2340 1816,2303 1566,2343"/>
                <Baseline points="1572,2391 1620,2390 1668,2388 1716,2387 1764,2387 1812,2387 1860,2387 1909,2388 1957,2388 2005,2388 2053,2389 2101,2390 2149,2390 2197,2390 2246,2390 2294,2390 2342,2390 2390,2388 2438,2387 2486,2385 2535,2382"/>
                <TextEquiv>
                    <Unicode>worden, und das unschuldig außgeschudtete</Unicode>
                </TextEquiv>
            </TextLine>
            <TextLine id="r3l22" custom="readingOrder {index:21;}">
                <Coords points="1573,2496 1790,2477 1955,2514 2010,2478 2090,2504 2394,2473 2444,2506 2526,2470 2526,2435 2418,2411 1574,2419"/>
                <Baseline points="1580,2477 1629,2475 1678,2473 1728,2472 1777,2471 1827,2471 1876,2472 1925,2474 1975,2474 2024,2475 2074,2477 2123,2478 2173,2478 2222,2480 2271,2480 2321,2480 2370,2478 2420,2475 2469,2472 2519,2469"/>
                <TextEquiv>
                    <Unicode>Blut das Land beflecket, und umb Raache</Unicode>
                </TextEquiv>
            </TextLine>
            <TextLine id="r3l23" custom="readingOrder {index:22;}">
                <Coords points="1565,2568 1714,2545 1862,2592 1970,2551 2127,2602 2192,2569 2407,2598 2582,2556 2604,2513 2528,2482 2258,2549 2150,2497 2104,2518 2009,2479 1945,2515 1763,2476 1565,2526"/>
                <Baseline points="1572,2558 1623,2555 1674,2554 1725,2553 1777,2553 1828,2553 1879,2553 1930,2555 1982,2556 2033,2556 2084,2558 2135,2558 2187,2559 2238,2559 2289,2559 2340,2558 2392,2556 2443,2554 2494,2550 2545,2547 2597,2541"/>
                <TextEquiv>
                    <Unicode>ruffet. So haben Wir dieser unglückseeligen</Unicode>
                </TextEquiv>
            </TextLine>
            <TextLine id="r3l24" custom="readingOrder {index:23;}">
                <Coords points="1553,2644 1789,2670 1847,2633 1896,2659 2096,2635 2138,2668 2331,2638 2432,2675 2565,2640 2565,2595 2493,2576 2382,2605 2330,2574 2228,2614 2075,2572 1673,2593 1553,2559"/>
                <Baseline points="1560,2637 1609,2634 1659,2633 1709,2631 1759,2631 1809,2631 1859,2631 1909,2631 1959,2631 2009,2633 2059,2634 2108,2634 2158,2636 2208,2636 2258,2636 2308,2636 2358,2635 2408,2634 2458,2631 2508,2629 2558,2625"/>
                <TextEquiv>
                    <Unicode>Begegnuß wegen die Informationen sorg¬</Unicode>
                </TextEquiv>
            </TextLine>
            <TextLine id="r3l25" custom="readingOrder {index:24;}">
                <Coords points="1566,2771 1881,2767 1966,2724 2282,2748 2526,2720 2525,2686 2395,2694 2198,2646 2140,2670 2112,2643 2055,2681 1917,2653 1853,2705 1740,2661 1565,2692"/>
                <Baseline points="1572,2729 1619,2727 1666,2726 1714,2724 1761,2723 1808,2723 1856,2722 1903,2721 1950,2721 1998,2721 2045,2721 2092,2720 2140,2720 2187,2720 2234,2720 2282,2718 2329,2718 2376,2717 2424,2715 2471,2714 2519,2711"/>
                <TextEquiv>
                    <Unicode>fältigest aufnemmen, die verdächtigen An¬</Unicode>
                </TextEquiv>
            </TextLine>
            <TextLine id="r3l26" custom="readingOrder {index:25;}">
                <Coords points="2524,2824 2532,2824 2540,2831 2542,2829 2543,2831 2546,2829 2554,2829 2554,2776 2547,2776 2542,2771 2540,2773 2524,2771"/>
                <Baseline points="2531,2799 2547,2799"/>
                <TextEquiv>
                    <Unicode>.</Unicode>
                </TextEquiv>
            </TextLine>
            <TextLine id="r3l27" custom="readingOrder {index:26;}">
                <Coords points="1563,2843 1714,2823 1867,2858 1983,2818 2048,2842 2248,2812 2517,2836 2516,2738 2416,2719 2177,2771 2003,2734 1891,2769 1639,2749 1562,2778"/>
                <Baseline points="1569,2813 1616,2811 1663,2810 1710,2808 1757,2807 1804,2807 1851,2807 1898,2805 1945,2805 1992,2805 2039,2805 2086,2805 2133,2805 2180,2804 2227,2804 2274,2804 2321,2804 2368,2804 2415,2802 2462,2802 2510,2801"/>
                <TextEquiv>
                    <Unicode>theil haber gefänglich anhalten, und deren</Unicode>
                </TextEquiv>
            </TextLine>
            <TextLine id="r3l28" custom="readingOrder {index:27;}">
                <Coords points="1564,2919 1797,2958 1893,2899 1982,2937 2075,2916 2230,2950 2300,2898 2371,2895 2369,2856 2253,2823 2113,2846 1944,2832 1798,2871 1624,2831 1563,2871"/>
                <Baseline points="1571,2906 1610,2907 1650,2907 1689,2907 1729,2906 1769,2905 1808,2903 1848,2902 1888,2901 1927,2898 1967,2897 2007,2894 2046,2892 2086,2891 2126,2889 2165,2886 2205,2885 2245,2885 2284,2883 2324,2883 2364,2883"/>
                <TextEquiv>
                    <Unicode>Vergicht unß widerbringen laßen.</Unicode>
                </TextEquiv>
            </TextLine>
            <TextLine id="r3l29" custom="readingOrder {index:28;}">
                <Coords points="1659,3023 1943,3004 2161,3034 2276,2997 2371,3033 2423,2990 2560,3000 2558,2923 2401,2934 2328,2898 2217,2960 2157,2927 2035,2929 1657,2973"/>
                <Baseline points="1665,3014 1709,3012 1753,3011 1798,3008 1842,3006 1887,3005 1931,3002 1975,3000 2020,2998 2064,2996 2109,2994 2153,2992 2197,2991 2242,2988 2286,2987 2331,2987 2375,2985 2419,2985 2464,2984 2508,2984 2553,2984"/>
                <TextEquiv>
                    <Unicode>Auß deren Verlesung wir auf deute¬</Unicode>
                </TextEquiv>
            </TextLine>
            <TextLine id="r3l30" custom="readingOrder {index:29;}">
                <Coords points="1555,3124 2515,3069 2512,2998 2371,3032 2207,3002 2149,3047 2012,3007 1825,3045 1760,3015 1552,3039"/>
                <Baseline points="1560,3087 1607,3088 1654,3089 1702,3089 1749,3089 1797,3088 1844,3087 1891,3085 1939,3083 1986,3081 2034,3078 2081,3075 2128,3072 2176,3071 2223,3067 2271,3065 2318,3063 2365,3061 2413,3059 2460,3057 2508,3057"/>
                <TextEquiv>
                    <Unicode>bey Eyden, und Extraordinarie versamblet,</Unicode>
                </TextEquiv>
            </TextLine>
            <TextLine id="r3l31" custom="readingOrder {index:30;}">
                <Coords points="1560,3188 1697,3175 1786,3208 2063,3152 2286,3188 2594,3141 2593,3096 2510,3083 2406,3124 2240,3084 2011,3128 1945,3091 1815,3128 1557,3128"/>
                <Baseline points="1566,3177 1617,3174 1668,3173 1719,3170 1770,3167 1821,3165 1872,3162 1924,3159 1975,3156 2026,3153 2077,3151 2128,3149 2179,3147 2230,3144 2282,3142 2333,3140 2384,3140 2435,3138 2486,3137 2537,3137 2589,3137"/>
                <TextEquiv>
                    <Unicode>bedaurlichest wahrnemmen und ersehen müßen</Unicode>
                </TextEquiv>
            </TextLine>
            <TextLine id="r3l32" custom="readingOrder {index:31;}">
                <Coords points="1549,3286 1691,3253 1831,3287 1947,3239 2047,3266 2441,3246 2565,3221 2564,3175 2496,3191 2435,3148 2272,3198 2209,3164 2141,3188 1999,3162 1835,3221 1697,3175 1546,3197"/>
                <Baseline points="1554,3245 1604,3245 1654,3245 1704,3243 1754,3242 1805,3241 1855,3239 1905,3237 1955,3236 2005,3234 2056,3232 2106,3230 2156,3227 2206,3226 2256,3224 2307,3222 2357,3220 2407,3218 2457,3217 2507,3216 2558,3215"/>
                <TextEquiv>
                    <Unicode>Claß der gegenwärtige, Allhier vor Gericht</Unicode>
                </TextEquiv>
            </TextLine>
            <TextLine id="r3l33" custom="readingOrder {index:32;}">
                <Coords points="2380,3341 2396,3336 2419,3346 2469,3315 2494,3311 2509,3319 2529,3312 2536,3318 2564,3303 2582,3304 2576,3228 2551,3228 2523,3250 2487,3237 2447,3281 2415,3269 2374,3272"/>
                <Baseline points="2384,3317 2411,3315 2438,3313 2466,3309 2493,3306 2521,3304 2548,3303 2576,3305"/>
                <TextEquiv>
                    <Unicode>gestellte.</Unicode>
                </TextEquiv>
            </TextLine>
            <TextEquiv>
                <Unicode>Ertheil
deß Riclaus Hugg
den 1. Statthalter Klein und
große Rath der Statt und Respublic
dern Urkunden hiemit, daß zu Anse¬
erem höchsten Mißfallen Unß zu vernem¬
einen gekommen, wie unverantwortlich und
feindstenlig Cristen Kisten und Hanß
by beyd von Oberbalm, Abends deß 8 den
Juny letsthin auf ihrem Brumb weg und
freyer Straß, von verschiedenen der Be¬
meind König eingeseßenen angegriffen
und ohne einiche Veranlaßung, noch Wider¬
stand geschlagen, und also muß handlet worden,
.
daß wenige Tag darauf der Riesten an
seinen Empfangenen Munden verstorben.
Wan̄ nun durch diesen Traurigen Auß¬
rgang solch Boßhafften und Gewalthätigen
Vergehens die Gemeine Sicherheit gestöhret
worden, und das unschuldig außgeschudtete
Blut das Land beflecket, und umb Raache
ruffet. So haben Wir dieser unglückseeligen
Begegnuß wegen die Informationen sorg¬
fältigest aufnemmen, die verdächtigen An¬
.
theil haber gefänglich anhalten, und deren
Vergicht unß widerbringen laßen.
Auß deren Verlesung wir auf deute¬
bey Eyden, und Extraordinarie versamblet,
bedaurlichest wahrnemmen und ersehen müßen
Claß der gegenwärtige, Allhier vor Gericht
gestellte.</Unicode>
            </TextEquiv>
        </TextRegion>
        <TextRegion orientation="0.0" id="r4" custom="readingOrder {index:3;}">
            <Coords points="2567,349 2567,512 2663,512 2663,349"/>
            <TextLine id="r4l1" custom="readingOrder {index:0;}">
                <Coords points="2557,477 2565,476 2577,483 2594,473 2606,480 2612,475 2622,483 2635,474 2644,482 2666,489 2676,413 2668,409 2649,413 2642,405 2638,408 2624,402 2608,387 2592,397 2584,393 2574,401 2568,400"/>
                <Baseline points="2567,449 2599,454 2631,459 2663,462"/>
                <TextEquiv>
                    <Unicode>187.</Unicode>
                </TextEquiv>
            </TextLine>
            <TextEquiv>
                <Unicode>187.</Unicode>
            </TextEquiv>
        </TextRegion>
    </Page>
</PcGts>
