3024 4032
341 347 426 442 72.
401 1347 451 1431 1.
484 425 1440 556 Relatio medico Chyrurgica.
415 653 1455 818 Auf Befelich mr Herrn Bricht Schreiber
467 768 1467 886 Batschet, haben wir Endts Underzeich¬
461 854 1439 957 dnete Heute den 14ten Juny 1752. Nach¬
465 927 1430 1038 Mittag zwüschen 3. und 6. Uhr, in der
473 1000 1458 1111 Underen Almend Kirchhöri OberBalm
484 1073 1404 1205 den Reichnam deß Christen Siesten Be¬
472 1145 1394 1270 sichtiget und geöffnet. Da wir dann ge¬
473 1245 672 1354 frunden,
470 1296 1446 1429 An dem Haubt 4. Wunden, bey welchen
473 1394 1437 1505 allen sehr viel unterlauffenes und Extra¬
450 1457 1438 1589 vasirtes gebluet wäre. Die Erste wäre
464 1542 1449 1666 lincker seits auf dem Seiten bei 105. Brey¬
450 1622 1415 1748 matis) in deßen Mitte sie wäre 8. können
456 1699 1432 1812 lang, penetrierte durch die Haut und Bein¬
448 1773 1405 1891 äütlein /: Perieranium biß auf das
451 1864 1444 1980 Cranium, allero dieses eine Fissur durch
461 1948 1428 2047 beyde Tafelen hatte, welche Fissur etwa
437 2027 1463 2128 5. Linien lang wäre. Die Zweyte Wurde Be¬
422 2103 1468 2220 pfände sich auch linckerseits, bey der zusamen¬
416 2190 1425 2307 efüegung deß Kinder haubts beins mit dem
430 2266 1445 2395 Seitenbun, unweit der Pfeil Rath, sie per¬
427 2360 1446 2472 netrierte biß aufs Cranium ohne deßen
434 2438 1429 2554 Verlezung, ware von Figur Zimblich vnnd
417 2526 1428 2646 und hielt im Durchschnitt etwa 5. Lineas
418 2614 1431 2737 die dritte Munde Befande sich auf rechter
413 2712 1448 2825 Seite, in dem Mitleren und Oberen Theil deß
426 2793 1432 2913 Seitenbeins, nahe bey der Pfeil- Rath, pe¬
413 2876 1420 2987 mnetiirte wie vorige biß aufs Cranium
414 2955 1457 3075 ohne daßelbe zu ladieren, und wäre 10. Linnen
423 3037 555 3120 lang
736 3042 1400 3155 Die vierte Munde zeigte
391 3116 1423 3247 sich auch rechter Seits, auf dem hintersten Theil
413 3184 1425 3319 deß Seitenbeins, nahe bey dem hinder haubts
400 3277 1414 3402 Beine, sie gienge wie die zwey letztere biß
1273 3360 1410 3462 aufs
1622 1954 1675 2027 2.
2716 417 2785 474 13.
1746 547 2755 699 aufs Cranium, und hielte einen Zoll in der
1757 658 2741 800 länge. Alle diese Wunden scheinen von
1745 726 2709 861 einem stumpffen Instrument gemacht zu¬
1733 801 2664 927 seyn. Nach Öffnung des Cranii traffen
1725 872 2743 1020 Wir bey der Ersten Wunden, die durch beyde
1751 968 2725 1100 Toffelen gienge, als auch bey den zwey Zin¬
1731 1051 2724 1175 nderen, kein geronnen Gebluet, weder unter
1744 1132 2724 1248 dem Cranio, noch unter denen Hirn Häutlein
1746 1199 2632 1308 und im Gehirn an, es wäre auch an diesen
1729 1269 2676 1378 letzt gemeldten Theillen keine alteration zu
1721 1343 2734 1448 mercken, wohl aber auf rechter Seite, einen Zoll¬
1720 1420 2746 1529 tieffer als die 3 ten Wunde wäre ein wung ge¬
1722 1494 2757 1614 ronnen gebluet zwüschen der dicken und können
1717 1574 2716 1686 hirnhaut, auch wäre an diesem Orth die dunne
1724 1639 2719 1743 dirn kauf einwenig Inflammiert, so vermuth¬
1714 1722 2580 1817 glich von dem Contre Coup entstanden.
1709 1790 2731 1903 Alle übrige in und äußerliche theille deß
1715 1874 2592 1972 Kaubts waren in natürlichem Zustände.
1688 1945 1769 2021 tens
1718 2007 2731 2146 In der Sohle der Brust, lincker seits, ware
1703 2089 2695 2208 die Lunge sehr klein, und an den Rippen an¬
1692 2169 2650 2290 gewachsen, als mann sie von den Rippen
1702 2237 2746 2352 detachirte, zeigte sich ein Sack, worinnen einich
1694 2315 2728 2433 Klumpen Coaguliertes Erter, und ein Eÿte¬
1693 2392 2685 2507 rigter Maßer sich befanden, ohne sondern
1703 2481 2713 2596 lichen Geruch, so vermuthlich von einer Ent¬
1710 2560 2734 2657 Zunung, und deren Verschlourung entstanden,
1697 2631 2658 2743 Wie lange solches schon da gewesen, und nach¬
1703 2709 2695 2827 würde geblieben seyn, können Wir nicht sagen.
1751 2811 2713 2909 die Übrigen Theile der Brust, wie auch das
1684 2872 2701 2981 Eingeweyd deß Bauchs waren in ihrem natur-
1690 2950 2710 3059 rlichen zustande. Noch an dem linten huß, eine
1684 3018 2700 3120 Handbreit ob dem außeren Knode wäre ein
1664 3097 2706 3207 sehr kleiner Wundlein, von keiner Importantz¬
1679 3182 2721 3306 Sonsten könte man am gantzen Leib von einigen
1672 3279 2424 3387 Verlezungen nichts wahrnemen.
2513 3328 2656 3423 Als
