3024 4032
319 349 402 444 34.
472 355 1444 481 derohalben seyn es ermahnt nichts zu
478 428 1435 576 verschloegen, und die völlige Wahrheit
480 544 1456 706 an Tag zu geben, damit es selbsten sich
477 651 1417 765 nicht auch noch in Angluck stürthe 2
384 835 1448 997 H. Alles Ermahnens ungeachtet verblie¬
461 931 1465 1074 be die Deponentin auf ihrer Außaag¬
457 1019 1460 1173 mit bezeugen, daß es die völlige Wahr¬
440 1131 1402 1270 heit alles deßen, so ihme in Wißen,
457 1243 1439 1379 geoffenbahret; Erkenne, daß es leicht,
448 1349 1421 1458 Jinig gebesen seiner Schbester die
452 1457 1441 1563 Schärr zu geben, habe aber nicht ge¬
446 1540 1461 1684 sumet, daß etbar böses darauß Ent¬
426 1647 849 1768 stehen möchte.
454 1759 1383 1915 Bitte dehnüchtig um Verzeichung.
506 1920 1261 2072 Abgelesen und bestätiget.
1646 2751 1720 2840 21
1652 3161 1711 3231 3
1660 1900 1724 1962 1.
2753 200 2854 272 35.
1722 308 2737 510 Relatio Medico Chyrurgica
1716 513 2820 692 Heute den 26.ten Septembris 1751. Nach¬
1728 612 2791 779 mittags Zlonschen 4, und 2. Uhr haben
1723 687 2822 870 Wir Endts, Underschribene auf Befelch
1730 808 2811 996 und in Beyseyn der WohlE delgebohrnen
1723 949 2740 1093 und HochgeEhrten Herren, Herren¬
1717 1049 2807 1196 Vice GroßWeibel Sinner, und Herren
1716 1166 2761 1287 Rathhauß Aman Manuel ein Neuls¬
1716 1244 2812 1380 gebohrnes Kindlein, welches Mir auf
1728 1370 2778 1498 dem Bollberc beÿ einer Marion
1723 1450 2767 1569 Walette im Bette Todt gefunden, Bbe¬
1725 1548 2724 1694 sichtiget und größfnet; da Wir dann
1726 1672 2521 1803 nachstehendes angemercket:
1756 1845 2763 2004 Mare dießes Kindlein(: so Weiblichen
1708 1952 2770 2097 Beschlechts) in allen seinen Theillen
1717 2051 2782 2196 und Bliederen vollkommen, und Wshl.
1726 2178 2765 2283 auß getragen. Sein Haubt wäre mit
1720 2265 2692 2393 Haaren und die Binger an Händen
1732 2356 2784 2526 und Büßen mit Naglen versehen, auch
1715 2455 2754 2619 Beiters keine Bifformitat, noch Einige
1718 2557 2756 2725 Verletzung an dem gantzin Leibe bahr¬
1717 2658 2031 2757 zunemen,
1746 2755 2788 2915 Die Sabel, Schner Bare etban 6. Soll
1720 2849 2755 3019 breit von dem Bauch deß Kindes (: bie
1715 2959 2854 3117 geböhnlich zu geschehen pflegt:) abgeschnitten
1719 3053 2370 3173 aber nicht unterbüecken.
1734 3161 2795 3330 Nach offnung der Brust und deß Baucher
1706 3239 2742 3422 fanden bir alles Eingeloegs vollkommen
1720 3351 2806 3548 und ohne Verletzung, die ins Maßer gelegte
1734 3450 2397 3571 Lunge schlame gantz oben.
