3024 4032
295 284 425 364 146.
431 431 1443 633 Millhelm Brauw, nochmahls
454 579 1371 717 zu einer deütlicheren Außaag und
470 664 1394 818 Eröffnung mehrerer Umbständen an
461 768 762 879 gemahnet.
353 1027 438 1159 5.
470 1033 1414 1161 Ob nicht wahr, daß er so nahe bey dem
446 1127 1397 1273 Handel gewesen, daß Peter Schiedler
439 1214 1434 1377 Ursach gehabt ihme und dem Girschi ab¬
429 1314 1368 1439 zuwehren, mit denen Worten: Sie¬
661 1400 726 1442 gar
452 1402 971 1543 machen es zu Grob
350 1527 412 1634 d
443 1517 1004 1640 von dem wüße er nichts
355 1623 1420 1776 I. Ob nicht hierauf der Kirschi hinzugekommen,
424 1704 1442 1845 und den Schindler angreiffen wollen, darann
409 1811 1153 1946 ihne aber die Zug verhinderet?
349 1896 542 2009 z sein
337 1996 1420 2127 d. Ob auch nicht wahr, daß er selbsten den Riesen
402 2070 1430 2233 mit Rath beschritzet, und nach ihme mit die
382 2172 974 2311 Schuhen gestoßen habe?
339 2279 570 2385 d. Nein.
324 2379 1396 2521 z. Er werde doch nicht laugnen können, daß er
393 2474 1335 2621 nichts von der Schlägerey gesehen habe?
298 2574 364 2688 .
397 2556 1338 2749 Wie er schon vorhin gemeldt, habe er bey
351 2682 1408 2830 Anfang deß Weisen Stein Höltzlins ge¬
354 2794 1336 2923 Jahen, daß Scherz den Riesen gestoßen,
369 2886 1414 3011 Worauf beyde Tugi demselben etliche Streichen
358 2971 1382 3101 mit Stecken versezt; Worauf aber alles
367 3062 1395 3197 mit Einander fort gegangen. Er seye dar¬
353 3164 1313 3293 überhin vorauß gegangen und habe.
364 3249 1252 3385 nichts weiters gesehen, noch gehört.
1149 3365 1371 3479 Instrit
1600 1564 1664 1694 G
2599 409 2706 485 147
1553 556 1736 653 Instrent
1766 521 2670 669 Seine Außaag seye bey weitem nicht hin¬
1697 612 2661 752 rlänglich und Vollkommen, müßen er nahe
1697 702 2669 833 dabey gewesen, und gesehen schlagen, werde
1690 799 2677 928 also wohl mehrers gesehen haben, als er nun
1690 900 2629 1016 zu glauben machen wolle, solle also mit
1686 978 2690 1108 bey seits setzung aller Menschen Forcht¬
1691 1071 2683 1196 und Boßhaffter Hinderhaltung der Mahr¬
1669 1155 2631 1296 rheit, sein Gewüßen nicht beflecken, zu¬
1664 1261 2673 1398 gleich sich bey seiner Hohen Oberkeit, als
1673 1353 2676 1496 ein Ungehorsammer Unterthan verdächtig.
1676 1492 1872 1572 machen.
1708 1539 2658 1660 Mann er etwas mehrers wüßte, als er in
1678 1644 2625 1755 den beyden verhören außgesagt, wurde
1663 1708 2706 1853 Er solches schon eröffnet haben, und Niemand
1662 1836 2004 1938 verschohnen.
1659 1897 2714 2069 Pactum den 24ten Juny. 1752.
