3024 4032
250 381 369 472 168.
329 1462 394 1557 A.
318 1629 382 1737 d
432 415 491 497 tes
454 407 1320 580 und Peinliches Examen, mit
494 520 1212 672 Hieronimus Bugg.
406 648 1378 787 Er selbst habe nicht geschlagen, inmaßen
422 730 1387 873 erung dem Scheit zu gefallen gesagt, daß
406 825 1383 953 er geschlagen habe, und habe nicht geglaubt,
403 918 1321 1048 daß es so übel gegangen, wider, seithar
422 987 1350 1127 leyden erfahren, der Schenz muß
401 1080 1314 1211 nothwendig im Fehler seyn, inmaßen er
400 1168 1325 1287 allezeit nachgegangen, und Görmig und
395 1253 1356 1389 rahen worden, sonderlich auf den Streich
386 1340 1309 1462 so er von Niclauß zeender Empfangen.
413 1446 1375 1574 Weilen Er bey und mit gewesen, so müße er
389 1537 1291 1658 nothwendig wüßen, wer geschlagen habe?
406 1627 1340 1770 Obschon er, wie gemeldt, nicht gesehen schlagen,
377 1715 1314 1835 So muth maße er aus deß Scherzen zorn¬
386 1788 1259 1923 und Kasterey, daß er an der Schlägerey
356 1907 1288 2012 haubtsächlich sich theilhafftig gemacht, und
1291 1935 1328 1984 .
377 1985 1275 2107 da er Inquisit von seinem Bruder Ver¬
359 2071 1234 2182 gnommen, daß der Scherz ein offenes
356 2153 1033 2284 Meßer in der Hand gehalten.
371 2260 1289 2408 Wurde mit errinnerung sich biß Mor¬
356 2364 1321 2477 igens eines beßeren zu bedencken, sonsten
366 2435 1234 2572 die Marter angewandt werden müße,
356 2517 1240 2664 wider an sein gefänglich ohrt geführt.
342 2623 916 2757 Actum ut supra
1517 3168 1584 3265 .
1543 828 1606 929 S.
2538 426 2667 510 133
1569 458 2647 704 Trittes und Peinliches Examen
1923 635 2017 690 mit
1663 672 2382 864 Christen Girschl
1644 823 2639 989 Ob er sich seith letster verhör, und da bereits
1625 931 2620 1046 auf ihne herauß gekommen, daß er Hand an
1626 1013 2599 1138 den Riesen gelegt, eines beßeren bedacht,
1617 1103 2641 1242 und ob er nun nähere Umbständ anbringen
1620 1210 2560 1318 wolle, sonsten Gärtere Mittel gegen ihme
2561 1246 2589 1318 .
1628 1278 2296 1398 vorgenommen werden sollen?
1635 1375 2557 1505 Er könne nicht mehrers sagen, als daß er¬
1543 1393 1611 1507 1.
1619 1452 2577 1576 den Schindler gestoßen, und zwar zu der
1613 1538 2487 1663 zeit, da die Schlägerey vorbey gewesen.
1643 1622 2572 1755 Er habe nicht nur den Schmidler gestoßen, als
1547 1619 1604 1741 I
1613 1714 2604 1835 derselbe bey der letsten und gröbsten Schläge¬
1602 1795 2617 1922 rey abwehren wollen, sonder werde auch
1612 1889 2644 1982 directe beklagt, daß er selbsten zugeschlagen.
1549 1976 2584 2115 R. das werde kein Mensch sagen dörffen, der
2592 2019 2618 2063 .
1612 2072 2193 2203 iin ehrliches Gemüth habe.
1536 2147 1597 2278 G.
1622 2154 2592 2277 Er solle den Schuldigen, durch verhaltende
1605 2236 2621 2360 Wahrheit nicht verschohnen, sich aber damit
1613 2323 2584 2437 mmmer mehreres Unglück und eine härtere
1584 2403 2034 2546 Straaff zu ziehen.
1633 2490 2562 2636 Mann er etwas mehrers wüßte, als er
1541 2527 1601 2634 .
1613 2606 2577 2732 Bereits angegeben, hätte er solches schon
1587 2689 1797 2823 gesagt,
1612 2790 2600 2908 In welcher Stellung der Riesen gewesen, so gleich
1509 2798 1593 2904 3
1600 2861 2576 2987 darauf, als er von dem Klauß Gugi ge¬
1585 2941 2560 3083 schlagen worden, und womit er Hugi ge¬
1595 3037 1887 3166 schlagen.
1628 3112 2609 3249 Er glaube, der Riesten seyn zu Boden ge¬
1593 3202 2595 3333 fallen, möge aber nicht wüßen, womit der
1599 3307 2030 3450 Gugg geschlagen.
