3024 4032
235 2529 334 2649 9.
243 368 366 431 242.
267 425 361 502 Non
225 520 356 658 frag
218 718 374 819 Antli
389 379 1361 542 Wegen Hieronimus Röhler
402 509 1376 633 Was ihme von der Köhleren Weib und
383 607 980 736 Kinderen bekannt seyn?
410 692 1370 828 von den Weiberen wüße er nichts
380 810 1371 935 anders, Als daß sie, in sonderheit aber
526 896 625 964 d x.
373 898 1330 1023 deß Christen Eheweib Schmach- und
374 990 1351 1135 Schmüntz, wieden außgegoßen. Dabey
382 1091 1348 1223 diese letstere noch gesagt, Gott rede
377 1209 618 1291 aus ihre
359 1266 1387 1399 Die Kinder belangend, wüße er nichts
375 1373 1380 1503 als daß die Beyden großere Meitlen
357 1472 1358 1605 sich deß Mahrsagens und Offenbahrungen
358 1582 1314 1708 gerühmet, darbey insonderheit denen
368 1657 1348 1794 Reuthen weis machen wollen, sie wüßen,
360 1776 1353 1887 welche Menschen in dem Zimmel, oder in
366 1872 742 1979 der Höll seyen.
364 1941 1330 2073 Übrigens habe er vernommen, daß die
369 2037 1360 2171 beyden Gebrüedere Kohler fast zertren
879 2134 949 2206 s
346 2149 1361 2281 net seyen, und der Christen die Rißlig¬
346 2235 1287 2364 dißmahl als eine Betriegerin ansehe¬
353 2338 745 2445 und auß gebe¬
358 2486 1353 2656 Christer Streit, daß obigen
340 2620 1339 2754 Bruder, zeugete durch aus ein gleiches
326 2715 902 2856 fügte aber annoch bey¬
320 2807 1309 2966 Es habe sich der Muß so gar einsten vor¬
317 2934 1356 3052 ihme verlauten laßen, was wieder den
314 3022 1294 3139 Sohn Gottes gesundiget werde, könne
329 3122 1316 3255 vergeben werden, was aber wieder sie
314 3225 1300 3353 /: die Gebrüedern Kohler und Elsbeth
307 3323 1341 3458 Rißlig ich geredt werde, seye viel schwärer
316 3426 1119 3504 und könne nicht vergeben werden.
1454 1912 1557 2049 10.
1488 2306 1559 2438 d.
1484 2508 1557 2633 H.
1480 2966 1570 3105 d.
2511 348 2622 438 243.
1492 339 2520 523 verlegen Hieronimus Rohter.
1558 470 2582 596 Den 4. ten Decembris 1752. fügten beyde
2208 551 2379 637 Muni
1595 555 2612 708 dtige Hans und Christen, ihrer hievor¬
1589 664 2533 799 wrigen Deposition folgendes Bey¬
1589 800 2598 1006 Daß sie lezthin vergeßen zu sagen, daß
1574 953 2596 1068 die Kohler auch sich verlauten laßen, als
1584 1051 2604 1188 das End nicht gekommen, wie sie es vor¬
1589 1144 2534 1296 gesagt (absit Blasphemia
1577 1244 2581 1406 Dicto :/ Gott seye ein Kugner, um
1583 1346 2548 1499 als Ihnen hierüber Vorstellungen ge¬
1579 1451 2570 1591 gmacht worden, haben sie sich nicht ge¬
1581 1557 2537 1691 schribet zu sagen, daß das die 7.
1579 1652 2535 1796 konner seyen, so der Johannes nicht
1582 1746 2205 1897 habe dorffen schreiben.
1581 1891 2496 2063 Maria Bachmann, von
1568 2037 2598 2150 Niedermülleren, dermahlen im Engel¬
1575 2119 2574 2255 ploch, bey Elsbeth Zeender in diensten,
1581 2203 2388 2338 32. Jahr Alt, ledigen Standts¬
1588 2308 2559 2450 Ob seith der Kohleren Banisation es
1572 2412 2590 2539 selbige nicht hier Landts wiederumb geschei¬
1581 2502 2575 2629 Nein, Wohl habe es vernommen, daß
1561 2610 2584 2752 sie sollen da gewesen seyn. Es habe mehr,
2556 2715 2596 2805 .
1568 2685 2551 2815 rmahlen im Sum gehabt, zu denen selben
1582 2774 2557 2911 gan viel zu gehen, seine Meister Fraul¬
1575 2880 2331 3012 aber habe ihme das unß rathen.
1581 2957 2583 3101 Weilen es ihre Versamblungen besucht
1568 3068 2505 3197 Seithero aber der selbigen sich gemüßiget,
1563 3146 2577 3305 Was deßen Ursach gewesen. Und was ihme
1578 3240 2574 3393 an der Kohleren Lehr, oder Leben mißfallen
1580 3361 2193 3485 oder anstößig vorkommen.
2346 3346 2473 3477 G.
