<?xml version="1.0" encoding="UTF-8" standalone="yes"?>
<PcGts xmlns="http://schema.primaresearch.org/PAGE/gts/pagecontent/2013-07-15" xmlns:xsi="http://www.w3.org/2001/XMLSchema-instance" xsi:schemaLocation="http://schema.primaresearch.org/PAGE/gts/pagecontent/2013-07-15 http://schema.primaresearch.org/PAGE/gts/pagecontent/2013-07-15/pagecontent.xsd">
    <Metadata>
        <Creator>prov=University of Rostock/Institute of Mathematics/CITlab|PLANET AI GmbH/Gundram Leifert/gundram.leifert@planet-ai.de:name=German_Kurrent_XVI-XVIII_M5.4(htr_id=38771)::::v=2.6.7
prov=University of Rostock/Institute of Mathematics/CITlab|PLANET AI GmbH/Tobias Gruening/tobias.gruening@planet-ai.de:name=de.uros.citlab.module.baseline2polygon.B2PSeamMultiOriented:v=2.6.7
prov=University of Rostock/Institute of Mathematics/CITlab|PLANET AI GmbH/Gundram Leifert/gundram.leifert@planet-ai.de:name=Transkribus German Kurrent M2(htr_id=29820)::::v=2.6.7
prov=University of Rostock/Institute of Mathematics/CITlab|PLANET AI GmbH/Tobias Gruening/tobias.gruening@planet-ai.de:name=de.uros.citlab.module.baseline2polygon.B2PSeamMultiOriented:v=2.6.7
prov=University of Rostock/Institute of Mathematics/CITlab|PLANET AI GmbH/Tobias Gruening/tobias.gruening@planet-ai.de:name=/net_tf/LA73_249_0mod360.pb:de.uros.citlab.segmentation.CITlab_LA_ML:v=2.6.7
Transkribus</Creator>
        <Created>2022-05-02T15:21:58.268+02:00</Created>
        <LastChange>2022-09-12T15:26:58.716+02:00</LastChange>
        <TranskribusMetadata docId="1334850" pageId="52362735" pageNr="47" tsid="114644577" status="IN_PROGRESS" userId="9570" imgUrl="https://files.transkribus.eu/Get?id=GPIUTBEFPXCCSVRPRQSDLNIG&amp;fileType=view" xmlUrl="https://files.transkribus.eu/Get?id=VWDRVMRGZTKCVKPHWNFCWYBL" imageId="30687740"/>
    </Metadata>
    <Page imageFilename="IMG_6860.jpg" imageWidth="3024" imageHeight="4032">
        <ReadingOrder>
            <OrderedGroup id="ro_1687513627221" caption="Regions reading order">
                <RegionRefIndexed index="0" regionRef="r1"/>
                <RegionRefIndexed index="1" regionRef="r2"/>
                <RegionRefIndexed index="2" regionRef="r3"/>
                <RegionRefIndexed index="3" regionRef="r4"/>
                <RegionRefIndexed index="4" regionRef="r5"/>
                <RegionRefIndexed index="5" regionRef="r6"/>
                <RegionRefIndexed index="6" regionRef="r7"/>
                <RegionRefIndexed index="7" regionRef="r8"/>
            </OrderedGroup>
        </ReadingOrder>
        <TextRegion orientation="0.0" id="r1" custom="readingOrder {index:0;}">
            <Coords points="360,299 360,455 441,455 441,299"/>
            <TextLine id="r1l1" custom="readingOrder {index:0;}">
                <Coords points="355,420 361,420 373,410 397,415 411,407 422,408 438,392 447,392 445,364 425,372 418,366 412,367 404,359 391,365 377,361 369,363 365,359 360,364 351,363"/>
                <Baseline points="360,405 387,403 414,402 441,399"/>
                <TextEquiv>
                    <Unicode>88.</Unicode>
                </TextEquiv>
            </TextLine>
            <TextEquiv>
                <Unicode>88.</Unicode>
            </TextEquiv>
        </TextRegion>
        <TextRegion orientation="0.0" id="r2" custom="readingOrder {index:1;}">
            <Coords points="393,1811 393,1967 468,1967 468,1811"/>
            <TextLine id="r2l1" custom="readingOrder {index:0;}">
                <Coords points="388,1934 403,1931 421,1919 428,1920 461,1884 473,1883 470,1817 446,1820 423,1840 406,1846 391,1861 384,1861"/>
                <Baseline points="393,1917 418,1913 443,1915 468,1911"/>
                <TextEquiv>
                    <Unicode>80</Unicode>
                </TextEquiv>
            </TextLine>
            <TextEquiv>
                <Unicode>80</Unicode>
            </TextEquiv>
        </TextRegion>
        <TextRegion orientation="0.0" id="r3" custom="readingOrder {index:2;}">
            <Coords points="423,484 423,3519 1479,3519 1479,484"/>
            <TextLine id="r3l1" custom="readingOrder {index:0;}">
                <Coords points="509,542 650,584 797,526 908,557 1140,526 1476,572 1487,511 1424,473 1272,489 1029,427 969,473 891,448 829,501 632,435 510,477"/>
                <Baseline points="516,525 564,527 612,528 660,528 708,527 756,527 804,525 853,524 901,524 949,522 997,522 1045,522 1093,522 1141,524 1190,527 1238,530 1286,534 1334,540 1382,546 1430,554 1479,564"/>
                <TextEquiv>
                    <Unicode>und habe seinen Leuthen das, was ihme wieder¬</Unicode>
                </TextEquiv>
            </TextLine>
            <TextLine id="r3l2" custom="readingOrder {index:1;}">
                <Coords points="481,667 1127,605 1227,640 1266,606 1471,642 1471,590 1416,569 1365,601 1287,555 1236,576 1054,539 924,568 859,538 659,586 589,549 481,570"/>
                <Baseline points="488,624 536,624 585,621 634,620 683,618 732,615 780,612 829,611 878,608 927,606 976,605 1024,603 1073,603 1122,604 1171,605 1220,608 1268,610 1317,615 1366,620 1415,628 1464,636"/>
                <TextEquiv>
                    <Unicode>1 fahren, gesagt, nachberths habe er sich in die </Unicode>
                </TextEquiv>
            </TextLine>
            <TextLine id="r3l3" custom="readingOrder {index:2;}">
                <Coords points="497,729 1008,700 1112,743 1175,690 1345,733 1410,698 1476,715 1475,643 1321,645 1259,613 1177,657 915,629 815,662 757,637 495,666"/>
                <Baseline points="503,717 551,714 599,711 647,707 696,702 744,699 792,696 841,693 889,691 937,688 986,686 1034,684 1082,684 1130,684 1179,684 1227,684 1275,687 1324,689 1372,692 1420,696 1469,701"/>
                <TextEquiv>
                    <Unicode>Statt begeben, und es meine gnädigen Herren Bericht schreiben</Unicode>
                </TextEquiv>
            </TextLine>
            <TextLine id="r3l4" custom="readingOrder {index:3;}">
                <Coords points="509,807 531,804 576,825 592,813 633,819 654,800 666,805 685,785 748,791 744,718 708,737 668,722 652,737 645,730 613,735 570,760 506,764"/>
                <Baseline points="515,788 540,787 565,786 590,785 615,784 640,782 665,780 690,779 715,776 740,773"/>
                <TextEquiv>
                    <Unicode>angezeigt.</Unicode>
                </TextEquiv>
            </TextLine>
            <TextLine id="r3l5" custom="readingOrder {index:4;}">
                <Coords points="503,889 615,908 784,863 845,896 955,900 1014,865 1090,898 1441,896 1441,829 1178,788 1036,826 819,784 762,819 503,842"/>
                <Baseline points="510,876 556,873 602,869 648,867 694,865 741,862 787,860 833,858 879,858 925,857 972,857 1018,857 1064,858 1110,858 1156,861 1203,863 1249,865 1295,869 1341,873 1387,878 1434,882"/>
                <TextEquiv>
                    <Unicode>Ob diß seine völlige Außaag seyn, und ob er</Unicode>
                </TextEquiv>
            </TextLine>
            <TextLine id="r3l6" custom="readingOrder {index:5;}">
                <Coords points="416,902 444,903 449,898 455,901 474,899 476,820 463,819 443,832 433,826 419,826"/>
                <Baseline points="423,881 468,882"/>
                <TextEquiv>
                    <Unicode>3.</Unicode>
                </TextEquiv>
            </TextLine>
            <TextLine id="r3l7" custom="readingOrder {index:6;}">
                <Coords points="492,984 623,956 721,983 907,929 945,954 1022,932 1452,960 1452,920 1281,877 1074,911 976,881 492,911"/>
                <Baseline points="498,953 545,948 592,944 640,941 687,938 734,935 782,933 829,932 876,930 924,930 971,930 1018,930 1066,930 1113,932 1160,933 1208,935 1255,938 1302,941 1350,943 1397,947 1445,951"/>
                <TextEquiv>
                    <Unicode>sich nicht möge erinneren, wer ihne und den¬</Unicode>
                </TextEquiv>
            </TextLine>
            <TextLine id="r3l8" custom="readingOrder {index:7;}">
                <Coords points="480,1054 920,1049 1016,1009 1174,1012 1214,1047 1279,1012 1453,1016 1395,966 1248,987 1022,932 975,955 860,932 752,993 621,958 479,984"/>
                <Baseline points="486,1028 534,1025 582,1022 630,1019 678,1016 726,1013 774,1011 822,1008 870,1007 918,1005 966,1005 1014,1004 1062,1004 1110,1004 1158,1005 1206,1007 1254,1010 1302,1012 1350,1016 1398,1021 1446,1026"/>
                <TextEquiv>
                    <Unicode>Riesten angegriffen und Hand angelegt</Unicode>
                </TextEquiv>
            </TextLine>
            <TextLine id="r3l9" custom="readingOrder {index:8;}">
                <Coords points="432,1148 835,1105 1002,1130 1035,1102 1079,1131 1337,1102 1379,1128 1462,1092 1347,1033 1172,1078 1026,1038 955,1082 896,1038 791,1069 638,1043 516,1083 431,1044"/>
                <Baseline points="438,1113 488,1113 539,1113 590,1112 641,1110 692,1109 743,1107 793,1105 844,1103 895,1101 946,1100 997,1098 1048,1097 1099,1097 1149,1097 1200,1098 1251,1100 1302,1102 1353,1107 1404,1112 1455,1119"/>
                <TextEquiv>
                    <Unicode>R. der Riesten habe ihme gleichen Abendts ge¬</Unicode>
                </TextEquiv>
            </TextLine>
            <TextLine id="r3l10" custom="readingOrder {index:9;}">
                <Coords points="491,1226 683,1188 964,1218 1063,1170 1435,1192 1434,1157 1278,1101 1208,1135 938,1105 490,1158"/>
                <Baseline points="497,1194 543,1193 590,1191 636,1189 683,1187 729,1185 776,1182 822,1179 869,1176 915,1175 962,1172 1009,1171 1055,1170 1102,1169 1148,1169 1195,1170 1241,1172 1288,1175 1334,1179 1381,1184 1428,1190"/>
                <TextEquiv>
                    <Unicode>sagt und ans Sambstag wiederhohlet, daß</Unicode>
                </TextEquiv>
            </TextLine>
            <TextLine id="r3l11" custom="readingOrder {index:10;} person {offset:4; length:6;}">
                <Coords points="496,1299 532,1277 695,1304 782,1267 880,1302 1035,1253 1265,1251 1304,1281 1378,1255 1377,1208 1179,1184 1123,1228 1053,1182 920,1236 752,1219 668,1244 598,1209 494,1229"/>
                <Baseline points="501,1275 544,1274 588,1271 631,1270 675,1268 718,1266 762,1263 805,1261 849,1259 892,1257 936,1256 979,1254 1023,1253 1066,1251 1110,1251 1153,1251 1197,1251 1240,1252 1284,1254 1327,1256 1371,1259"/>
                <TextEquiv>
                    <Unicode>der Scherz ihme angegriffen und mit der</Unicode>
                </TextEquiv>
            </TextLine>
            <TextLine id="r3l12" custom="readingOrder {index:11;}">
                <Coords points="1379,1265 1386,1264 1393,1269 1398,1268 1400,1266 1408,1272 1414,1272 1412,1242 1405,1242 1399,1238 1386,1238 1385,1240 1377,1240"/>
                <Baseline points="1385,1260 1407,1259"/>
                <TextEquiv>
                    <Unicode>.</Unicode>
                </TextEquiv>
            </TextLine>
            <TextLine id="r3l13" custom="readingOrder {index:12;}">
                <Coords points="486,1393 700,1416 786,1376 861,1397 961,1347 1016,1377 1131,1344 1179,1378 1461,1376 1445,1309 1160,1263 1068,1324 1017,1283 485,1315"/>
                <Baseline points="492,1368 540,1367 588,1365 636,1362 684,1361 732,1357 780,1355 829,1352 877,1350 925,1347 973,1344 1021,1343 1069,1343 1117,1343 1166,1343 1214,1345 1262,1347 1310,1351 1358,1356 1406,1362 1455,1370"/>
                <TextEquiv>
                    <Unicode>Haust v. Saschen gegeben, der gleiche habe</Unicode>
                </TextEquiv>
            </TextLine>
            <TextLine id="r3l14" custom="readingOrder {index:13;}">
                <Coords points="492,1491 552,1473 605,1494 642,1479 719,1493 738,1474 780,1486 825,1450 936,1440 935,1414 889,1418 793,1376 748,1414 684,1407 636,1433 576,1432 527,1403 490,1413"/>
                <Baseline points="497,1445 522,1447 547,1449 573,1451 598,1451 624,1451 649,1451 674,1451 700,1449 725,1448 751,1446 776,1445 801,1443 827,1440 852,1439 878,1437 903,1435 929,1434"/>
                <TextEquiv>
                    <Unicode>ihne auch gestoßen.</Unicode>
                </TextEquiv>
            </TextLine>
            <TextLine id="r3l15" custom="readingOrder {index:14;} person {offset:0; length:12;} place {offset:18; length:6; continued:true;}">
                <Coords points="539,1986 1238,1949 1317,1979 1439,1954 1439,1926 1341,1919 1216,1850 926,1826 839,1885 738,1915 705,1892 669,1927 539,1950"/>
                <Baseline points="546,1961 590,1958 634,1956 679,1953 723,1952 767,1950 812,1949 856,1947 900,1947 945,1946 989,1944 1033,1944 1078,1944 1122,1944 1166,1944 1211,1944 1255,1944 1299,1946 1344,1947 1388,1949 1433,1950"/>
                <TextEquiv>
                    <Unicode>Peter Michel, von Menge¬</Unicode>
                </TextEquiv>
            </TextLine>
            <TextLine id="r3l16" custom="readingOrder {index:15;} place {offset:0; length:6; continued:true;}">
                <Coords points="449,2101 947,2034 1307,2096 1390,2075 1389,1985 1279,2006 1143,1958 882,1968 784,2003 528,1979 448,2016"/>
                <Baseline points="455,2042 501,2042 547,2042 594,2042 640,2042 687,2040 733,2040 779,2039 826,2038 872,2037 919,2036 965,2036 1011,2034 1058,2034 1104,2033 1151,2033 1197,2033 1243,2033 1290,2033 1336,2034 1383,2036"/>
                <TextEquiv>
                    <Unicode>storff, deponierte über die Schlägerey.</Unicode>
                </TextEquiv>
            </TextLine>
            <TextLine id="r3l17" custom="readingOrder {index:16;}">
                <Coords points="431,2408 541,2381 640,2416 702,2377 825,2408 930,2374 1066,2386 1128,2430 1273,2387 1329,2437 1412,2417 1412,2307 1291,2334 1011,2296 890,2334 783,2281 431,2344"/>
                <Baseline points="438,2379 486,2377 534,2375 583,2373 631,2372 680,2370 728,2370 776,2370 825,2370 873,2370 922,2370 970,2370 1018,2370 1067,2372 1115,2372 1164,2373 1212,2373 1260,2373 1309,2375 1357,2375 1406,2375"/>
                <TextEquiv>
                    <Unicode>Als er donstag Abendts zlöüschen Tag</Unicode>
                </TextEquiv>
            </TextLine>
            <TextLine id="r3l18" custom="readingOrder {index:17;}">
                <Coords points="443,2468 847,2462 908,2502 985,2462 1181,2491 1219,2457 1334,2485 1438,2446 1214,2397 1140,2434 947,2384 443,2408"/>
                <Baseline points="450,2450 499,2450 548,2450 597,2450 646,2450 695,2450 744,2450 793,2450 842,2450 891,2450 940,2451 989,2451 1038,2451 1087,2451 1136,2451 1185,2451 1234,2451 1283,2451 1332,2451 1381,2451 1431,2451"/>
                <TextEquiv>
                    <Unicode>und Nacht zu dem Thor hinauß gegangen</Unicode>
                </TextEquiv>
            </TextLine>
            <TextLine id="r3l19" custom="readingOrder {index:18;}">
                <Coords points="448,2556 572,2576 719,2528 835,2571 1097,2529 1390,2545 1430,2534 1430,2460 1309,2504 1251,2452 1189,2489 1058,2463 906,2503 747,2460 651,2509 539,2460 448,2508"/>
                <Baseline points="455,2528 503,2529 551,2531 600,2531 648,2532 697,2532 745,2532 794,2532 842,2532 891,2532 939,2531 987,2531 1036,2529 1084,2529 1133,2528 1181,2528 1230,2526 1278,2526 1327,2525 1375,2523 1424,2523"/>
                <TextEquiv>
                    <Unicode>und sich mit der Macht etwas verweilet,</Unicode>
                </TextEquiv>
            </TextLine>
            <TextLine id="r3l20" custom="readingOrder {index:19;} person {offset:22; length:7;}">
                <Coords points="435,2663 498,2642 617,2678 684,2637 996,2644 1079,2607 1255,2639 1425,2608 1424,2551 1174,2543 1078,2583 1024,2553 807,2573 682,2542 433,2585"/>
                <Baseline points="440,2615 488,2616 537,2618 586,2618 635,2618 684,2619 733,2618 782,2618 831,2618 880,2616 929,2616 977,2615 1026,2613 1075,2612 1124,2610 1173,2609 1222,2606 1271,2604 1320,2601 1369,2600 1418,2597"/>
                <TextEquiv>
                    <Unicode>habe er bey der Frauw Gerdets Hauß ger¬</Unicode>
                </TextEquiv>
            </TextLine>
            <TextLine id="r3l21" custom="readingOrder {index:20;} person {offset:27; length:7;}">
                <Coords points="441,2741 579,2696 676,2729 880,2705 913,2734 1048,2695 1164,2731 1414,2684 1442,2631 1291,2612 1220,2656 1148,2606 1075,2607 1014,2648 856,2634 753,2672 689,2637 632,2681 498,2643 438,2664"/>
                <Baseline points="446,2700 495,2700 545,2700 594,2700 644,2700 693,2700 743,2699 792,2699 842,2697 891,2696 941,2694 990,2694 1040,2691 1089,2690 1139,2687 1188,2685 1238,2682 1287,2679 1337,2675 1386,2672 1436,2669"/>
                <TextEquiv>
                    <Unicode>rsehen und gehört, daß der Schertz zu dem</Unicode>
                </TextEquiv>
            </TextLine>
            <TextLine id="r3l22" custom="readingOrder {index:21;}">
                <Coords points="444,2834 809,2830 881,2782 1052,2769 1290,2809 1449,2775 1447,2720 1222,2702 1158,2736 1011,2705 911,2738 754,2704 441,2755"/>
                <Baseline points="449,2798 498,2796 548,2794 597,2792 647,2790 697,2787 746,2786 796,2784 846,2781 895,2780 945,2777 995,2776 1044,2774 1094,2772 1144,2769 1193,2768 1243,2766 1293,2763 1342,2762 1392,2759 1442,2757"/>
                <TextEquiv>
                    <Unicode>dz gesagt, er bz solle das Meitlin laßen,</Unicode>
                </TextEquiv>
            </TextLine>
            <TextLine id="r3l23" custom="readingOrder {index:22;}">
                <Coords points="455,2889 759,2911 835,2881 1028,2927 1192,2871 1407,2886 1467,2854 1466,2797 1274,2845 853,2818 782,2863 696,2819 629,2852 453,2834"/>
                <Baseline points="461,2883 511,2882 561,2882 611,2880 661,2879 711,2879 761,2877 811,2877 861,2876 911,2875 961,2874 1011,2873 1061,2871 1111,2870 1161,2868 1211,2867 1261,2864 1311,2861 1361,2859 1411,2855 1461,2852"/>
                <TextEquiv>
                    <Unicode>wann er aber nicht wolle, so müsse er, worauf</Unicode>
                </TextEquiv>
            </TextLine>
            <TextLine id="r3l24" custom="readingOrder {index:23;}">
                <Coords points="438,2977 1122,3000 1237,2940 1454,2960 1463,2865 1243,2915 1119,2885 1028,2927 611,2890 560,2926 436,2919"/>
                <Baseline points="444,2970 494,2967 545,2963 596,2961 646,2958 697,2957 748,2955 798,2953 849,2952 900,2951 951,2949 1001,2949 1052,2948 1103,2948 1153,2946 1204,2945 1255,2945 1305,2943 1356,2942 1407,2940 1458,2939"/>
                <TextEquiv>
                    <Unicode>der dz ohne Verweigerung selbiges verab¬</Unicode>
                </TextEquiv>
            </TextLine>
            <TextLine id="r3l25" custom="readingOrder {index:24;}">
                <Coords points="436,3101 519,3057 624,3095 952,3055 1136,3095 1234,3043 1464,3015 1371,2958 1230,3020 1078,2985 782,3017 515,2982 433,3022"/>
                <Baseline points="441,3059 491,3057 542,3056 593,3054 644,3053 695,3051 745,3050 796,3048 847,3047 898,3047 949,3044 999,3043 1050,3041 1101,3038 1152,3036 1203,3033 1253,3030 1304,3028 1355,3024 1406,3020 1457,3017"/>
                <TextEquiv>
                    <Unicode>folgen laßen, Er deponent seyn mit dem</Unicode>
                </TextEquiv>
            </TextLine>
            <TextLine id="r3l26" custom="readingOrder {index:25;}">
                <Coords points="418,3194 645,3144 746,3186 844,3159 977,3192 1164,3133 1431,3128 1472,3112 1469,3042 1228,3113 1084,3077 1021,3115 643,3121 517,3058 415,3117"/>
                <Baseline points="423,3152 475,3149 527,3148 579,3147 631,3146 683,3146 735,3146 787,3144 839,3144 891,3144 943,3143 995,3141 1047,3139 1099,3137 1151,3134 1203,3130 1255,3126 1307,3121 1359,3114 1411,3105 1464,3096"/>
                <TextEquiv>
                    <Unicode>Rentschen nachgegangen, wie er nun zu dem¬</Unicode>
                </TextEquiv>
            </TextLine>
            <TextLine id="r3l27" custom="readingOrder {index:26;}">
                <Coords points="428,3262 653,3279 698,3249 1043,3260 1243,3226 1288,3250 1467,3203 1466,3161 1422,3140 1230,3206 1132,3156 1066,3200 900,3165 574,3188 522,3155 426,3188"/>
                <Baseline points="434,3236 485,3237 536,3239 588,3239 639,3240 690,3240 742,3240 793,3240 844,3239 896,3239 947,3237 998,3235 1050,3233 1101,3231 1152,3227 1204,3224 1255,3219 1306,3213 1358,3208 1409,3203 1461,3195"/>
                <TextEquiv>
                    <Unicode>Weißenstein Höltzlin gekommen, habe</Unicode>
                </TextEquiv>
            </TextLine>
            <TextLine id="r3l28" custom="readingOrder {index:27;}">
                <Coords points="430,3358 506,3329 732,3374 808,3336 1112,3364 1218,3316 1393,3335 1429,3318 1428,3248 1359,3268 1249,3236 1175,3289 981,3247 635,3295 427,3262"/>
                <Baseline points="435,3318 484,3321 533,3324 583,3327 632,3327 681,3329 731,3329 780,3328 829,3327 879,3326 928,3324 977,3321 1027,3320 1076,3318 1125,3315 1175,3314 1224,3311 1273,3309 1323,3308 1372,3306 1422,3306"/>
                <TextEquiv>
                    <Unicode>Er ein Geschrey und Gebrüehl gehört, auf</Unicode>
                </TextEquiv>
            </TextLine>
            <TextLine id="r3l29" custom="readingOrder {index:28;}">
                <Coords points="448,3453 634,3461 780,3416 891,3448 1175,3394 1317,3418 1430,3372 1428,3319 1333,3348 1217,3317 1108,3365 858,3334 758,3374 702,3348 602,3382 445,3359"/>
                <Baseline points="453,3402 501,3404 550,3405 598,3405 647,3406 695,3407 744,3405 792,3405 841,3405 889,3404 938,3402 987,3400 1035,3398 1084,3396 1132,3393 1181,3390 1229,3387 1278,3383 1326,3380 1375,3375 1424,3369"/>
                <TextEquiv>
                    <Unicode>näheres herzukommen, habe der Schurz¬</Unicode>
                </TextEquiv>
            </TextLine>
            <TextLine id="r3l30" custom="readingOrder {index:29;}">
                <Coords points="1335,3510 1350,3509 1361,3501 1391,3502 1416,3490 1423,3495 1437,3482 1452,3484 1471,3468 1465,3432 1453,3434 1442,3446 1413,3436 1406,3442 1365,3438 1355,3450 1333,3444 1323,3449"/>
                <Baseline points="1340,3500 1365,3497 1390,3492 1415,3487 1440,3482 1466,3479"/>
                <TextEquiv>
                    <Unicode>seinen</Unicode>
                </TextEquiv>
            </TextLine>
            <TextEquiv>
                <Unicode>und habe seinen Leuthen das, was ihme wieder¬
1 fahren, gesagt, nachberths habe er sich in die 
Statt begeben, und es meine gnädigen Herren Bericht schreiben
angezeigt.
Ob diß seine völlige Außaag seyn, und ob er
3.
sich nicht möge erinneren, wer ihne und den¬
Riesten angegriffen und Hand angelegt
R. der Riesten habe ihme gleichen Abendts ge¬
sagt und ans Sambstag wiederhohlet, daß
der Scherz ihme angegriffen und mit der
.
Haust v. Saschen gegeben, der gleiche habe
ihne auch gestoßen.
Peter Michel, von Menge¬
storff, deponierte über die Schlägerey.
Als er donstag Abendts zlöüschen Tag
und Nacht zu dem Thor hinauß gegangen
und sich mit der Macht etwas verweilet,
habe er bey der Frauw Gerdets Hauß ger¬
rsehen und gehört, daß der Schertz zu dem
dz gesagt, er bz solle das Meitlin laßen,
wann er aber nicht wolle, so müsse er, worauf
der dz ohne Verweigerung selbiges verab¬
folgen laßen, Er deponent seyn mit dem
Rentschen nachgegangen, wie er nun zu dem¬
Weißenstein Höltzlin gekommen, habe
Er ein Geschrey und Gebrüehl gehört, auf
näheres herzukommen, habe der Schurz¬
seinen</Unicode>
            </TextEquiv>
        </TextRegion>
        <TextRegion orientation="0.0" id="r4" custom="readingOrder {index:3;}">
            <Coords points="1608,3005 1608,3155 1656,3155 1656,3005"/>
            <TextLine id="r4l1" custom="readingOrder {index:0;}">
                <Coords points="1602,3133 1618,3129 1623,3131 1627,3127 1645,3140 1662,3139 1662,3022 1644,3026 1639,3020 1602,3026"/>
                <Baseline points="1608,3105 1656,3105"/>
                <TextEquiv>
                    <Unicode>5.</Unicode>
                </TextEquiv>
            </TextLine>
            <TextEquiv>
                <Unicode>5.</Unicode>
            </TextEquiv>
        </TextRegion>
        <TextRegion orientation="0.0" id="r5" custom="readingOrder {index:4;}">
            <Coords points="1638,1773 1638,2098 1683,2098 1683,1773"/>
            <TextLine id="r5l1" custom="readingOrder {index:0;}">
                <Coords points="1648,1925 1667,1924 1670,1921 1695,1923 1682,1788 1668,1791 1661,1785 1650,1783 1643,1792 1636,1792"/>
                <Baseline points="1649,1868 1683,1865"/>
                <TextEquiv>
                    <Unicode>E</Unicode>
                </TextEquiv>
            </TextLine>
            <TextLine id="r5l2" custom="readingOrder {index:1;}">
                <Coords points="1632,2083 1640,2083 1653,2071 1663,2077 1675,2077 1675,1984 1665,1982 1655,1986 1650,1984 1640,1993 1632,1992"/>
                <Baseline points="1638,2052 1668,2052"/>
                <TextEquiv>
                    <Unicode>z</Unicode>
                </TextEquiv>
            </TextLine>
            <TextEquiv>
                <Unicode>E
z</Unicode>
            </TextEquiv>
        </TextRegion>
        <TextRegion orientation="0.0" id="r6" custom="readingOrder {index:5;}">
            <Coords points="1631,2347 1631,2500 1703,2500 1703,2347"/>
            <TextLine id="r6l1" custom="readingOrder {index:0;}">
                <Coords points="1626,2490 1635,2490 1661,2476 1710,2473 1706,2374 1699,2374 1689,2383 1661,2369 1635,2391 1622,2393"/>
                <Baseline points="1631,2450 1667,2447 1703,2447"/>
                <TextEquiv>
                    <Unicode>9.</Unicode>
                </TextEquiv>
            </TextLine>
            <TextEquiv>
                <Unicode>9.</Unicode>
            </TextEquiv>
        </TextRegion>
        <TextRegion orientation="0.0" id="r7" custom="readingOrder {index:6;}">
            <Coords points="1659,1249 1659,1572 1713,1572 1713,1249"/>
            <TextLine id="r7l1" custom="readingOrder {index:0;}">
                <Coords points="1677,1361 1688,1362 1693,1359 1707,1342 1720,1344 1714,1262 1708,1263 1704,1260 1698,1267 1688,1261 1670,1263"/>
                <Baseline points="1682,1343 1713,1341"/>
                <TextEquiv>
                    <Unicode>I.</Unicode>
                </TextEquiv>
            </TextLine>
            <TextLine id="r7l2" custom="readingOrder {index:1;}">
                <Coords points="1649,1558 1708,1565 1716,1453 1703,1454 1700,1451 1685,1457 1673,1450 1657,1451"/>
                <Baseline points="1659,1523 1704,1526"/>
                <TextEquiv>
                    <Unicode>I.</Unicode>
                </TextEquiv>
            </TextLine>
            <TextEquiv>
                <Unicode>I.
I.</Unicode>
            </TextEquiv>
        </TextRegion>
        <TextRegion orientation="0.0" id="r8" custom="readingOrder {index:7;}">
            <Coords points="1679,413 1679,3447 2751,3447 2751,413"/>
            <TextLine id="r8l1" custom="readingOrder {index:0;}">
                <Coords points="2676,503 2686,504 2693,498 2701,502 2718,486 2726,492 2732,492 2742,486 2746,489 2750,485 2756,485 2758,441 2745,437 2732,426 2711,425 2699,416 2680,417"/>
                <Baseline points="2685,458 2718,461 2751,461"/>
                <TextEquiv>
                    <Unicode>89.</Unicode>
                </TextEquiv>
            </TextLine>
            <TextLine id="r8l2" custom="readingOrder {index:1;}">
                <Coords points="1742,571 2007,618 2066,590 2345,633 2738,627 2742,565 2578,535 2279,540 2050,487 1746,514"/>
                <Baseline points="1749,560 1798,561 1847,563 1896,566 1945,569 1995,572 2044,576 2093,578 2142,583 2191,587 2241,590 2290,594 2339,598 2388,601 2437,603 2487,605 2536,607 2585,608 2634,609 2683,609 2733,608"/>
                <TextEquiv>
                    <Unicode>seinen Guth geforderet, und daß der Clauß zu¬</Unicode>
                </TextEquiv>
            </TextLine>
            <TextLine id="r8l3" custom="readingOrder {index:2;}">
                <Coords points="1727,704 1908,660 2569,729 2697,699 2698,671 2566,621 2404,657 2301,608 2088,629 1966,590 1914,623 1871,589 1805,636 1731,627"/>
                <Baseline points="1737,650 1784,650 1832,651 1880,652 1927,653 1975,656 2023,657 2070,660 2118,663 2166,666 2214,668 2261,671 2309,674 2357,677 2404,680 2452,682 2500,684 2547,686 2595,687 2643,689 2691,689"/>
                <TextEquiv>
                    <Unicode>29.) dem Riesten mit der Haust einen Streich in</Unicode>
                </TextEquiv>
            </TextLine>
            <TextLine id="r8l4" custom="readingOrder {index:3;}">
                <Coords points="1737,742 1812,781 1956,747 2171,796 2309,762 2753,820 2757,735 2680,704 2564,746 2110,679 2032,710 1988,682 1904,712 1795,674 1739,696"/>
                <Baseline points="1743,732 1793,735 1843,737 1893,739 1944,741 1994,743 2044,745 2094,747 2145,749 2195,750 2245,753 2295,755 2346,757 2396,759 2446,762 2496,765 2547,767 2597,770 2647,774 2697,778 2748,782"/>
                <TextEquiv>
                    <Unicode>das Genick gegeben, so hart angegangen, darauf</Unicode>
                </TextEquiv>
            </TextLine>
            <TextLine id="r8l5" custom="readingOrder {index:4;}">
                <Coords points="1726,867 1823,829 2037,871 2114,840 2427,895 2697,873 2700,816 2586,785 2367,787 2301,819 2239,780 2108,816 2046,766 1951,757 1730,785"/>
                <Baseline points="1734,818 1781,819 1829,821 1877,822 1925,825 1973,827 2021,828 2068,831 2116,833 2164,836 2212,839 2260,840 2308,844 2356,846 2403,848 2451,851 2499,853 2547,855 2595,859 2643,861 2691,863"/>
                <TextEquiv>
                    <Unicode>Er dem Riesen gerathen, Er solle sich fortbe¬</Unicode>
                </TextEquiv>
            </TextLine>
            <TextLine id="r8l6" custom="readingOrder {index:5;}">
                <Coords points="1729,940 1840,915 2251,956 2737,948 2647,877 2431,896 2370,867 2199,907 1734,840"/>
                <Baseline points="1737,905 1786,906 1836,906 1885,908 1935,909 1985,911 2034,914 2084,915 2134,918 2183,920 2233,923 2283,926 2332,929 2382,930 2432,933 2481,935 2531,936 2581,939 2630,939 2680,941 2730,941"/>
                <TextEquiv>
                    <Unicode>rgeben, welches er auch gethan und mit ihme</Unicode>
                </TextEquiv>
            </TextLine>
            <TextLine id="r8l7" custom="readingOrder {index:6;}">
                <Coords points="1736,1008 2622,1058 2758,1023 2757,964 2413,996 2327,949 1738,944"/>
                <Baseline points="1743,992 1793,993 1843,993 1894,995 1944,996 1995,997 2045,999 2095,1001 2146,1002 2196,1004 2247,1005 2297,1007 2347,1009 2398,1011 2448,1013 2499,1014 2549,1016 2599,1017 2650,1017 2700,1019 2751,1019"/>
                <TextEquiv>
                    <Unicode>Deponent vor das Holzlin gegangen, habe selbige</Unicode>
                </TextEquiv>
            </TextLine>
            <TextLine id="r8l8" custom="readingOrder {index:7;}">
                <Coords points="1720,1115 1815,1092 1914,1132 2045,1102 2134,1136 2182,1098 2227,1127 2701,1128 2745,1110 2747,1067 2579,1078 2471,1042 2358,1080 2233,1019 2038,1066 1883,1016 1723,1053"/>
                <Baseline points="1728,1070 1778,1073 1829,1075 1879,1078 1930,1080 1980,1083 2031,1085 2081,1088 2132,1089 2182,1091 2233,1092 2284,1094 2334,1095 2385,1097 2435,1098 2486,1100 2536,1101 2587,1103 2637,1104 2688,1105 2739,1107"/>
                <TextEquiv>
                    <Unicode>nochmahls geheißen fortgehen, Er deponent aber</Unicode>
                </TextEquiv>
            </TextLine>
            <TextLine id="r8l9" custom="readingOrder {index:8;}">
                <Coords points="1712,1188 1886,1175 2048,1220 2468,1189 2558,1222 2743,1191 2724,1133 2568,1163 2519,1124 2387,1142 2338,1106 2216,1150 1714,1114"/>
                <Baseline points="1719,1151 1769,1154 1820,1155 1871,1158 1922,1160 1973,1163 2024,1165 2074,1167 2125,1169 2176,1171 2227,1173 2278,1175 2329,1176 2380,1178 2430,1179 2481,1180 2532,1181 2583,1182 2634,1182 2685,1184 2736,1184"/>
                <TextEquiv>
                    <Unicode>seyn ihme allgemach nachgefolget, und nach Hauß</Unicode>
                </TextEquiv>
            </TextLine>
            <TextLine id="r8l10" custom="readingOrder {index:9;}">
                <Coords points="1725,1283 1754,1291 1833,1243 1869,1257 1923,1252 1963,1266 1981,1260 1983,1206 1938,1190 1890,1216 1728,1205"/>
                <Baseline points="1733,1239 1760,1238 1787,1238 1814,1239 1841,1239 1868,1241 1895,1243 1922,1244 1949,1245 1976,1245"/>
                <TextEquiv>
                    <Unicode>gegangen.</Unicode>
                </TextEquiv>
            </TextLine>
            <TextLine id="r8l11" custom="readingOrder {index:10;}">
                <Coords points="1751,1352 1964,1373 2074,1346 2231,1395 2751,1378 2752,1324 2680,1285 2476,1283 2369,1329 2066,1256 1960,1265 1862,1327 1752,1298"/>
                <Baseline points="1758,1338 1807,1338 1856,1338 1906,1340 1955,1340 2004,1340 2054,1341 2103,1341 2152,1343 2202,1343 2251,1344 2300,1344 2350,1347 2399,1347 2448,1349 2498,1350 2547,1352 2596,1354 2646,1356 2695,1359 2745,1361"/>
                <TextEquiv>
                    <Unicode>Wten er bey der Schlägerey angetroffen und ge¬</Unicode>
                </TextEquiv>
            </TextLine>
            <TextLine id="r8l12" custom="readingOrder {index:11;}">
                <Coords points="1727,1432 1765,1426 1782,1434 1816,1431 1842,1447 1882,1430 1907,1446 1929,1442 1928,1353 1859,1384 1817,1356 1804,1359 1784,1348 1726,1370"/>
                <Baseline points="1733,1419 1760,1421 1787,1421 1814,1420 1841,1419 1868,1419 1895,1418 1922,1418"/>
                <TextEquiv>
                    <Unicode>kennet.</Unicode>
                </TextEquiv>
            </TextLine>
            <TextLine id="r8l13" custom="readingOrder {index:12;} person {offset:15; length:4;}">
                <Coords points="1737,1557 1815,1522 1860,1547 2025,1524 2159,1582 2305,1529 2334,1558 2550,1553 2637,1599 2709,1551 2711,1493 2632,1464 2554,1483 2516,1452 2392,1495 2288,1452 2132,1485 2062,1450 1741,1450"/>
                <Baseline points="1745,1523 1792,1521 1840,1520 1888,1520 1936,1520 1984,1520 2032,1520 2079,1521 2127,1523 2175,1524 2223,1526 2271,1529 2319,1531 2367,1533 2414,1536 2462,1539 2510,1541 2558,1545 2606,1548 2654,1551 2702,1554"/>
                <TextEquiv>
                    <Unicode>die Gebrüedere Gugi, Scherz, Künsten und G</Unicode>
                </TextEquiv>
            </TextLine>
            <TextLine id="r8l14" custom="readingOrder {index:13;}">
                <Coords points="1716,1635 1961,1603 2733,1639 2725,1538 2637,1600 2552,1553 2498,1578 2305,1540 2137,1583 2011,1578 1946,1535 1718,1567"/>
                <Baseline points="1724,1602 1774,1601 1824,1601 1874,1601 1924,1599 1974,1599 2024,1601 2074,1601 2124,1601 2174,1602 2225,1602 2275,1604 2325,1605 2375,1606 2425,1608 2475,1610 2525,1612 2575,1613 2625,1616 2675,1619 2726,1622"/>
                <TextEquiv>
                    <Unicode>welcher letstere ihme nicht weit davon begegnet, </Unicode>
                </TextEquiv>
            </TextLine>
            <TextLine id="r8l15" custom="readingOrder {index:14;}">
                <Coords points="1713,1724 1962,1681 2022,1713 2064,1685 2308,1712 2345,1684 2508,1722 2696,1713 2697,1641 2658,1634 2592,1671 2203,1621 2004,1615 1961,1652 1715,1629"/>
                <Baseline points="1721,1679 1769,1679 1817,1679 1866,1679 1914,1679 1963,1679 2011,1679 2060,1679 2108,1679 2157,1679 2205,1679 2253,1680 2302,1680 2350,1682 2399,1682 2447,1684 2496,1686 2544,1688 2593,1691 2641,1694 2690,1698"/>
                <TextEquiv>
                    <Unicode>daß er wieder zurückgegangen, Übrige aber</Unicode>
                </TextEquiv>
            </TextLine>
            <TextLine id="r8l16" custom="readingOrder {index:15;}">
                <Coords points="1697,1794 1804,1770 1838,1782 1859,1764 1917,1807 1980,1796 2000,1812 2083,1775 2196,1781 2197,1721 2154,1748 2079,1694 2053,1714 1998,1704 1926,1748 1863,1746 1793,1715 1698,1731"/>
                <Baseline points="1704,1763 1729,1763 1755,1763 1780,1764 1806,1764 1831,1764 1857,1764 1883,1764 1908,1764 1934,1764 1959,1766 1985,1766 2010,1766 2036,1767 2062,1767 2087,1767 2113,1769 2138,1770 2164,1770 2190,1772"/>
                <TextEquiv>
                    <Unicode>habe er nicht gekennet.</Unicode>
                </TextEquiv>
            </TextLine>
            <TextLine id="r8l17" custom="readingOrder {index:16;}">
                <Coords points="1724,1879 2051,1879 2139,1921 2263,1889 2476,1927 2579,1881 2718,1897 2719,1847 2106,1805 2040,1850 1941,1794 1868,1833 1725,1829"/>
                <Baseline points="1731,1863 1780,1866 1829,1868 1878,1870 1927,1872 1976,1874 2025,1875 2074,1875 2123,1877 2172,1877 2221,1877 2270,1878 2319,1878 2368,1878 2417,1880 2466,1880 2515,1881 2564,1883 2613,1883 2662,1886 2712,1887"/>
                <TextEquiv>
                    <Unicode>Ob er nicht gehört, daß die Schlägere sich heraus¬</Unicode>
                </TextEquiv>
            </TextLine>
            <TextLine id="r8l18" custom="readingOrder {index:17;}">
                <Coords points="1721,1962 2429,2013 2580,2002 2685,1975 2686,1947 2527,1909 2358,1936 2263,1891 2217,1928 2089,1886 2003,1897 1947,1938 1806,1889 1722,1905"/>
                <Baseline points="1728,1938 1775,1941 1823,1945 1870,1947 1918,1949 1965,1952 2013,1953 2060,1954 2108,1955 2155,1956 2203,1956 2251,1958 2298,1958 2346,1958 2393,1959 2441,1959 2488,1959 2536,1959 2583,1959 2631,1961 2679,1961"/>
                <TextEquiv>
                    <Unicode>gelaßen, und berühmet, wen sie geschlagen.</Unicode>
                </TextEquiv>
            </TextLine>
            <TextLine id="r8l19" custom="readingOrder {index:18;}">
                <Coords points="1717,2075 2243,2065 2415,2114 2669,2085 2670,1997 2541,2026 2480,1994 2405,2030 1993,1984 1905,2019 1718,1996"/>
                <Baseline points="1724,2055 1773,2057 1822,2058 1872,2060 1921,2061 1971,2061 2020,2061 2069,2061 2119,2061 2168,2060 2218,2060 2267,2060 2317,2060 2366,2060 2415,2060 2465,2061 2514,2063 2564,2064 2613,2067 2663,2070"/>
                <TextEquiv>
                    <Unicode>Nein, weiters nichts, als was er außgesagt,</Unicode>
                </TextEquiv>
            </TextLine>
            <TextLine id="r8l20" custom="readingOrder {index:19;}">
                <Coords points="2671,2076 2681,2079 2682,2078 2685,2079 2689,2077 2700,2078 2705,2052 2699,2051 2693,2053 2692,2051 2682,2052 2676,2050"/>
                <Baseline points="2679,2070 2694,2073"/>
                <TextEquiv>
                    <Unicode>.</Unicode>
                </TextEquiv>
            </TextLine>
            <TextLine id="r8l21" custom="readingOrder {index:20;} person {offset:0; length:16;} place {offset:21; length:10;}">
                <Coords points="1719,2458 2309,2477 2489,2450 2535,2481 2590,2441 2682,2452 2709,2361 2472,2384 2419,2360 2290,2394 2175,2328 2122,2366 1914,2385 1838,2329 1717,2334"/>
                <Baseline points="1725,2450 1773,2451 1822,2453 1871,2453 1920,2454 1969,2454 2018,2453 2067,2453 2116,2452 2165,2451 2214,2450 2262,2448 2311,2447 2360,2446 2409,2444 2458,2442 2507,2441 2556,2441 2605,2439 2654,2438 2703,2438"/>
                <TextEquiv>
                    <Unicode>Bendicht Michell von Mengestorf</Unicode>
                </TextEquiv>
            </TextLine>
            <TextLine id="r8l22" custom="readingOrder {index:21;}">
                <Coords points="1708,2560 1778,2519 1887,2549 2018,2523 2146,2549 2676,2534 2675,2435 2514,2488 2416,2459 2290,2487 2251,2458 2176,2490 2016,2460 1968,2490 1707,2485"/>
                <Baseline points="1715,2525 1762,2525 1810,2525 1858,2526 1905,2526 1953,2525 2001,2525 2048,2525 2096,2525 2144,2525 2192,2523 2239,2523 2287,2522 2335,2522 2382,2520 2430,2519 2478,2517 2525,2516 2573,2515 2621,2514 2669,2513"/>
                <TextEquiv>
                    <Unicode>27. Jahr alt etc. zum Voraus die Wichtigkeit</Unicode>
                </TextEquiv>
            </TextLine>
            <TextLine id="r8l23" custom="readingOrder {index:22;}">
                <Coords points="1694,2633 1883,2606 1965,2649 2072,2603 2467,2626 2674,2595 2673,2544 2595,2530 2550,2563 2058,2532 1974,2577 1783,2520 1694,2573"/>
                <Baseline points="1700,2595 1748,2597 1796,2597 1845,2597 1893,2597 1941,2597 1990,2597 2038,2597 2086,2597 2135,2597 2183,2597 2231,2596 2280,2595 2328,2595 2376,2594 2425,2594 2473,2593 2521,2592 2570,2592 2618,2591 2667,2589"/>
                <TextEquiv>
                    <Unicode>der Sach vorgestellt, und ein wahrhafftes Zing¬</Unicode>
                </TextEquiv>
            </TextLine>
            <TextLine id="r8l24" custom="readingOrder {index:23;}">
                <Coords points="1687,2676 1750,2708 2021,2675 2120,2709 2193,2675 2238,2703 2345,2674 2434,2706 2508,2680 2676,2702 2676,2628 2631,2610 2424,2617 2377,2649 2141,2604 2084,2632 2035,2611 1989,2653 1885,2624 1687,2648"/>
                <Baseline points="1694,2673 1742,2673 1791,2673 1840,2672 1889,2672 1937,2672 1986,2672 2035,2672 2084,2672 2132,2672 2181,2672 2230,2672 2279,2672 2327,2670 2376,2670 2425,2670 2474,2670 2522,2670 2571,2669 2620,2669 2669,2667"/>
                <TextEquiv>
                    <Unicode>nuß abgeforderet, so daß er allenfalls den</Unicode>
                </TextEquiv>
            </TextLine>
            <TextLine id="r8l25" custom="readingOrder {index:24;}">
                <Coords points="1684,2798 1810,2760 1861,2798 1989,2759 2085,2786 2200,2763 2200,2734 2160,2732 2095,2692 2047,2722 1992,2685 1904,2710 1871,2679 1832,2703 1788,2689 1707,2725 1684,2713"/>
                <Baseline points="1691,2759 1716,2759 1741,2759 1766,2759 1791,2757 1816,2757 1841,2757 1866,2757 1891,2757 1916,2757 1942,2757 1967,2757 1992,2757 2017,2757 2042,2757 2067,2756 2092,2756 2117,2756 2142,2756 2167,2755 2193,2754"/>
                <TextEquiv>
                    <Unicode>Eydt darzu thun könne.</Unicode>
                </TextEquiv>
            </TextLine>
            <TextLine id="r8l26" custom="readingOrder {index:25;}">
                <Coords points="1694,3103 1926,3128 2715,3090 2713,3013 2678,3007 2427,3015 2338,3065 2220,3026 2147,3055 2087,3019 1693,3050"/>
                <Baseline points="1700,3095 1750,3096 1800,3096 1851,3096 1901,3096 1952,3096 2002,3096 2052,3096 2103,3095 2153,3095 2204,3093 2254,3092 2304,3090 2355,3089 2405,3087 2456,3086 2506,3084 2556,3082 2607,3080 2657,3078 2708,3075"/>
                <TextEquiv>
                    <Unicode>Umb welche zeit und mit worin er donstag abends</Unicode>
                </TextEquiv>
            </TextLine>
            <TextLine id="r8l27" custom="readingOrder {index:26;}">
                <Coords points="1672,3200 1962,3163 2086,3207 2302,3169 2609,3185 2667,3169 2667,3139 2455,3102 2389,3153 2101,3112 1671,3128"/>
                <Baseline points="1679,3182 1728,3179 1777,3175 1826,3174 1875,3171 1924,3170 1973,3168 2022,3168 2071,3168 2120,3167 2169,3167 2218,3167 2267,3168 2316,3168 2365,3168 2414,3168 2463,3167 2512,3167 2561,3166 2610,3165 2660,3164"/>
                <TextEquiv>
                    <Unicode>zu der Statt hinaus gegangen, und was er</Unicode>
                </TextEquiv>
            </TextLine>
            <TextLine id="r8l28" custom="readingOrder {index:27;}">
                <Coords points="1687,3316 2106,3282 2201,3240 2526,3283 2679,3231 2563,3170 2471,3214 2315,3169 2190,3217 2024,3206 1962,3163 1684,3209"/>
                <Baseline points="1692,3258 1741,3255 1790,3251 1839,3249 1888,3247 1937,3245 1986,3243 2035,3242 2084,3240 2133,3239 2182,3239 2231,3237 2280,3237 2329,3236 2378,3236 2427,3234 2476,3234 2525,3233 2574,3231 2623,3230 2672,3228"/>
                <TextEquiv>
                    <Unicode>von der vorgegangenen Schlägerey wüße.</Unicode>
                </TextEquiv>
            </TextLine>
            <TextLine id="r8l29" custom="readingOrder {index:28;}">
                <Coords points="2540,3447 2555,3446 2563,3451 2577,3436 2581,3440 2593,3437 2607,3447 2646,3437 2644,3348 2628,3349 2615,3357 2591,3350 2557,3381 2551,3375 2538,3374"/>
                <Baseline points="2546,3425 2577,3419 2608,3419 2639,3422"/>
                <TextEquiv>
                    <Unicode>R.</Unicode>
                </TextEquiv>
            </TextLine>
            <TextEquiv>
                <Unicode>89.
seinen Guth geforderet, und daß der Clauß zu¬
29.) dem Riesten mit der Haust einen Streich in
das Genick gegeben, so hart angegangen, darauf
Er dem Riesen gerathen, Er solle sich fortbe¬
rgeben, welches er auch gethan und mit ihme
Deponent vor das Holzlin gegangen, habe selbige
nochmahls geheißen fortgehen, Er deponent aber
seyn ihme allgemach nachgefolget, und nach Hauß
gegangen.
Wten er bey der Schlägerey angetroffen und ge¬
kennet.
die Gebrüedere Gugi, Scherz, Künsten und G
welcher letstere ihme nicht weit davon begegnet, 
daß er wieder zurückgegangen, Übrige aber
habe er nicht gekennet.
Ob er nicht gehört, daß die Schlägere sich heraus¬
gelaßen, und berühmet, wen sie geschlagen.
Nein, weiters nichts, als was er außgesagt,
.
Bendicht Michell von Mengestorf
27. Jahr alt etc. zum Voraus die Wichtigkeit
der Sach vorgestellt, und ein wahrhafftes Zing¬
nuß abgeforderet, so daß er allenfalls den
Eydt darzu thun könne.
Umb welche zeit und mit worin er donstag abends
zu der Statt hinaus gegangen, und was er
von der vorgegangenen Schlägerey wüße.
R.</Unicode>
            </TextEquiv>
        </TextRegion>
    </Page>
</PcGts>
