3024 4032
252 348 364 417 254.
300 388 385 488 von
405 347 1318 517 Wegen Dicronimus Rohter
418 485 1408 619 Dießes habe er lange nicht nach ihrer Meinung
412 577 1375 705 verstanden, Endlich habe er von ihnen so
397 678 1418 819 viel vernommen, daß dieses von der Geist¬
404 771 1402 888 glichen Freyheit der Begnadeten und dahin
413 860 1328 1005 verstanden werde, daß die Erleuchtete
415 954 1405 1086 weder bättens, noch anderer geistlicher
412 1057 1405 1198 Übungen mehr benöthiget seyen, das seyen
394 1147 1383 1295 Werck deß Gesatzes, die, so under der
400 1255 1373 1382 Gnade seyen, können ohne Abbruch der¬
404 1365 1400 1476 Seeligkeit thun, was ihnen gefalle
457 1441 1393 1560 der Christen Kohler habe ihme depo¬
1325 1565 1353 1622 e
391 1541 1409 1675 nent gesagt: Der Teufel habe ihne Chri¬
397 1630 1325 1756 isten lange wollen wieder under das
389 1730 1298 1860 Gesatz thun. Dieses haben sie nun
1298 1797 1344 1865 .
379 1821 1384 1963 durch Ihren Mandel, mehr als genug¬
377 1917 1369 2041 samb erlaiesten, und zu deßen beweiß¬
380 2018 1069 2138 rthumb erzellet er ferners,
441 2110 1343 2254 daß der Christen Kohler ihme einsten¬
389 2218 583 2334 gesagt,
364 2287 1386 2436 Das weib, so zu bey die hast, ist nicht
318 2322 346 2397 1
376 2399 1344 2533 dem Weib du hast es in fleischlichen
365 2497 1371 2619 und sundlichem Absehen genommen,
302 2501 355 2595 1
368 2594 1369 2727 ala must du ein anderes haben, so er¬
303 2609 361 2699 11
299 2693 327 2822 1
364 2696 1374 2838 ihme auch gezeiget. Zu dem Ersten /: M.
364 2800 1353 2927 so ein sehr schones Weibsbild seyn soll
299 2822 343 2895 1
296 2898 1347 3020 1 habe ich mehr recht als du und end, und
401 2988 1366 3138 da er auch in folg deßen, dem Weib ein
341 3100 1336 3215 gleiches beybringen wollen, und be¬
320 3196 1359 3331 haubtet, sie haben deßen Macht und Frey¬
320 3303 1355 3444 gheit, habe er sich dieser leüthen entschlagen,
1083 3415 1373 3501 zumahlen.
1511 2279 1585 2383 I.
1520 393 1609 523 von
2534 389 2658 468 253.
1645 371 2535 516 Wegen Verominus Röhler.
1612 490 2618 619 zumahlen er nicht anderst als nach An¬
1612 585 2619 726 gweisung Göttlichen Morts seiner Bekeh¬
1610 679 2630 841 erung, wieder Geburt und Heiligung nach¬
1637 783 2275 907 zustreben gesinnet seÿn.
1621 869 2600 992 Er bedauren sehr, daß so viele Einfaltige
1627 975 2642 1097 und Gott suchende Seelen, durch diese Ver¬
1604 1060 2628 1195 führer berucket worden und an̄och ver¬
1618 1152 2591 1290 gführet werden, zumahlen der Anhang¬
1613 1265 2623 1387 noch groß seyn, dennoch werden nicht
1613 1364 2557 1499 alle Zuhörer im Grund und errichtet,
1619 1467 2635 1590 welches er aus seiner eigenen Erfahrung
1631 1559 2618 1666 wohl wüßen könne. Sonderen die Geiste
1609 1651 2650 1767 rliche Freyheit werde erst denen auß ge¬
1594 1731 2625 1853 leget, von welchen sie versicheret, daß
1597 1807 2456 1951 die es durchaus mit ihnen halten.
1718 1925 2640 2082 Wier dann Christen Rohler ihmme unsten
1601 2001 2551 2130 und seinem Weib gesagt, Er habe ihnen
2564 2083 2600 2127 .
1609 2101 2642 2232 nicht alles können sagen, Sie können nicht
1606 2197 1993 2306 alles ertragen.
1607 2277 2624 2419 Was er insbesonders von dieser Lehr ver¬
1598 2388 2603 2498 gnommen, und deren Satzen über die Hohe
1598 2463 2602 2607 Oberkeit und dem deroselben schuldigen
1600 2581 2598 2698 Gehorsamb, wie auch von dem Lehr Ambt,
1594 2662 2183 2803 und Herrn Predicanten.
1537 2753 2604 2881 R. Ansehend die Oberkeit haben sie zwar kei¬
1594 2850 2608 2988 gnen Angehorsams geführet, doch auch mehr¬
1578 2945 2583 3064 mahlen selbige getadlet, Es haben aber die
1588 3034 2535 3144 Rohler und ihre Anhänger, wie er schon
1597 3127 2556 3237 oben gesagt, seith seinem außtritt sich in
1578 3207 2583 3340 vielem geänderet und geböseret. Da sie die
2450 3305 2599 3427 falsche
