4000 3000
1628 538 2287 663 Fr. ist ouch wie zuuor anred
1642 629 2230 718 das er innamen simon ba
1652 683 2258 778 lb und pi s von Wisch
1630 725 2228 833 sonndert latt kigsten ✳ von
1639 786 2265 889 Wyermann ingtezege daselbis
1644 848 2205 956 Gelt schann sps der umb
1651 912 2267 1013 Bekoufft den der hunger
1624 973 2272 1069 In darzu getryben er se auch
1630 1036 2220 1118 Domaln nit eierauffe zu
1642 1070 2236 1168 deselben sumon bas dienst
1636 1138 2198 1230 psen ouch solch geht
1629 1190 2229 1289 Ist zu hoch dhem benelch von
1634 1250 1858 1342 Im gfeet
1620 1332 2269 1449 Denne zeigt er ouch an wir
1635 1408 2220 1499 das mar nac zechenden inn
1635 1463 2227 1561 gan schertee gsphicket, ertlich
1630 1521 2230 1622 briete dem Banndtshryber
1636 1573 2254 1677 Tharte ebrung als er die
1662 1636 2262 1734 Volbig emelt escharle uber¬
1660 1699 2190 1771 antiwert hab er n ein
1649 1746 2213 1837 guld abgforderen himit
1643 1787 2242 1896 er zirung widerumb ußher
1638 1848 2206 1952 habe welcher Im dersl
1648 1902 2181 1997 ein guldi eeben aberab
1638 1953 2223 2038 und als warauder zethend
1632 2014 2256 2129 in stins bulens bezall, hab er
1618 2075 2217 2183 Im des Guldins mithatt
1646 2126 2262 2248 gedicht ✳ dy er im den abzicht ✳
1643 2176 2192 2302 bis das nach würts vorge¬
1650 2237 2189 2341 Gedachter Istharte, dem
1665 2308 2205 2403 Marqnare sehender zu
1618 2374 1683 2444 E
1680 2351 2275 2457 schribe er hab im ein guldi
1653 2408 2218 2523 Be. Da hab genamten
1665 2475 2191 2590 ziche vndr zu alle as
1665 2519 2277 2655 klagt und sein den stelben galden
