4000 3000
3447 620 3514 705 4
2824 641 3470 777 Ist in der Insel Dicktli schän
2839 730 3485 842 der Hhouffery halben befraget
2808 791 3016 884 worden
2873 938 3499 1033 zuygt an wie das mehr dan
2839 993 3446 1085 vor Zechen jaren zu iren
2852 1042 3408 1142 man niclaut beun soligen
2843 1103 3489 1202 komen sig unnd habe so veltt
2857 1167 3489 1264 Heruver zusammen gan, der aber
2868 1227 3502 1317 vor eynen jar gstorbenn unnd
2781 1285 3469 1385 haldenn sun von Im der fast
2838 1342 3412 1448 jatz by 8 jaren alt sye
2821 1397 3429 1526 Den sy erst ungenawlich vor
2825 1481 3496 1583 acht jeren zur töusfy gschicket
2812 1536 3470 1645 aber derselb sgange zu kilchen
2795 1644 3500 1777 Denne hab sy niemants vorglasen
2866 1718 3461 1812 sig ouch mercheyls allein vnnd
2829 1781 3411 1874 iren selbs im testament
2825 1840 3424 1940 gläßen pittett uch nun g
2802 1899 3419 1990 herren umb gnad ergebt
2814 1955 3475 2052 sich vwer mandatten vnnd ordnun
2807 2018 3042 2135 zehaltten etc.
