897 2650
138 158 787 261 dem offen unnd zwen buben
141 222 776 327 in der stuben uffsteltzen
147 277 771 386 gilngen, nach dem zuge er
146 342 814 441 mitt mussen hinwag khäme
131 403 796 500 bald darnach vnder frouwen
143 461 836 559 in ein wirtshus in imbur
146 520 810 613 Inne fragende ob er mitt doben
136 578 752 677 ob frouwen brinnen in ein
138 632 755 736 dorffli gsin, sagte er ja uff
143 717 735 791 das sy in pfangen namen
152 750 752 855 zug in zwyer drissig
166 807 803 917 schilling eitfrömbdet han das
170 870 758 966 aber mit warf schuth gnen
152 936 770 1021 als fürhar, was er sy im
151 973 812 1078 hatt widrigett sy ouch dheyner
149 1045 766 1152 saden gruge gut willens
168 1091 819 1185 mit inen gan Landeshur
160 1157 779 1253 daselbst als ist sich lang
180 1197 831 1334 ver zing ob man in indschlos
172 1263 817 1373 berufftte Frure in dermassen
192 1312 831 1419 so ubel das er  zwüren
190 1379 816 1468 der drysten vff dänen
182 1433 799 1534 sästs do im zu lettstdie
188 1486 815 1591 sach faltt unnd wermfiele
168 1543 823 1637 unnd sye dhems wags uss
195 1595 811 1700 mutwillen vberab gsprang
181 1654 787 1764 anderst unnd wytters ist
184 1718 807 1814 er nitt ekhantlich worden,
172 1786 765 1893 noch anders mißshand bung
198 1853 761 1946 wellen verfachenn etc.
170 1905 783 2021 ist in stund in der
239 1979 723 2077 wannen grsassen
218 2043 830 2141 bittett vnl nun e herre
163 2107 833 2203 umb gnad unnd verziung
180 2181 799 2263 uff dem i tag decombrig
188 2231 809 2332 ist er on widergelrnns uß
198 2307 846 2396 stlassenn doch das er sych in sein
192 2364 551 2453 hommet verfuege
