793 2364
31 70 666 163 bliben. deßhalb sy wider einhin
32 120 677 219 giengendt, also funden sy die zwy
31 186 684 273 enett dem zun In der motte byein
37 227 677 337 annderen liggen. Doschlug ir mit
37 297 676 393 den Hönnen so er trug an den zum
33 351 677 461 epracht wölte, schlach mir weydtlich
46 419 644 532 Ich nach mitt desermunder, doch
45 469 654 578 stunde viel wallwr uff unnd
43 565 673 640 das meitlin tatt ein wyll mit
41 605 674 694 drumb. do redren sy ennder ein
48 671 655 766 annderen, wie sy des meittlins
43 730 662 830 halb thun wollen, vff das sagte
48 801 670 879 er Vetter. Er wölte. Es ettwan
46 851 670 939 ansein werme furen, vnnd alls
50 915 651 1000 er gedacht sin meyster volte
46 942 678 1054 von Langnouw vom wyn wider
46 1012 660 1120 hein khommen, vnnd so ers kein
58 1084 649 1170 furtte wurde der meyster vber sy
51 1136 644 1229 Zornig. Stießs er das meytlich
46 1196 642 1298 In stell, vnnd hieß es In ein
62 1250 656 1365 khu kripfen leygen, unnd sig er
46 1333 677 1417 auch daselbst inn sins meysters
65 1396 673 1476 Thuren blyben, aber dhemerlei
58 1442 660 1540 gstelle mit ihm ze schaffen ghan.
46 1520 653 1652 Daruff ist ouch glicher gstell
79 1611 673 1711 Wöllen fischlach gfragt worden.
35 1699 633 1773 wie bibtt anntwortt er
62 1771 644 1871 sige äben so wol wem gsin alls
58 1820 643 1911 das meyttlin, dann er sunst
73 1877 672 1972 sollichs mit mit im begangen
79 1935 643 2022 hätte. Doch hab er ganntz unnd
80 1995 615 2064 gar nitt gwüßt, das das
79 2034 678 2115 meyttlin sunst einem annder
549 2110 678 2198 versproche
