935 2643
602 80 697 150 184
77 147 682 275 Vff seinlichs Ime von minen
59 179 681 345 herren furgewenden, es erfinde sich
57 260 680 410 doch In dem vroreß, das er pa¬
53 300 666 446 conpont khommen daselbsten die
73 350 674 500 erban khundts glagen unnd
48 427 684 569 sya nochmaln uffgwysen vnd
45 494 682 640 gesatten sy solle besten an Ire
50 568 646 690 fur wenden bestendig blyben
53 612 724 741 vnd kheinenn andern des vhurts
49 679 676 785 votter sin, nemlich der Jacrb
32 733 631 832 Banda von Nuwenburg
72 783 703 907 dessen er gantz nit bkantlich
72 895 123 951 4
79 912 691 1028 dem nach befragt, eber nit
66 994 638 1101 Furtzlich daruor ob end so
71 1048 675 1154 erbana khindts gnäfen, zu
63 1119 702 1225 zugesprochen habe. sy sölle an
70 1191 667 1251 einem magendes fre in ein
55 1235 627 1331 holtz das er Iren damoln
69 1302 695 1375 nampfet gan. Da well er sy
62 1351 659 1424 an uid und ortt furen, da sy
58 1420 657 1491 weder Iree mutter noch Irer
53 1477 683 1568 frinden bedorffe, vff das sy
73 1530 682 1616 zu imgsprochen nein sige in
57 1586 707 1668 gesimen an irer frunden wustn
79 1634 660 1720 und willen hinwag zezuch
77 1691 674 1790 dessen er ouch In dhemerley
74 1767 683 1850 gstallt ckhantlich noch aed
62 1827 296 1901 stin will
