<?xml version="1.0" encoding="UTF-8" standalone="yes"?>
<PcGts xmlns="http://schema.primaresearch.org/PAGE/gts/pagecontent/2013-07-15" xmlns:xsi="http://www.w3.org/2001/XMLSchema-instance" xsi:schemaLocation="http://schema.primaresearch.org/PAGE/gts/pagecontent/2013-07-15 http://schema.primaresearch.org/PAGE/gts/pagecontent/2013-07-15/pagecontent.xsd">
    <Metadata>
        <Creator>prov=University of Rostock/Institute of Mathematics/CITlab|PLANET AI GmbH/Gundram Leifert/gundram.leifert@planet-ai.de:name=German_Kurrent_XVI-XVIII_M1(htr_id=19584)::::v=2.6.7
prov=University of Rostock/Institute of Mathematics/CITlab|PLANET AI GmbH/Tobias Gruening/tobias.gruening@planet-ai.de:name=de.uros.citlab.module.baseline2polygon.B2PSeamMultiOriented:v=2.6.7
prov=University of Rostock/Institute of Mathematics/CITlab|PLANET AI GmbH/Gundram Leifert/gundram.leifert@planet-ai.de:name=German_Kurrent_XVI-XVIII_M1(htr_id=19584)::::v=2.6.6
prov=University of Rostock/Institute of Mathematics/CITlab|PLANET AI GmbH/Tobias Gruening/tobias.gruening@planet-ai.de:name=de.uros.citlab.module.baseline2polygon.B2PSeamMultiOriented:v=2.6.6
prov=READ-COOP:name=PyLaia@TranskribusPlatform:version=0.3.1:model_id=26190:lm=provided:date=06_10_2020_13:10
prov=READ-Coop:name=PyLaia@Transkribus:version=0.3.1:model_id=26190:lm=provided:date=06_10_2020_13:08
prov=University of Rostock/Institute of Mathematics/CITlab|PLANET AI GmbH/Tobias Gruening/tobias.gruening@planet-ai.de:name=de.uros.citlab.module.baseline2polygon.B2PSeamMultiOriented:v=2.6.6</Creator>
        <Created>2020-10-06T08:15:10.258+02:00</Created>
        <LastChange>2022-09-09T15:40:48.687+02:00</LastChange>
        <TranskribusMetadata docId="1334771" pageId="52353794" pageNr="139" tsid="114635352" status="IN_PROGRESS" userId="9570" imgUrl="https://files.transkribus.eu/Get?id=FNTVTLKQFYUXCODENSYKTARL&amp;fileType=view" xmlUrl="https://files.transkribus.eu/Get?id=PCOARRMLPVGLMZGPMYGBAJHW" imageId="16110803"/>
    </Metadata>
    <Page imageFilename="IMG20201002150401.jpg" imageWidth="4000" imageHeight="3000">
        <ReadingOrder>
            <OrderedGroup id="ro_1687514089887" caption="Regions reading order">
                <RegionRefIndexed index="0" regionRef="r1"/>
            </OrderedGroup>
        </ReadingOrder>
        <TextRegion orientation="0.0" id="r1" custom="readingOrder {index:0;}">
            <Coords points="2843,447 2843,1818 3482,1818 3482,447"/>
            <TextLine id="r1l1" custom="readingOrder {index:0;} person {offset:0; length:11;}">
                <Coords points="2991,494 3011,489 3037,507 3103,497 3136,515 3182,489 3277,481 3344,517 3369,517 3369,441 3334,440 3319,425 3284,442 3244,433 3202,456 3165,432 3119,449 3073,426 2992,430"/>
                <Baseline points="3003,473 3028,473 3053,473 3079,473 3104,473 3130,474 3155,474 3181,474 3206,476 3231,476 3257,476 3282,476 3308,476 3333,476 3359,474"/>
                <TextEquiv>
                    <Unicode>Jacob Bodii.</Unicode>
                </TextEquiv>
            </TextLine>
            <TextLine id="r1l2" custom="readingOrder {index:1;} person {offset:24; length:8; continued:true;}">
                <Coords points="2846,585 2901,557 2967,566 2989,546 3013,568 3061,548 3083,566 3136,540 3474,577 3474,514 3415,494 3360,525 3103,496 3059,520 3015,496 2956,511 2895,465 2846,484"/>
                <Baseline points="2858,555 2888,552 2918,550 2948,547 2979,545 3009,543 3039,542 3070,542 3100,542 3130,540 3161,542 3191,542 3221,542 3251,543 3282,544 3312,545 3342,546 3373,548 3403,550 3433,551 3464,554"/>
                <TextEquiv>
                    <Unicode>Deßglichen ist vom herr Großwybe</Unicode>
                </TextEquiv>
            </TextLine>
            <TextLine id="r1l3" custom="readingOrder {index:2;} person {offset:0; length:11; continued:true;} place {offset:15; length:9;}">
                <Coords points="2869,624 2930,615 2974,632 3007,614 3054,633 3093,613 3155,630 3209,603 3238,629 3306,637 3339,608 3431,603 3431,576 3365,557 3226,563 3211,548 3064,574 3044,556 3011,570 2987,546 2969,564 2901,556 2868,576"/>
                <Baseline points="2879,600 2906,602 2933,602 2960,602 2987,600 3014,600 3041,599 3068,599 3095,598 3122,597 3149,597 3176,596 3203,596 3230,596 3257,594 3284,595 3311,596 3338,596 3365,597 3392,599 3419,600"/>
                <TextEquiv>
                    <Unicode>Jacob Godri uß Fryburger piert von</Unicode>
                </TextEquiv>
            </TextLine>
            <TextLine id="r1l4" custom="readingOrder {index:3;} place {offset:0; length:9;}">
                <Coords points="2868,679 2914,688 2956,668 3044,691 3086,669 3127,689 3202,656 3224,676 3363,661 3395,692 3439,690 3440,611 3372,630 3288,610 3251,630 3216,612 3154,630 3093,612 3053,634 3007,616 2985,631 2869,624"/>
                <Baseline points="2880,653 2907,653 2934,653 2962,653 2989,651 3017,651 3044,651 3071,651 3099,651 3126,651 3154,653 3181,653 3208,653 3236,653 3263,653 3291,653 3318,653 3345,654 3373,654 3400,654 3428,654"/>
                <TextEquiv>
                    <Unicode>Orstenong gefragtt, worumb er gefan¬</Unicode>
                </TextEquiv>
            </TextLine>
            <TextLine id="r1l5" custom="readingOrder {index:4;}">
                <Coords points="2883,739 2936,754 2958,737 2978,748 3004,735 3096,753 3136,729 3250,727 3250,688 3235,690 3204,659 3180,661 3149,689 3079,674 3059,689 3022,676 2998,689 2965,669 2934,684 2884,680"/>
                <Baseline points="2895,713 2921,713 2948,713 2974,713 3001,713 3027,713 3054,713 3080,713 3107,713 3133,713 3160,713 3186,714 3213,714 3240,716"/>
                <TextEquiv>
                    <Unicode>hargfurtt stige worden</Unicode>
                </TextEquiv>
            </TextLine>
            <TextLine id="r1l6" custom="readingOrder {index:5;}">
                <Coords points="2843,822 2944,834 2973,808 3071,827 3289,809 3365,841 3388,819 3469,809 3469,765 3360,775 3290,733 3087,759 3052,783 2947,771 2899,740 2844,746"/>
                <Baseline points="2855,807 2885,805 2915,804 2945,803 2975,803 3006,803 3036,803 3066,803 3096,803 3126,804 3157,804 3187,804 3217,806 3247,806 3277,807 3308,807 3338,808 3368,809 3398,809 3428,809 3459,809"/>
                <TextEquiv>
                    <Unicode>agtt er. er wüss es nitt, habe an</Unicode>
                </TextEquiv>
            </TextLine>
            <TextLine id="r1l7" custom="readingOrder {index:6;}">
                <Coords points="2865,874 2905,868 2931,888 2975,866 3157,878 3217,861 3252,888 3287,866 3476,880 3476,817 3390,818 3364,842 3272,815 3190,832 3164,812 3026,836 2865,832"/>
                <Baseline points="2876,858 2905,858 2934,858 2964,858 2993,858 3023,858 3052,858 3082,858 3111,858 3141,859 3170,860 3199,860 3229,860 3258,860 3288,860 3317,860 3347,861 3376,861 3406,861 3435,861 3465,861"/>
                <TextEquiv>
                    <Unicode>mitzit mitt wüssen than, darumb ma</Unicode>
                </TextEquiv>
            </TextLine>
            <TextLine id="r1l8" custom="readingOrder {index:7;}">
                <Coords points="2866,940 2938,945 2998,917 3052,952 3099,917 3173,944 3235,917 3266,939 3488,927 3474,879 3257,889 3231,867 3167,891 3130,866 3000,888 2963,870 2923,894 2899,870 2866,874"/>
                <Baseline points="2876,912 2906,911 2936,911 2966,911 2996,911 3026,911 3056,911 3086,912 3116,912 3146,912 3176,913 3206,914 3236,914 3266,914 3296,914 3326,914 3356,914 3386,913 3416,912 3446,911 3477,909"/>
                <TextEquiv>
                    <Unicode>In seller behendigen. Sige disen weirer</Unicode>
                </TextEquiv>
            </TextLine>
            <TextLine id="r1l9" custom="readingOrder {index:8;}">
                <Coords points="2877,994 3213,972 3331,1007 3377,974 3450,1000 3487,984 3487,925 3318,943 3234,917 3175,949 3100,918 3065,949 2993,923 2966,943 2876,935"/>
                <Baseline points="2888,969 2917,969 2946,968 2976,968 3005,968 3035,968 3064,968 3094,968 3123,968 3153,966 3182,966 3211,966 3241,966 3270,966 3300,966 3329,966 3359,966 3388,966 3418,966 3447,966 3477,966"/>
                <TextEquiv>
                    <Unicode>dermassen mitt den Kallen wer behafft</Unicode>
                </TextEquiv>
            </TextLine>
            <TextLine id="r1l10" custom="readingOrder {index:9;}">
                <Coords points="2865,1061 3030,1031 3063,1053 3087,1033 3160,1047 3191,1027 3208,1045 3285,1028 3314,1054 3472,1046 3472,991 3426,998 3402,973 3334,1002 3173,974 3101,994 3026,969 2991,995 2866,997"/>
                <Baseline points="2876,1022 2905,1020 2934,1020 2963,1020 2993,1020 3022,1020 3051,1020 3080,1022 3110,1022 3139,1023 3168,1023 3197,1024 3227,1025 3256,1025 3285,1025 3314,1025 3344,1025 3373,1023 3402,1022 3431,1020 3461,1017"/>
                <TextEquiv>
                    <Unicode>gstin vnd Inne so hertt ghan das er</Unicode>
                </TextEquiv>
            </TextLine>
            <TextLine id="r1l11" custom="readingOrder {index:10;}">
                <Coords points="2854,1089 2963,1113 3029,1093 3086,1104 3139,1073 3174,1104 3223,1111 3442,1084 3442,1045 3313,1054 3282,1027 3253,1045 3188,1027 3141,1049 3012,1034 2898,1056 2854,1032"/>
                <Baseline points="2864,1079 2892,1077 2920,1077 2949,1076 2977,1076 3005,1076 3034,1076 3062,1076 3090,1076 3119,1077 3147,1077 3175,1077 3204,1079 3232,1079 3260,1079 3289,1079 3317,1078 3345,1077 3374,1076 3402,1074 3431,1073"/>
                <TextEquiv>
                    <Unicode>mit hab megen wörchen, dann dem</Unicode>
                </TextEquiv>
            </TextLine>
            <TextLine id="r1l12" custom="readingOrder {index:11;}">
                <Coords points="2860,1155 2942,1170 2983,1132 3051,1154 3110,1138 3179,1155 3203,1137 3245,1165 3337,1138 3359,1154 3469,1148 3468,1069 3354,1108 3159,1107 3114,1087 2967,1111 2860,1094"/>
                <Baseline points="2871,1134 2900,1133 2929,1133 2959,1131 2988,1131 3017,1131 3047,1130 3076,1130 3105,1130 3135,1130 3164,1130 3193,1130 3223,1130 3252,1130 3281,1130 3311,1130 3340,1130 3369,1128 3399,1128 3428,1128 3458,1127"/>
                <TextEquiv>
                    <Unicode>heyligen Allmusen nachzegen, vnnd</Unicode>
                </TextEquiv>
            </TextLine>
            <TextLine id="r1l13" custom="readingOrder {index:12;}">
                <Coords points="2870,1210 3026,1185 3123,1220 3197,1186 3331,1205 3380,1185 3446,1209 3474,1196 3474,1141 3254,1166 3202,1138 3180,1156 3122,1143 3065,1167 2975,1128 2951,1152 2870,1153"/>
                <Baseline points="2882,1187 2911,1185 2940,1185 2969,1186 2998,1187 3027,1187 3056,1187 3085,1187 3114,1187 3143,1188 3173,1188 3202,1188 3231,1188 3260,1187 3289,1187 3318,1187 3347,1185 3376,1185 3405,1184 3434,1182 3464,1179"/>
                <TextEquiv>
                    <Unicode>etzundt vb habe er einen Meyster</Unicode>
                </TextEquiv>
            </TextLine>
            <TextLine id="r1l14" custom="readingOrder {index:13;}">
                <Coords points="2864,1270 3126,1248 3229,1277 3260,1246 3433,1250 3433,1204 3385,1187 3198,1211 3172,1195 3123,1220 3025,1187 2983,1215 2937,1193 2864,1211"/>
                <Baseline points="2876,1242 2903,1241 2930,1239 2957,1239 2985,1238 3012,1238 3039,1238 3067,1238 3094,1239 3121,1239 3149,1239 3176,1241 3203,1241 3230,1241 3258,1241 3285,1241 3312,1241 3340,1241 3367,1239 3394,1237 3422,1235"/>
                <TextEquiv>
                    <Unicode>gsuchtt, willens sich widerumb</Unicode>
                </TextEquiv>
            </TextLine>
            <TextLine id="r1l15" custom="readingOrder {index:14;}">
                <Coords points="2859,1318 3187,1321 3248,1305 3290,1338 3371,1302 3400,1328 3454,1299 3454,1244 3311,1263 3287,1250 3259,1276 3131,1248 3026,1271 2859,1261"/>
                <Baseline points="2870,1301 2898,1299 2927,1298 2955,1298 2984,1298 3013,1298 3041,1298 3070,1298 3099,1299 3127,1299 3156,1300 3185,1301 3213,1301 3242,1301 3271,1301 3299,1299 3328,1299 3357,1297 3385,1295 3414,1292 3443,1289"/>
                <TextEquiv>
                    <Unicode>zeerbeytten an zestellen, hab sich au</Unicode>
                </TextEquiv>
            </TextLine>
            <TextLine id="r1l16" custom="readingOrder {index:15;} person {offset:11; length:6;}">
                <Coords points="2847,1381 2909,1372 2935,1391 2988,1356 3245,1394 3297,1363 3407,1378 3449,1362 3449,1294 3398,1332 3370,1303 3297,1337 3247,1311 3097,1335 2985,1307 2847,1328"/>
                <Baseline points="2858,1356 2887,1356 2916,1358 2945,1358 2974,1358 3003,1359 3032,1359 3061,1359 3090,1359 3119,1361 3148,1361 3177,1360 3206,1359 3235,1359 3264,1359 3293,1358 3322,1357 3351,1356 3380,1355 3409,1353 3438,1352"/>
                <TextEquiv>
                    <Unicode>bißher von Gottes gnaden alß</Unicode>
                </TextEquiv>
            </TextLine>
            <TextLine id="r1l17" custom="readingOrder {index:16;}">
                <Coords points="2875,1426 2910,1446 2952,1421 3001,1458 3042,1420 3106,1442 3167,1419 3266,1438 3312,1421 3337,1445 3372,1420 3492,1424 3492,1351 3413,1378 3290,1372 3248,1395 3070,1367 3018,1388 2965,1362 2934,1393 2875,1384"/>
                <Baseline points="2885,1412 2914,1413 2944,1415 2974,1415 3004,1416 3034,1418 3064,1418 3093,1418 3123,1418 3153,1418 3183,1418 3213,1417 3243,1416 3273,1416 3302,1415 3332,1414 3362,1413 3392,1413 3422,1411 3452,1410 3482,1409"/>
                <TextEquiv>
                    <Unicode>gehallen, das er nie in gfanckuus</Unicode>
                </TextEquiv>
            </TextLine>
            <TextLine id="r1l18" custom="readingOrder {index:17;}">
                <Coords points="2863,1499 2966,1474 3032,1510 3089,1479 3298,1495 3344,1468 3401,1495 3485,1475 3485,1418 3432,1442 3406,1422 3337,1442 3316,1420 3173,1453 3028,1420 2986,1444 2863,1435"/>
                <Baseline points="2874,1466 2904,1467 2934,1468 2964,1469 2994,1470 3024,1470 3054,1470 3084,1470 3114,1472 3144,1472 3174,1472 3204,1472 3234,1472 3264,1472 3294,1470 3324,1470 3354,1470 3384,1469 3414,1469 3444,1467 3474,1467"/>
                <TextEquiv>
                    <Unicode>khannen stige, dann allein Jezundt</Unicode>
                </TextEquiv>
            </TextLine>
            <TextLine id="r1l19" custom="readingOrder {index:18;}">
                <Coords points="2842,1542 2949,1525 2984,1547 3103,1522 3175,1560 3215,1538 3384,1550 3470,1531 3470,1484 3435,1475 3400,1495 3343,1468 3308,1499 3266,1479 3202,1500 3132,1482 3055,1508 2980,1479 2842,1492"/>
                <Baseline points="2853,1520 2883,1520 2913,1521 2943,1523 2974,1523 3004,1524 3034,1524 3065,1526 3095,1526 3125,1527 3156,1527 3186,1527 3216,1527 3246,1527 3277,1527 3307,1527 3337,1526 3368,1526 3398,1524 3428,1523 3459,1521"/>
                <TextEquiv>
                    <Unicode>vnnd habe ein Eewyb die Jezual</Unicode>
                </TextEquiv>
            </TextLine>
            <TextLine id="r1l20" custom="readingOrder {index:19;} place {offset:8; length:10;}">
                <Coords points="2867,1588 3029,1613 3054,1593 3108,1620 3192,1585 3311,1584 3394,1622 3431,1593 3488,1602 3489,1528 3436,1549 3216,1537 3177,1559 3107,1523 3019,1554 2951,1525 2867,1544"/>
                <Baseline points="2877,1577 2907,1578 2937,1580 2967,1581 2997,1581 3027,1581 3057,1583 3087,1584 3117,1584 3147,1584 3177,1586 3207,1586 3237,1586 3267,1586 3297,1585 3327,1584 3357,1584 3387,1583 3417,1581 3447,1581 3477,1578"/>
                <TextEquiv>
                    <Unicode>noch zu Fruscheltz diene, die haber</Unicode>
                </TextEquiv>
            </TextLine>
            <TextLine id="r1l21" custom="readingOrder {index:20;}">
                <Coords points="2866,1639 2927,1656 2967,1641 3035,1679 3108,1650 3246,1677 3288,1646 3310,1660 3362,1642 3382,1660 3424,1649 3424,1607 3393,1620 3345,1598 3321,1618 3251,1587 3125,1620 3059,1593 2998,1617 2908,1579 2866,1588"/>
                <Baseline points="2877,1634 2903,1635 2930,1637 2957,1638 2984,1639 3011,1640 3038,1640 3064,1640 3091,1641 3118,1641 3145,1641 3172,1641 3199,1641 3226,1640 3252,1640 3279,1640 3306,1640 3333,1638 3360,1638 3387,1638 3414,1637"/>
                <TextEquiv>
                    <Unicode>nechst verschinens Rugstens zu</Unicode>
                </TextEquiv>
            </TextLine>
            <TextLine id="r1l22" custom="readingOrder {index:21;} place {offset:0; length:7;}">
                <Coords points="2854,1701 3171,1708 3208,1730 3287,1695 3346,1714 3454,1703 3454,1639 3399,1661 3282,1648 3256,1673 3061,1671 3036,1650 3004,1672 2854,1639"/>
                <Baseline points="2865,1691 2893,1692 2922,1693 2951,1694 2980,1694 3009,1695 3038,1695 3067,1695 3096,1695 3125,1694 3154,1694 3182,1694 3211,1694 3240,1692 3269,1692 3298,1692 3327,1692 3356,1692 3385,1691 3414,1691 3443,1692"/>
                <TextEquiv>
                    <Unicode>kerzers gnommen, vnnd dase Zur</Unicode>
                </TextEquiv>
            </TextLine>
            <TextLine id="r1l23" custom="readingOrder {index:22;}">
                <Coords points="2854,1755 2968,1784 3043,1747 3072,1763 3171,1754 3212,1781 3342,1760 3449,1771 3450,1705 3389,1697 3217,1728 3070,1704 3015,1718 2996,1698 2855,1707"/>
                <Baseline points="2865,1737 2893,1740 2922,1740 2950,1742 2979,1743 3008,1745 3036,1745 3065,1746 3094,1748 3122,1748 3151,1749 3180,1749 3208,1749 3237,1749 3266,1749 3294,1749 3323,1749 3352,1748 3380,1748 3409,1746 3438,1745"/>
                <TextEquiv>
                    <Unicode>kilchen gfüret, alls sy daselbst by</Unicode>
                </TextEquiv>
            </TextLine>
            <TextLine id="r1l24" custom="readingOrder {index:23;} person {offset:0; length:11;}">
                <Coords points="2831,1827 2867,1814 2886,1834 2989,1844 3047,1818 3117,1846 3141,1822 3212,1809 3308,1846 3392,1809 3392,1768 3205,1781 3171,1754 3089,1782 3039,1750 2962,1774 2832,1741"/>
                <Baseline points="2843,1797 2869,1798 2896,1799 2923,1800 2950,1801 2977,1802 3004,1802 3030,1803 3057,1803 3084,1805 3111,1805 3138,1805 3165,1805 3192,1805 3218,1805 3245,1805 3272,1805 3299,1805 3326,1805 3353,1803 3380,1803"/>
                <TextEquiv>
                    <Unicode>A4i Pfister gedienett hatt</Unicode>
                </TextEquiv>
            </TextLine>
            <TextEquiv>
                <Unicode>Jacob Bodii.
Deßglichen ist vom herr Großwybe
Jacob Godri uß Fryburger piert von
Orstenong gefragtt, worumb er gefan¬
hargfurtt stige worden
agtt er. er wüss es nitt, habe an
mitzit mitt wüssen than, darumb ma
In seller behendigen. Sige disen weirer
dermassen mitt den Kallen wer behafft
gstin vnd Inne so hertt ghan das er
mit hab megen wörchen, dann dem
heyligen Allmusen nachzegen, vnnd
etzundt vb habe er einen Meyster
gsuchtt, willens sich widerumb
zeerbeytten an zestellen, hab sich au
bißher von Gottes gnaden alß
gehallen, das er nie in gfanckuus
khannen stige, dann allein Jezundt
vnnd habe ein Eewyb die Jezual
noch zu Fruscheltz diene, die haber
nechst verschinens Rugstens zu
kerzers gnommen, vnnd dase Zur
kilchen gfüret, alls sy daselbst by
A4i Pfister gedienett hatt</Unicode>
            </TextEquiv>
        </TextRegion>
    </Page>
</PcGts>
