<?xml version="1.0" encoding="UTF-8" standalone="yes"?>
<PcGts xmlns="http://schema.primaresearch.org/PAGE/gts/pagecontent/2013-07-15" xmlns:xsi="http://www.w3.org/2001/XMLSchema-instance" xsi:schemaLocation="http://schema.primaresearch.org/PAGE/gts/pagecontent/2013-07-15 http://schema.primaresearch.org/PAGE/gts/pagecontent/2013-07-15/pagecontent.xsd">
    <Metadata>
        <Creator>prov=University of Rostock/Institute of Mathematics/CITlab|PLANET AI GmbH/Gundram Leifert/gundram.leifert@planet-ai.de:name=German_Kurrent_XVI-XVIII_M1(htr_id=19584)::::v=2.6.7
prov=University of Rostock/Institute of Mathematics/CITlab|PLANET AI GmbH/Tobias Gruening/tobias.gruening@planet-ai.de:name=de.uros.citlab.module.baseline2polygon.B2PSeamMultiOriented:v=2.6.7
prov=University of Rostock/Institute of Mathematics/CITlab|PLANET AI GmbH/Gundram Leifert/gundram.leifert@planet-ai.de:name=German_Kurrent_XVI-XVIII_M1(htr_id=19584)::::v=2.6.6
prov=University of Rostock/Institute of Mathematics/CITlab|PLANET AI GmbH/Tobias Gruening/tobias.gruening@planet-ai.de:name=de.uros.citlab.module.baseline2polygon.B2PSeamMultiOriented:v=2.6.6
prov=READ-COOP:name=PyLaia@TranskribusPlatform:version=0.3.1:model_id=26190:lm=provided:date=06_10_2020_13:10
prov=READ-Coop:name=PyLaia@Transkribus:version=0.3.1:model_id=26190:lm=provided:date=06_10_2020_13:08
prov=University of Rostock/Institute of Mathematics/CITlab|PLANET AI GmbH/Tobias Gruening/tobias.gruening@planet-ai.de:name=de.uros.citlab.module.baseline2polygon.B2PSeamMultiOriented:v=2.6.6</Creator>
        <Created>2020-10-06T08:15:11.908+02:00</Created>
        <LastChange>2022-09-09T15:41:36.425+02:00</LastChange>
        <TranskribusMetadata docId="1334771" pageId="52354056" pageNr="183" tsid="114635620" status="IN_PROGRESS" userId="9570" imgUrl="https://files.transkribus.eu/Get?id=KRNKMTZXSUUKVYKSZNVKNOAP&amp;fileType=view" xmlUrl="https://files.transkribus.eu/Get?id=SZDPGBCLZAZQKTLFOZDZTAUR" imageId="16110897"/>
    </Metadata>
    <Page imageFilename="IMG20201002151534.jpg" imageWidth="4000" imageHeight="3000">
        <ReadingOrder>
            <OrderedGroup id="ro_1687514091261" caption="Regions reading order">
                <RegionRefIndexed index="0" regionRef="r1"/>
                <RegionRefIndexed index="1" regionRef="r2"/>
            </OrderedGroup>
        </ReadingOrder>
        <TextRegion orientation="0.0" id="r1" custom="readingOrder {index:0;}">
            <Coords points="2724,260 2724,410 2739,410 2739,260"/>
            <TextLine id="r1l1" custom="readingOrder {index:0;}">
                <Coords points="2715,376 2725,376 2733,380 2739,374 2749,374 2749,320 2737,320 2733,324 2715,324"/>
                <Baseline points="2724,360 2739,360"/>
                <TextEquiv>
                    <Unicode>2</Unicode>
                </TextEquiv>
            </TextLine>
            <TextEquiv>
                <Unicode>2</Unicode>
            </TextEquiv>
        </TextRegion>
        <TextRegion orientation="0.0" id="r2" custom="readingOrder {index:1;}">
            <Coords points="2696,378 2696,2324 3372,2324 3372,378"/>
            <TextLine id="r2l1" custom="readingOrder {index:0;}">
                <Coords points="2748,460 2910,429 2976,460 3014,422 3084,409 3111,434 3256,410 3325,439 3382,418 3380,376 3343,354 3282,374 3193,342 3130,365 3063,350 3036,373 2972,366 2935,398 2825,363 2744,366"/>
                <Baseline points="2757,434 2787,429 2818,427 2849,423 2880,420 2910,417 2941,416 2972,413 3003,412 3033,410 3064,409 3095,408 3126,407 3156,407 3187,405 3218,405 3249,405 3279,404 3310,404 3341,404 3372,404"/>
                <TextEquiv>
                    <Unicode>Denne ungeuarlich vor zwösen herrn</Unicode>
                </TextEquiv>
            </TextLine>
            <TextLine id="r2l2" custom="readingOrder {index:1;}">
                <Coords points="2771,495 2959,479 3007,494 3038,473 3121,493 3145,476 3169,496 3240,470 3363,481 3361,421 3312,446 3257,407 3140,445 3083,410 2978,457 2941,428 2840,461 2770,451"/>
                <Baseline points="2780,485 2808,483 2837,482 2865,480 2894,479 2923,477 2951,476 2980,475 3009,473 3037,471 3066,470 3095,470 3123,468 3152,468 3181,468 3209,468 3238,468 3267,468 3295,470 3324,471 3353,473"/>
                <TextEquiv>
                    <Unicode>an einen abendt zwüschei dem nach</Unicode>
                </TextEquiv>
            </TextLine>
            <TextLine id="r2l3" custom="readingOrder {index:2;}">
                <Coords points="2773,557 2845,540 2924,574 2969,549 3009,571 3073,528 3107,549 3211,539 3245,562 3305,541 3339,563 3363,550 3362,478 3272,486 3239,469 3180,500 3152,480 3008,495 2948,480 2772,505"/>
                <Baseline points="2783,536 2811,536 2840,536 2868,534 2897,533 2925,533 2954,533 2982,531 3011,531 3039,530 3068,530 3096,529 3125,528 3153,528 3182,528 3210,527 3239,527 3267,527 3296,527 3324,527 3353,527"/>
                <TextEquiv>
                    <Unicode>mal sich alhie In das khauffln</Unicode>
                </TextEquiv>
            </TextLine>
            <TextLine id="r2l4" custom="readingOrder {index:3;}">
                <Coords points="2770,604 2847,639 2985,586 3040,603 3107,588 3172,614 3197,589 3273,580 3344,596 3342,546 3279,538 3244,561 3212,540 3108,550 3069,529 3018,563 3000,548 2944,564 2917,539 2894,562 2858,545 2768,562"/>
                <Baseline points="2780,599 2807,597 2835,596 2862,595 2890,594 2918,593 2945,591 2973,590 3001,588 3028,587 3056,586 3084,584 3111,584 3139,582 3167,582 3194,581 3222,581 3250,581 3277,581 3305,581 3333,582"/>
                <TextEquiv>
                    <Unicode>verschlagen. vnnd nach dem die</Unicode>
                </TextEquiv>
            </TextLine>
            <TextLine id="r2l5" custom="readingOrder {index:4;}">
                <Coords points="2782,673 2835,701 2862,674 2917,694 2985,653 3039,659 3078,689 3105,664 3134,685 3209,652 3279,647 3326,668 3347,661 3345,611 3286,587 3202,588 3169,616 3079,595 3035,609 2996,585 2930,619 2909,604 2868,640 2780,627"/>
                <Baseline points="2792,665 2819,662 2846,660 2873,658 2900,656 2928,654 2955,654 2982,652 3009,651 3036,650 3064,648 3091,648 3118,647 3145,647 3172,645 3200,645 3227,644 3254,643 3281,642 3308,642 3336,641"/>
                <TextEquiv>
                    <Unicode>Khauffhuß knacht hinuuß k gan¬</Unicode>
                </TextEquiv>
            </TextLine>
            <TextLine id="r2l6" custom="readingOrder {index:5;}">
                <Coords points="2789,729 2923,725 2984,755 3059,716 3102,739 3121,718 3246,702 3285,725 3363,729 3361,671 3308,674 3283,653 3213,653 3138,684 3111,665 3070,686 3039,659 3007,672 2983,657 2916,693 2861,673 2834,694 2788,689"/>
                <Baseline points="2799,717 2826,716 2854,715 2882,714 2909,713 2937,711 2965,710 2992,709 3020,708 3048,707 3076,706 3103,705 3131,704 3159,704 3186,702 3214,702 3242,701 3269,701 3297,701 3325,701 3353,701"/>
                <TextEquiv>
                    <Unicode>vnnd bschlossen hattendt. Zwen</Unicode>
                </TextEquiv>
            </TextLine>
            <TextLine id="r2l7" custom="readingOrder {index:6;}">
                <Coords points="2819,801 2936,811 2980,780 3043,789 3124,769 3234,773 3253,788 3342,772 3340,726 3307,713 3284,725 3251,702 3179,708 3156,731 3121,719 3100,740 3074,731 2969,757 2932,729 2815,725"/>
                <Baseline points="2828,785 2853,783 2878,782 2903,780 2928,779 2954,777 2979,775 3004,774 3029,772 3054,770 3080,767 3105,767 3130,765 3155,764 3180,763 3206,762 3231,761 3256,761 3281,762 3306,762 3332,764"/>
                <TextEquiv>
                    <Unicode>stäb isten mnnder das hinder</Unicode>
                </TextEquiv>
            </TextLine>
            <TextLine id="r2l8" custom="readingOrder {index:7;}">
                <Coords points="2787,868 2954,843 2985,872 3023,871 3110,835 3189,870 3227,852 3283,862 3314,831 3338,838 3336,784 3202,775 3163,803 3103,807 3006,781 2955,813 2876,796 2857,813 2834,796 2785,818"/>
                <Baseline points="2796,849 2822,848 2849,846 2875,845 2902,844 2928,842 2955,841 2981,840 3008,838 3034,836 3061,836 3088,834 3114,833 3141,832 3167,831 3194,830 3220,830 3247,830 3273,830 3300,830 3327,831"/>
                <TextEquiv>
                    <Unicode>vätter uff sin vortheyl zwei</Unicode>
                </TextEquiv>
            </TextLine>
            <TextLine id="r2l9" custom="readingOrder {index:8;}">
                <Coords points="2819,935 2887,948 2931,908 2983,902 3003,918 3167,907 3205,940 3265,910 3297,936 3337,914 3377,923 3377,855 3345,869 3307,840 3267,868 3217,854 3181,882 3071,845 2949,882 2873,852 2819,865"/>
                <Baseline points="2829,903 2855,903 2882,903 2909,903 2936,903 2963,903 2990,903 3016,903 3043,903 3070,902 3097,902 3124,903 3151,903 3178,903 3204,903 3231,903 3258,905 3285,905 3312,906 3339,907 3366,908"/>
                <TextEquiv>
                    <Unicode>gelegt, vnnd darnach sich selbs</Unicode>
                </TextEquiv>
            </TextLine>
            <TextLine id="r2l10" custom="readingOrder {index:9;}">
                <Coords points="2818,1005 2896,971 2946,1007 2988,981 3016,1005 3042,985 3084,1003 3142,973 3176,997 3254,977 3286,1007 3376,991 3376,925 3344,911 3292,937 3262,915 3214,949 3168,923 3110,943 2946,915 2886,949 2818,931"/>
                <Baseline points="2828,966 2854,968 2881,969 2908,971 2935,972 2962,972 2989,974 3016,974 3043,974 3070,974 3097,974 3123,974 3150,974 3177,974 3204,974 3231,972 3258,972 3285,971 3312,969 3339,968 3366,968"/>
                <TextEquiv>
                    <Unicode>am uffzug seyl hinab glassen</Unicode>
                </TextEquiv>
            </TextLine>
            <TextLine id="r2l11" custom="readingOrder {index:10;}">
                <Coords points="2789,1015 2807,1015 2811,1011 2815,1013 2827,1013 2827,946 2811,944 2801,936 2789,936"/>
                <Baseline points="2799,1001 2817,1001"/>
                <TextEquiv>
                    <Unicode></Unicode>
                </TextEquiv>
            </TextLine>
            <TextLine id="r2l12" custom="readingOrder {index:11;}">
                <Coords points="2685,1080 2774,1037 2890,1036 2963,1083 3092,1033 3131,1069 3313,1054 3371,1044 3372,994 3284,1007 3254,977 3172,1022 3138,989 3016,1004 2988,980 2944,1005 2900,974 2848,1008 2750,1011 2686,980"/>
                <Baseline points="2696,1038 2729,1035 2762,1034 2795,1032 2829,1031 2862,1031 2895,1031 2929,1032 2962,1033 2995,1034 3029,1035 3062,1037 3095,1037 3128,1039 3162,1040 3195,1040 3228,1040 3262,1040 3295,1040 3328,1038 3362,1035"/>
                <TextEquiv>
                    <Unicode>is vnnd angendte sich zum gätter</Unicode>
                </TextEquiv>
            </TextLine>
            <TextLine id="r2l13" custom="readingOrder {index:12;}">
                <Coords points="2803,1106 2852,1097 2913,1136 2955,1106 3071,1122 3115,1105 3215,1114 3272,1089 3337,1116 3371,1105 3372,1057 3228,1049 3142,1069 3102,1039 2984,1073 2954,1044 2804,1054"/>
                <Baseline points="2813,1089 2840,1091 2867,1091 2895,1092 2922,1092 2950,1094 2977,1094 3005,1095 3032,1095 3060,1097 3087,1097 3114,1097 3142,1097 3169,1098 3197,1098 3224,1098 3252,1098 3279,1098 3307,1098 3334,1098 3362,1098"/>
                <TextEquiv>
                    <Unicode>verfugtt unnd berürte i Stäb</Unicode>
                </TextEquiv>
            </TextLine>
            <TextLine id="r2l14" custom="readingOrder {index:13;}">
                <Coords points="2843,1151 2944,1178 3093,1153 3148,1172 3199,1157 3284,1173 3378,1164 3379,1128 3322,1112 3201,1126 3124,1102 3085,1121 2931,1123 2904,1103 2876,1120 2844,1097"/>
                <Baseline points="2853,1145 2878,1145 2904,1145 2930,1145 2956,1146 2981,1146 3007,1148 3033,1148 3059,1149 3084,1149 3110,1151 3136,1152 3162,1153 3187,1154 3213,1154 3239,1154 3265,1155 3290,1154 3316,1154 3342,1154 3368,1152"/>
                <TextEquiv>
                    <Unicode>sen einem nach dem annderen</Unicode>
                </TextEquiv>
            </TextLine>
            <TextLine id="r2l15" custom="readingOrder {index:14;}">
                <Coords points="2818,1236 2895,1211 2975,1226 3107,1212 3174,1239 3303,1211 3345,1229 3347,1179 3305,1169 3233,1167 3204,1184 3147,1172 3126,1149 3021,1179 2821,1164"/>
                <Baseline points="2829,1200 2854,1200 2879,1200 2905,1200 2930,1200 2955,1202 2981,1203 3006,1205 3031,1206 3057,1208 3082,1210 3107,1211 3133,1212 3158,1214 3183,1214 3209,1215 3234,1215 3259,1214 3285,1214 3310,1212 3336,1209"/>
                <TextEquiv>
                    <Unicode>gnommen, vnnd dem langen</Unicode>
                </TextEquiv>
            </TextLine>
            <TextLine id="r2l16" custom="readingOrder {index:15;}">
                <Coords points="2821,1268 2921,1286 2963,1275 3036,1303 3143,1276 3196,1299 3257,1283 3306,1314 3346,1297 3348,1229 3288,1252 3264,1229 3172,1239 3069,1210 3030,1241 2954,1217 2822,1242"/>
                <Baseline points="2831,1266 2856,1266 2881,1265 2907,1265 2932,1265 2957,1265 2983,1266 3008,1266 3033,1268 3059,1268 3084,1270 3109,1271 3135,1272 3160,1274 3185,1275 3211,1275 3236,1275 3261,1275 3287,1275 3312,1274 3338,1272"/>
                <TextEquiv>
                    <Unicode>vetter dem schmidt zubracht</Unicode>
                </TextEquiv>
            </TextLine>
            <TextLine id="r2l17" custom="readingOrder {index:16;}">
                <Coords points="2789,1343 2913,1337 2941,1355 3001,1335 3041,1363 3077,1341 3125,1379 3177,1339 3342,1343 3342,1297 3300,1313 3256,1283 3197,1299 3173,1277 3095,1307 3059,1287 3039,1305 3013,1287 2929,1299 2905,1279 2865,1303 2789,1293"/>
                <Baseline points="2798,1334 2824,1334 2851,1334 2878,1334 2904,1335 2931,1335 2958,1337 2984,1337 3011,1337 3038,1338 3065,1338 3091,1338 3118,1338 3145,1338 3171,1338 3198,1338 3225,1337 3251,1335 3278,1334 3305,1332 3332,1329"/>
                <TextEquiv>
                    <Unicode>unnd ein jedes pfundt umb</Unicode>
                </TextEquiv>
            </TextLine>
            <TextLine id="r2l18" custom="readingOrder {index:17;}">
                <Coords points="2801,1401 2837,1399 2889,1438 2995,1401 3081,1437 3127,1410 3229,1434 3267,1401 3379,1401 3378,1345 3236,1368 3186,1342 3127,1375 3076,1341 3037,1363 3000,1335 2927,1366 2878,1348 2801,1363"/>
                <Baseline points="2811,1385 2838,1388 2866,1390 2894,1392 2922,1394 2950,1395 2978,1396 3006,1397 3034,1397 3062,1397 3090,1397 3117,1397 3145,1397 3173,1395 3201,1394 3229,1392 3257,1391 3285,1389 3313,1387 3341,1385 3369,1382"/>
                <TextEquiv>
                    <Unicode>ein groß verkhonfft solden da</Unicode>
                </TextEquiv>
            </TextLine>
            <TextLine id="r2l19" custom="readingOrder {index:18;}">
                <Coords points="2799,1544 2871,1517 2913,1517 2963,1553 3055,1512 3115,1534 3205,1519 3261,1541 3331,1525 3331,1467 3285,1447 3221,1481 3199,1461 3163,1488 3127,1464 3055,1478 3005,1458 2799,1446"/>
                <Baseline points="2810,1514 2835,1515 2861,1515 2886,1516 2912,1517 2937,1517 2963,1517 2988,1517 3014,1517 3039,1518 3065,1517 3090,1517 3116,1517 3141,1517 3167,1517 3192,1515 3218,1515 3243,1514 3269,1513 3294,1512 3320,1511"/>
                <TextEquiv>
                    <Unicode>Ittem uff ein zütt, alls er zum</Unicode>
                </TextEquiv>
            </TextLine>
            <TextLine id="r2l20" custom="readingOrder {index:19;} place {offset:0; length:4;}">
                <Coords points="2764,1601 2826,1615 2862,1588 2981,1575 3062,1621 3121,1584 3262,1599 3333,1588 3333,1524 3261,1541 3057,1515 2965,1553 2863,1526 2763,1537"/>
                <Baseline points="2774,1586 2801,1583 2828,1581 2856,1580 2883,1578 2911,1577 2938,1577 2966,1577 2993,1577 3021,1577 3048,1577 3075,1577 3103,1577 3130,1578 3158,1578 3185,1578 3213,1578 3240,1577 3268,1577 3295,1575 3323,1574"/>
                <TextEquiv>
                    <Unicode>Thun am wuchenmariet ein</Unicode>
                </TextEquiv>
            </TextLine>
            <TextLine id="r2l21" custom="readingOrder {index:20;}">
                <Coords points="2793,1659 2821,1673 2865,1643 2915,1641 2959,1671 3023,1679 3063,1642 3111,1678 3173,1640 3337,1658 3337,1592 3195,1584 3167,1610 3123,1584 3061,1621 2995,1577 2887,1605 2849,1593 2827,1613 2793,1603"/>
                <Baseline points="2804,1637 2830,1637 2856,1638 2882,1638 2908,1638 2934,1638 2960,1638 2987,1638 3013,1638 3039,1638 3065,1638 3091,1638 3117,1638 3143,1638 3170,1638 3196,1638 3222,1637 3248,1637 3274,1637 3300,1635 3327,1635"/>
                <TextEquiv>
                    <Unicode>gesatletten Minch an der gassen</Unicode>
                </TextEquiv>
            </TextLine>
            <TextLine id="r2l22" custom="readingOrder {index:21;}">
                <Coords points="2795,1715 2953,1701 3049,1718 3154,1700 3220,1732 3298,1696 3330,1725 3356,1717 3356,1659 3162,1648 3110,1678 3072,1642 3034,1675 2888,1645 2842,1669 2794,1663"/>
                <Baseline points="2804,1697 2831,1696 2858,1695 2885,1695 2912,1695 2939,1695 2966,1697 2994,1697 3021,1697 3048,1698 3075,1698 3102,1698 3129,1698 3156,1698 3184,1698 3211,1698 3238,1697 3265,1695 3292,1694 3319,1691 3347,1688"/>
                <TextEquiv>
                    <Unicode>anbunden funden, denselbigen</Unicode>
                </TextEquiv>
            </TextLine>
            <TextLine id="r2l23" custom="readingOrder {index:22;} place {offset:4; length:10;}">
                <Coords points="2766,1751 2932,1797 3008,1757 3080,1801 3130,1771 3202,1781 3242,1761 3294,1781 3332,1769 3332,1693 3230,1731 3148,1713 3070,1733 3022,1705 3004,1719 2952,1701 2766,1713"/>
                <Baseline points="2777,1751 2804,1751 2831,1752 2858,1753 2886,1754 2913,1755 2940,1756 2968,1757 2995,1758 3022,1758 3050,1760 3077,1760 3104,1760 3131,1760 3159,1759 3186,1758 3213,1757 3241,1755 3268,1752 3295,1749 3323,1745"/>
                <TextEquiv>
                    <Unicode>gan Riggisperg geritten unnd</Unicode>
                </TextEquiv>
            </TextLine>
            <TextLine id="r2l24" custom="readingOrder {index:23;}">
                <Coords points="2778,1827 2865,1841 2936,1822 3013,1856 3072,1818 3165,1851 3199,1825 3315,1838 3357,1816 3358,1768 3130,1775 3098,1794 3076,1772 3046,1786 3006,1764 2920,1796 2828,1789 2778,1753"/>
                <Baseline points="2787,1811 2815,1812 2843,1814 2871,1814 2899,1815 2927,1817 2955,1817 2983,1818 3011,1818 3039,1820 3067,1820 3095,1820 3123,1821 3151,1820 3179,1820 3207,1820 3235,1818 3263,1817 3291,1815 3319,1813 3348,1811"/>
                <TextEquiv>
                    <Unicode>inn ein erhürren gstellt willen</Unicode>
                </TextEquiv>
            </TextLine>
            <TextLine id="r2l25" custom="readingOrder {index:24;}">
                <Coords points="2781,1896 2921,1879 2955,1913 3031,1876 3107,1882 3129,1902 3149,1882 3233,1899 3357,1875 3356,1835 3300,1829 3165,1852 3071,1820 3021,1854 2951,1823 2849,1853 2781,1832"/>
                <Baseline points="2790,1875 2817,1875 2845,1875 2873,1875 2901,1875 2929,1875 2957,1875 2984,1875 3012,1875 3040,1875 3068,1875 3096,1875 3124,1875 3152,1875 3179,1875 3207,1875 3235,1874 3263,1874 3291,1872 3319,1871 3347,1869"/>
                <TextEquiv>
                    <Unicode>den nächsten Donstag widerumb</Unicode>
                </TextEquiv>
            </TextLine>
            <TextLine id="r2l26" custom="readingOrder {index:25;} place {offset:4; length:4;}">
                <Coords points="2778,1949 2806,1965 2852,1931 2898,1930 2940,1964 2998,1927 3030,1955 3056,1937 3156,1955 3262,1934 3312,1964 3336,1956 3337,1876 3244,1909 3177,1883 3122,1902 3039,1879 2964,1911 2923,1880 2779,1899"/>
                <Baseline points="2789,1926 2815,1926 2842,1926 2869,1928 2896,1928 2923,1929 2950,1929 2976,1929 3003,1931 3030,1931 3057,1931 3084,1932 3111,1932 3138,1932 3164,1932 3191,1932 3218,1932 3245,1932 3272,1931 3299,1931 3326,1929"/>
                <TextEquiv>
                    <Unicode>gan thum zefuren. Darzwüschn</Unicode>
                </TextEquiv>
            </TextLine>
            <TextLine id="r2l27" custom="readingOrder {index:26;}">
                <Coords points="2786,1990 2844,2004 2872,1986 2948,2004 3182,1992 3226,2024 3280,1990 3348,1988 3348,1958 3330,1954 3208,1948 3140,1966 3088,1938 3030,1956 3006,1932 2942,1962 2898,1932 2848,1958 2786,1952"/>
                <Baseline points="2796,1985 2823,1983 2850,1983 2877,1985 2904,1985 2931,1985 2958,1986 2985,1986 3012,1987 3039,1988 3067,1988 3094,1988 3121,1988 3148,1988 3175,1988 3202,1988 3229,1986 3256,1985 3283,1984 3310,1982 3338,1979"/>
                <TextEquiv>
                    <Unicode>aber keine der, des er gsin vnnd</Unicode>
                </TextEquiv>
            </TextLine>
            <TextLine id="r2l28" custom="readingOrder {index:27;}">
                <Coords points="2777,2048 2873,2059 2899,2043 2971,2062 2997,2042 3021,2058 3173,2045 3205,2066 3321,2045 3320,2009 3276,1994 3207,2016 3182,1993 3048,1988 2993,2014 2922,1991 2777,1992"/>
                <Baseline points="2786,2042 2812,2041 2838,2040 2864,2040 2891,2040 2917,2040 2943,2040 2969,2040 2996,2040 3022,2041 3048,2042 3074,2042 3101,2042 3127,2040 3153,2040 3179,2040 3206,2039 3232,2038 3258,2036 3284,2035 3311,2031"/>
                <TextEquiv>
                    <Unicode>dem selbigen widerumb zu sinen</Unicode>
                </TextEquiv>
            </TextLine>
            <TextLine id="r2l29" custom="readingOrder {index:28;}">
                <Coords points="3198,2098 3210,2100 3215,2098 3216,2101 3224,2100 3227,2098 3237,2100 3241,2074 3225,2072 3217,2062 3205,2060"/>
                <Baseline points="3210,2093 3228,2096"/>
                <TextEquiv>
                    <Unicode></Unicode>
                </TextEquiv>
            </TextLine>
            <TextLine id="r2l30" custom="readingOrder {index:29;}">
                <Coords points="2792,2131 2898,2099 2952,2137 3058,2098 3202,2128 3202,2072 3156,2044 3064,2062 3044,2048 3020,2060 3000,2042 2970,2071 2950,2051 2898,2063 2882,2049 2866,2065 2792,2051"/>
                <Baseline points="2802,2093 2828,2094 2854,2094 2880,2094 2906,2096 2932,2096 2958,2096 2984,2097 3010,2097 3036,2097 3062,2096 3088,2096 3114,2096 3140,2095 3166,2094 3192,2093"/>
                <TextEquiv>
                    <Unicode>haunden gestelt worden</Unicode>
                </TextEquiv>
            </TextLine>
            <TextLine id="r2l31" custom="readingOrder {index:30;}">
                <Coords points="2774,2210 2902,2222 2930,2205 3006,2218 3082,2204 3100,2220 3257,2189 3300,2212 3311,2156 3259,2163 3210,2126 3160,2123 3059,2171 3013,2146 2907,2170 2820,2125 2772,2132"/>
                <Baseline points="2784,2205 2809,2204 2835,2204 2861,2204 2887,2204 2913,2204 2939,2204 2965,2204 2991,2204 3017,2204 3043,2204 3068,2204 3094,2204 3120,2204 3146,2202 3172,2201 3198,2200 3224,2199 3250,2196 3276,2193 3302,2190"/>
                <TextEquiv>
                    <Unicode>Denne einem zu kinn en</Unicode>
                </TextEquiv>
            </TextLine>
            <TextLine id="r2l32" custom="readingOrder {index:31;} place {offset:0; length:10;}">
                <Coords points="2783,2285 2886,2265 2937,2281 3004,2261 3073,2283 3110,2255 3149,2286 3194,2250 3248,2265 3298,2253 3296,2209 3257,2188 3216,2210 3160,2204 3133,2225 3082,2204 3047,2224 2926,2210 2781,2221"/>
                <Baseline points="2792,2264 2818,2262 2844,2261 2870,2261 2896,2259 2922,2259 2948,2258 2974,2258 3000,2257 3026,2256 3052,2256 3078,2255 3104,2255 3130,2253 3156,2253 3182,2252 3208,2249 3234,2247 3260,2246 3287,2243"/>
                <TextEquiv>
                    <Unicode>Brunferben hengst obder</Unicode>
                </TextEquiv>
            </TextLine>
            <TextLine id="r2l33" custom="readingOrder {index:32;}">
                <Coords points="2799,2343 2880,2323 2973,2352 3034,2326 3057,2344 3159,2347 3194,2317 3275,2303 3274,2263 3186,2254 3155,2281 3112,2256 3073,2281 3010,2261 2937,2281 2904,2268 2797,2281"/>
                <Baseline points="2808,2310 2833,2311 2858,2312 2884,2312 2909,2312 2935,2312 2960,2312 2986,2310 3011,2309 3037,2309 3062,2307 3087,2306 3113,2306 3138,2304 3164,2303 3189,2302 3215,2301 3240,2300 3266,2300"/>
                <TextEquiv>
                    <Unicode>habes zelg hinwig gfurt</Unicode>
                </TextEquiv>
            </TextLine>
            <TextEquiv>
                <Unicode>Denne ungeuarlich vor zwösen herrn
an einen abendt zwüschei dem nach
mal sich alhie In das khauffln
verschlagen. vnnd nach dem die
Khauffhuß knacht hinuuß k gan¬
vnnd bschlossen hattendt. Zwen
stäb isten mnnder das hinder
vätter uff sin vortheyl zwei
gelegt, vnnd darnach sich selbs
am uffzug seyl hinab glassen

is vnnd angendte sich zum gätter
verfugtt unnd berürte i Stäb
sen einem nach dem annderen
gnommen, vnnd dem langen
vetter dem schmidt zubracht
unnd ein jedes pfundt umb
ein groß verkhonfft solden da
Ittem uff ein zütt, alls er zum
Thun am wuchenmariet ein
gesatletten Minch an der gassen
anbunden funden, denselbigen
gan Riggisperg geritten unnd
inn ein erhürren gstellt willen
den nächsten Donstag widerumb
gan thum zefuren. Darzwüschn
aber keine der, des er gsin vnnd
dem selbigen widerumb zu sinen

haunden gestelt worden
Denne einem zu kinn en
Brunferben hengst obder
habes zelg hinwig gfurt</Unicode>
            </TextEquiv>
        </TextRegion>
    </Page>
</PcGts>
