827 2317
571 60 640 124 183
23 104 636 201 Solliche artzug nach Inhallt des by
29 175 582 249 hendign vnnd Ingelegtn ferepts
32 229 636 311 geordnet unnd zuberytet hhabe er
30 278 577 366 engefelscht der vrbana zu bracht
32 337 607 421 vnnd khein annder wider vor noch
29 387 593 466 nach Ira gäben, deren späsich
17 430 621 520 ouch wol befunden, vnd so man
13 488 577 566 suneen und nit glauben gaben wöll
11 552 636 625 So besawe er bemelte erbana Imne
37 590 574 682 vnder die ougn gefüt weden
38 646 607 740 denn nach alls er venommen, das
46 702 625 771 obleüee erbena In Irer gfeng¬
42 753 605 840 knns Enne. sollicher bosen sach
50 805 585 879 angëben unnd erklagt hate.
33 860 627 942 do da bedacht er sich wiederumb
36 909 673 994 an das Pecept fea ob dasselbig
40 956 578 1054 noch bim arpsterker verhannde
29 1010 603 1096 wer, Lesse sollichs durch sinen
36 1062 659 1147 vettern erinen von Morse zerrichen.
41 1128 575 1210 vnnd Ihmne solliches wir noch
33 1184 644 1272 byhendig vberantwirt damt
47 1245 662 1325 wo er notturfftig, er ehzeg erzeycht
40 1305 610 1378 khante, was nederin er iro
28 1368 205 1438 ingabn
75 1417 628 1525 Wytters ist inne von ob
54 1479 628 1571 genant iinen heren fürge¬
54 1537 638 1633 hallen worden, das nach den
57 1586 636 1679 se, vernommen, Vbana schwanger
50 1657 628 1753 hesin, er sya underwysen, das der
42 1702 669 1780 melte vrbane, söllee ires khinds
39 1765 638 1835 ein anderen vatter furwenden der
43 1806 621 1903 sy gschwengert hatt. namnlich
40 1861 614 1953 so man sy frage, weie syt des
43 1937 616 2022 kindt syt, das sy solle sagen
39 2002 610 2083 Es syft eunsen von Nüwenburg
48 2051 599 2129 der heyss mit namen Jacob
51 2099 329 2178 Bander.
