4000 3000
2778 364 3451 477 Olicher gstallt ist umb obgemelten hand
2810 427 3444 532 halb Melchior Hirzi bfragt wor
2950 482 3453 569 ob er des artey dem meye
2817 503 2938 578 den.
2810 539 3436 653 Elßbech Hari, die Ee zugrsagt
2831 591 3449 707 hab. . Dessen erauredt ist
2812 660 3422 782 Ja wenn es sich derlich an hm
2817 711 3445 830 hallen werde, Wie er Jäy Inne
2812 777 3430 876 dem Mrytlin zethun gesidett
2816 839 3391 942 Aber das meytli habe gefällt
2820 912 3435 1001 das erdann dussen am thor¬
2840 969 3421 1069 gricht mit lun, so söllichs
2837 1032 3462 1131 gsachen uffgricht hab vrnüwe
2825 1096 3400 1195 deßhalb. Diewyll es gfällt
2829 1151 3398 1246 solle die zusefen zusagnng
2838 1204 3426 1289 mitt mier gellt vnnd Inn
2822 1261 3268 1356 mit wither biinder.
2802 1350 3397 1451 Vff seinliche Inn fürghallen
2791 1427 3357 1518 diewyl er grodt aben die
2832 1474 3409 1569 khundtschafft greden gleytt
2842 1528 3428 1616 die jnns gesapt unnd by unnd
2848 1586 3445 1673 mitt gwäßen, samptt auch im
2828 1636 3431 1724 selbs, alls sy das meyeli mit
2827 1686 3395 1768 wie gfüllt unnd mit dem
2829 1738 3418 1819 meyttlin, on in vor im uß
2834 1786 3456 1891 dem selbigen huß lassen hinwäß
2823 1849 3430 1933 ganc so sihe wol ze¬
2832 1905 3446 1992 muttmassen, das es ein an¬
2800 1954 3419 2035 gleyte sach sic gwäsen, Das
2814 2002 3449 2092 meyttlin zu überworen. damit
2806 2053 3423 2176 er nacherweets von Im möchte
2814 2112 3147 2203 geschryden werden
2792 2187 3452 2307 Vff sölliche fürhaltenuß, hat
2813 2256 3419 2356 er hoch unnd thür by gott
2799 2322 3453 2423 beziget söllichs nie fürgnommen
2812 2359 3400 2468 haben, noch die annderen darzut
2817 2418 3037 2492 angreisen
