4000 3000
1518 289 2198 414 Ittem das sy sol ettwas. so
1546 372 2180 472 zu verderbung irs kindts
1547 433 2191 527 so vnzitiger gepurt an dwalt
1538 481 2197 567 komen, gedienen ingnomen oder
1556 545 2175 646 getruncken haben, ist sy mit
1501 603 2194 708 Anred mit anzeig, solichs syo jr
1545 666 2240 763 zu sein noch gedanck nie komen
1533 727 2226 829 Vnd trage ouch diser vngezittige
1545 783 2184 887 gepurt halb, dem schuld, dann
1549 844 2187 951 syam frettag als sy morndis
1519 903 2190 1009 gnäsen by fabian wyermans
1629 962 2237 1072 übel gfallen, Achte sy daselb
1513 971 1619 1076 g
1530 1039 2203 1137 i jr unzittigen gnist ein ursach
1537 1095 2185 1194 sye Ittem uf die fürhalttung
1598 1156 2169 1255 was ursach sy nit wellen
1510 1161 1592 1242 4s
1517 1210 2174 1321 als sy kindes gnäsen ✳ das man
1507 1281 2188 1376 der nachpuren weber, Rechenn
1547 1335 2216 1438 solle, zeigt sy an, sy habe gmeine
1524 1394 2168 1495 sy hab das mutter wer unnd
1524 1452 2207 1562 fut gwußt für ein eigenschaft
1525 1517 2170 1620 das sy kindts wer ghegt dann
1534 1570 2179 1682 sy hallwäg gmeine sy ganng
1529 1639 2170 1745 ein mit dem kind dann sy
1514 1698 2185 1790 des kindts nit empfunden von
1530 1762 2107 1850 weg₎ ds sy des bindts mir
1529 1815 2161 1922 empfund sy achte ouch deselben
1519 1856 2133 1969 3 Wuche Wor. dem halbten
1537 1931 2138 2038 theit gnaden sin unnd
1516 1985 2167 2091 darumb wie Jey gmelder hab,
1562 2046 2142 2135 s villicht ii wellen, das
1550 2089 2172 2216 Jnan dweber perch solt und
1557 2158 2191 2252 sonst cheimernanderten bösen
1525 2218 2189 2328 teumb, bit ich nun y herr
1526 2267 2199 2381 En g. Ist gesimten worden.
