962 2582
211 119 906 212 uff denii zinstag dan 4i
273 185 842 289 hornungs im eo 6 jar
275 245 891 333 in bywäsen heinen grosswen
272 300 890 379 bels Ballug galdis, Bitzins
267 348 808 454 Bilchberger deß weybels ed
386 430 757 552 osepti Burmann
232 537 907 641 Ist an der Nuwenbrugk Josoph
260 601 912 691 Buwmann von Schaffhusen pür¬
256 654 929 747 ig der ursachen sinen gefangen
248 708 808 823 schafft befragt worden,
255 748 896 889 Bipt anzeygung wie das Er sich
271 821 924 918 mitt morckten vnd tuschen in die
278 879 900 978 selbst in die nodt bracht, das
271 942 929 1026 eyg biderben lütten nitt gmogen
273 992 925 1084 die wanheytt haltten ✳ deszwägen
283 1053 923 1133 vfft solche clegteen der Amman
275 1096 918 1191 zu Heimißhuß Ine zu hand
277 1148 875 1251 minen 8 herrgen gfangklich
648 1186 915 1287 nd für
280 1225 617 1306 habe angnomen
269 1258 913 1362 nemlich vmb das sich zutragen
268 1345 913 1419 daß ein pantzermacher von Ba¬
281 1390 909 1468 soll Melchior Matschy genampt
276 1439 925 1522 einem kuffer usz dem ementhal
275 1491 907 1576 nechst by waldwingen sin ros
262 1543 922 1623 umb vi cronen abkufft hab ✳ da¬
273 1596 925 1678 rumb Er foseph sic burg worden
274 1652 912 1733 und fürgäben er habe ein güttli
266 1698 920 1784 der Lehn zu Kilchlindach, vff
273 1748 914 1829 semlichs  gemellter Einenhaler
270 1792 933 1867 dar kommen dis vi kronen von
267 1838 884 1909 iins ze forderen als aber
271 1882 917 1960 derselb nützit fand wis Er Jo¬
279 1928 909 2012 sepch Ime hatt furgäben, habe
287 1979 917 2052 der selb seinlichs dem Amman
273 2029 904 2111 geclegt doruff Ins der Am¬
269 2073 650 2152 man behendigett
