4000 3000
1409 153 1792 246 igend die wälle
1409 202 2088 306 hhieruben imme fürgehaltten
1404 262 2101 346 wie er nitt vverstunde war
1669 314 2095 399 in der gschrifft pr
1400 321 1670 396 die walltt
1410 360 2114 451 wurde, dan es in der h. gschifft
1414 404 2111 514 gschriben stunde, bott hab die w
1415 464 2092 563 also geliebt etc. wolle Inm sollichs
1736 506 2052 592 des aber Ehr
1419 522 1728 597 ortt vorläsen
1421 559 2094 656 Tschantz nitt erwartten woltt, si
1415 597 2122 703 chendt Er dencke es dorffe Con
1450 660 2111 764 witters gefingt ✳ was schuchens
1432 710 2063 810 er hab zur predig zegan.
1426 762 2122 870 es sig ab dem predicenten oder ab
1423 829 2107 919 den zuhöreren. sagte er
1440 876 2102 973 Man Lehro vyl man bessen
1457 926 2070 1022 aber sich aber nütt dan vnser
1452 970 2119 1073 wandel sipt nitt nach dem heit
1454 1049 2077 1134 gen worttd gottes, hiemitt
1458 1078 2117 1173 kam er mitt sinen Irrigen
1454 1131 2118 1240 meynung herfur, wie des
1443 1181 2132 1284 man durch die wärck muß
1464 1227 2130 1344 fronnn werden und konne nit
1467 1288 2136 1396 erkhennen das man durch den
1474 1336 2129 1443 gluben allein, dan der bun
1479 1380 2136 1482 mus durch gutte werck guͦtt
1483 1424 2143 1527 werden, Denee die funpen
1466 1472 2141 1562 kindt dörffen das auffs mitt
1479 1512 2145 1610 dan es stande gsthriben sy habind
1466 1569 2137 1656 kein sund, Aber die erwah
1473 1611 2149 1715 senen als er muß durch gutte
1489 1661 2099 1752 wick die sund abbegen
1479 1733 2114 1828 item die gäͤprn mitt wer
1513 1771 2135 1856 stande ein Christen nitt
1716 1813 2145 1892 dwan er sache sin
1519 1848 1638 1909 zu
1507 1853 2139 1940 wyb vnd kind getrengt werd
1497 1906 2150 1996 wolte soll er sy mitt schirmin
1516 1961 2087 2056 iren sein friw hab e
1543 2023 1936 2120 y jar shm e
1530 2069 2093 2164 Niebli Redo zusei
1560 2108 2106 2208 gäben, dorffe krins
1527 2162 2062 2265 ithin Kilchgang.
