<?xml version="1.0" encoding="UTF-8" standalone="yes"?>
<PcGts xmlns="http://schema.primaresearch.org/PAGE/gts/pagecontent/2013-07-15" xmlns:xsi="http://www.w3.org/2001/XMLSchema-instance" xsi:schemaLocation="http://schema.primaresearch.org/PAGE/gts/pagecontent/2013-07-15 http://schema.primaresearch.org/PAGE/gts/pagecontent/2013-07-15/pagecontent.xsd">
    <Metadata>
        <Creator>prov=University of Rostock/Institute of Mathematics/CITlab|PLANET AI GmbH/Gundram Leifert/gundram.leifert@planet-ai.de:name=German_Kurrent_XVI-XVIII_M1(htr_id=19584)::::v=2.6.7
prov=University of Rostock/Institute of Mathematics/CITlab|PLANET AI GmbH/Tobias Gruening/tobias.gruening@planet-ai.de:name=de.uros.citlab.module.baseline2polygon.B2PSeamMultiOriented:v=2.6.7
prov=University of Rostock/Institute of Mathematics/CITlab|PLANET AI GmbH/Gundram Leifert/gundram.leifert@planet-ai.de:name=German_Kurrent_XVI-XVIII_M1(htr_id=19584)::::v=2.6.6
prov=University of Rostock/Institute of Mathematics/CITlab|PLANET AI GmbH/Tobias Gruening/tobias.gruening@planet-ai.de:name=de.uros.citlab.module.baseline2polygon.B2PSeamMultiOriented:v=2.6.6
prov=READ-COOP:name=PyLaia@TranskribusPlatform:version=0.3.1:model_id=26190:lm=provided:date=06_10_2020_13:11
prov=READ-Coop:name=PyLaia@Transkribus:version=0.3.1:model_id=26190:lm=provided:date=06_10_2020_13:08
prov=University of Rostock/Institute of Mathematics/CITlab|PLANET AI GmbH/Tobias Gruening/tobias.gruening@planet-ai.de:name=de.uros.citlab.module.baseline2polygon.B2PSeamMultiOriented:v=2.6.6</Creator>
        <Created>2020-10-06T08:15:16.460+02:00</Created>
        <LastChange>2022-09-09T15:43:47.313+02:00</LastChange>
        <TranskribusMetadata docId="1334771" pageId="52354770" pageNr="302" tsid="114636367" status="IN_PROGRESS" userId="9570" imgUrl="https://files.transkribus.eu/Get?id=OVVSAWQCJAGHJHLHZRWLJXQK&amp;fileType=view" xmlUrl="https://files.transkribus.eu/Get?id=DFLIYOTCSKKRCXCGHDHKKWJJ" imageId="16111162"/>
    </Metadata>
    <Page imageFilename="IMG20201002154831.jpg" imageWidth="946" imageHeight="2385">
        <ReadingOrder>
            <OrderedGroup id="ro_1687514095235" caption="Regions reading order">
                <RegionRefIndexed index="0" regionRef="r1"/>
                <RegionRefIndexed index="1" regionRef="r2"/>
                <RegionRefIndexed index="2" regionRef="r3"/>
                <RegionRefIndexed index="3" regionRef="r4"/>
            </OrderedGroup>
        </ReadingOrder>
        <TextRegion orientation="0.0" id="r1" custom="readingOrder {index:0;}">
            <Coords points="8,126 8,1973 711,1973 711,126"/>
            <TextLine id="r1l1" custom="readingOrder {index:0;}">
                <Coords points="10,197 211,203 489,157 602,183 656,149 707,167 704,128 635,109 554,115 505,149 353,136 179,170 6,150"/>
                <Baseline points="15,192 49,193 83,192 117,192 152,190 186,188 220,186 254,183 289,180 323,176 357,173 391,169 426,166 460,163 494,159 528,156 563,153 597,151 631,148 665,147 700,146"/>
                <TextEquiv>
                    <Unicode>dann er willens wäre in furn</Unicode>
                </TextEquiv>
            </TextLine>
            <TextLine id="r1l2" custom="readingOrder {index:1;}">
                <Coords points="33,246 146,260 178,233 368,218 403,236 439,211 460,228 507,201 535,219 698,188 661,159 592,179 538,158 274,181 234,212 136,192 95,222 31,216"/>
                <Baseline points="37,235 69,234 102,231 135,229 168,228 200,225 233,223 266,220 299,217 331,214 364,211 397,208 430,204 462,202 495,198 528,195 561,192 593,190 626,187 659,185 692,183"/>
                <TextEquiv>
                    <Unicode>ei glegne Landt zu Ziechen ein</Unicode>
                </TextEquiv>
            </TextLine>
            <TextLine id="r1l3" custom="readingOrder {index:2;}">
                <Coords points="13,317 41,293 143,280 179,296 225,268 362,251 561,260 645,232 643,205 303,245 177,233 139,269 71,268 30,242 7,256"/>
                <Baseline points="15,287 46,285 77,283 108,280 140,277 171,274 202,271 233,268 265,265 296,261 327,258 358,255 390,252 421,248 452,246 483,242 515,239 546,237 577,234 608,232 640,230"/>
                <TextEquiv>
                    <Unicode>herren zu dienen, vnd hite</Unicode>
                </TextEquiv>
            </TextLine>
            <TextLine id="r1l4" custom="readingOrder {index:3;}">
                <Coords points="68,336 206,339 268,311 348,322 423,286 450,303 641,280 685,268 681,229 590,260 386,252 336,275 288,260 66,319"/>
                <Baseline points="72,330 102,326 132,323 163,320 193,316 224,313 254,309 284,306 315,302 345,298 376,295 406,292 436,288 467,285 497,281 528,278 558,275 588,272 619,268 649,265 680,262"/>
                <TextEquiv>
                    <Unicode>do schickte sin mutter eine</Unicode>
                </TextEquiv>
            </TextLine>
            <TextLine id="r1l5" custom="readingOrder {index:4;}">
                <Coords points="19,363 27,357 32,357 33,353 46,352 48,354 62,341 69,339 53,294 48,296 40,292 37,293 33,303 22,317 17,317 4,324"/>
                <Baseline points="18,345 61,329"/>
                <TextEquiv>
                    <Unicode>fir</Unicode>
                </TextEquiv>
            </TextLine>
            <TextLine id="r1l6" custom="readingOrder {index:5;}">
                <Coords points="39,378 143,393 175,367 233,382 330,343 413,364 522,325 668,330 666,267 638,286 595,275 572,302 536,285 448,310 420,294 327,330 257,316 127,346 89,327 36,354"/>
                <Baseline points="43,366 74,366 105,366 136,364 167,362 198,359 229,356 260,353 291,350 322,345 354,341 385,337 416,333 447,329 478,325 509,322 540,319 571,316 602,313 633,312 665,311"/>
                <TextEquiv>
                    <Unicode>anderstwohin nach gultt deß</Unicode>
                </TextEquiv>
            </TextLine>
            <TextLine id="r1l7" custom="readingOrder {index:6;}">
                <Coords points="22,430 72,440 129,405 166,423 226,399 274,418 378,378 411,401 456,366 663,353 660,329 463,356 444,341 401,363 363,340 248,382 171,369 138,395 18,391"/>
                <Baseline points="26,415 57,415 89,413 120,410 152,408 184,404 215,401 247,397 278,392 310,387 342,383 373,379 405,374 436,370 468,366 500,362 531,359 563,356 594,354 626,353 658,352"/>
                <TextEquiv>
                    <Unicode>er yr des iegs lang wartten</Unicode>
                </TextEquiv>
            </TextLine>
            <TextLine id="r1l8" custom="readingOrder {index:7;}">
                <Coords points="25,468 246,444 302,460 359,420 431,441 476,409 576,427 679,397 676,372 572,383 504,358 413,401 378,378 277,419 236,401 209,433 135,414 21,438"/>
                <Baseline points="29,456 61,455 93,453 125,450 157,448 190,444 222,440 254,436 286,432 318,428 351,423 383,419 415,414 447,410 479,406 512,402 544,399 576,395 608,393 640,391 673,389"/>
                <TextEquiv>
                    <Unicode>mußt brechte doch den pott</Unicode>
                </TextEquiv>
            </TextLine>
            <TextLine id="r1l9" custom="readingOrder {index:8;}">
                <Coords points="27,521 165,490 201,510 236,484 287,504 331,472 418,480 506,444 679,457 676,415 601,406 526,432 481,411 441,441 354,423 297,458 153,451 120,481 22,485"/>
                <Baseline points="29,501 61,500 93,498 125,494 157,491 190,487 222,483 254,479 286,474 318,470 351,465 383,461 415,456 447,453 479,449 512,446 544,443 576,440 608,439 640,438 673,438"/>
                <TextEquiv>
                    <Unicode>nitt so vyl gältts, als er ver¬</Unicode>
                </TextEquiv>
            </TextLine>
            <TextLine id="r1l10" custom="readingOrder {index:9;}">
                <Coords points="25,554 52,538 124,556 196,518 312,549 480,499 588,510 667,494 663,453 499,449 388,491 236,484 208,505 156,493 99,523 21,522"/>
                <Baseline points="28,537 59,537 91,537 122,535 154,534 186,531 217,529 249,525 281,522 312,518 344,514 376,509 407,505 439,501 471,497 502,493 534,490 566,487 597,484 629,483 661,482"/>
                <TextEquiv>
                    <Unicode>mercke Sagte vff das zu</Unicode>
                </TextEquiv>
            </TextLine>
            <TextLine id="r1l11" custom="readingOrder {index:10;}">
                <Coords points="27,597 645,529 653,495 374,533 316,516 274,549 209,533 132,562 51,539 23,560"/>
                <Baseline points="30,580 61,580 92,578 123,577 154,575 185,572 216,569 247,566 278,562 309,558 340,554 371,550 402,546 433,542 464,538 495,535 526,531 557,528 588,525 619,523 650,520"/>
                <TextEquiv>
                    <Unicode>siner mutten damitt er nitt</Unicode>
                </TextEquiv>
            </TextLine>
            <TextLine id="r1l12" custom="readingOrder {index:11;}">
                <Coords points="27,648 106,622 147,638 189,610 325,616 365,591 628,592 623,541 583,532 517,568 450,550 367,578 325,553 181,601 95,579 23,606"/>
                <Baseline points="30,628 59,625 89,622 118,619 148,616 177,614 207,610 236,608 266,605 295,602 325,599 355,597 384,594 414,592 443,588 473,586 502,584 532,582 561,579 591,577 621,575"/>
                <TextEquiv>
                    <Unicode>gesumpt wurde vnd er sich</Unicode>
                </TextEquiv>
            </TextLine>
            <TextLine id="r1l13" custom="readingOrder {index:12;}">
                <Coords points="22,674 55,688 345,640 422,663 446,633 501,647 534,621 618,636 665,608 662,579 611,602 584,586 309,630 200,616 150,642 107,622 19,649"/>
                <Baseline points="26,671 57,669 89,666 121,663 152,660 184,657 216,654 247,651 279,647 311,645 343,641 374,638 406,634 438,631 469,628 501,625 533,621 564,619 596,616 628,613 660,610"/>
                <TextEquiv>
                    <Unicode>uß de land machte, slte sy</Unicode>
                </TextEquiv>
            </TextLine>
            <TextLine id="r1l14" custom="readingOrder {index:13;}">
                <Coords points="23,743 91,709 677,656 674,627 578,641 534,622 500,647 445,633 421,663 341,641 267,650 223,685 18,692"/>
                <Baseline points="25,713 57,711 89,709 122,707 154,704 186,701 219,698 251,694 283,690 316,686 348,682 380,678 413,675 445,671 477,667 510,663 542,660 574,657 607,655 639,652 672,650"/>
                <TextEquiv>
                    <Unicode>Ime ein ku die andest mitt</Unicode>
                </TextEquiv>
            </TextLine>
            <TextLine id="r1l15" custom="readingOrder {index:14;}">
                <Coords points="25,763 125,772 179,744 205,757 340,723 442,736 536,698 668,711 671,657 588,681 441,677 358,708 327,692 301,716 209,696 185,719 103,711 23,741"/>
                <Baseline points="29,752 61,750 93,747 125,745 157,741 189,739 221,735 253,732 285,729 317,726 349,722 381,719 413,716 445,712 477,709 509,706 541,704 573,701 605,699 637,697 670,696"/>
                <TextEquiv>
                    <Unicode>milchrych was anschlachen zu</Unicode>
                </TextEquiv>
            </TextLine>
            <TextLine id="r1l16" custom="readingOrder {index:15;}">
                <Coords points="34,819 69,788 196,808 231,782 310,791 386,759 412,774 643,744 640,713 531,700 443,736 419,718 322,735 276,762 184,743 148,771 29,766"/>
                <Baseline points="36,788 66,787 96,786 126,785 156,782 186,780 216,778 246,776 276,774 306,771 336,768 366,764 396,761 426,758 456,754 486,752 516,748 546,746 576,742 606,739 637,736"/>
                <TextEquiv>
                    <Unicode>gultt, den Ine Dunckt die</Unicode>
                </TextEquiv>
            </TextLine>
            <TextLine id="r1l17" custom="readingOrder {index:16;}">
                <Coords points="41,849 147,825 192,850 254,810 380,802 410,820 608,775 711,786 706,727 650,754 451,761 293,799 242,784 153,809 75,787 38,815"/>
                <Baseline points="44,829 77,828 110,826 143,824 176,821 209,818 242,816 275,813 308,809 341,805 374,802 407,798 440,794 473,791 506,787 539,784 572,781 605,778 638,776 671,774 705,772"/>
                <TextEquiv>
                    <Unicode>selbe khu nitt vyl mehr weidt</Unicode>
                </TextEquiv>
            </TextLine>
            <TextLine id="r1l18" custom="readingOrder {index:17;}">
                <Coords points="44,893 107,901 168,869 322,873 446,842 475,861 521,822 702,815 699,786 585,803 545,785 435,820 371,802 320,833 216,825 189,846 139,827 111,854 40,851"/>
                <Baseline points="47,875 79,872 112,870 144,868 177,866 209,862 242,860 274,856 307,852 339,849 372,845 404,841 437,838 469,834 502,831 534,827 567,824 599,821 632,818 664,815 697,812"/>
                <TextEquiv>
                    <Unicode>zu sin, doch sollte sy dmutter</Unicode>
                </TextEquiv>
            </TextLine>
            <TextLine id="r1l19" custom="readingOrder {index:18;}">
                <Coords points="25,934 214,929 310,892 389,910 447,884 565,892 667,872 664,836 513,833 468,863 376,848 330,875 268,857 216,884 159,871 23,907"/>
                <Baseline points="29,919 60,916 92,913 123,910 155,907 187,905 218,901 250,898 282,895 313,892 345,889 377,886 408,883 440,881 472,878 503,876 535,873 567,871 598,869 630,867 662,866"/>
                <TextEquiv>
                    <Unicode>die schätzer darzu bruffen</Unicode>
                </TextEquiv>
            </TextLine>
            <TextLine id="r1l20" custom="readingOrder {index:19;}">
                <Coords points="33,995 107,965 255,974 531,926 631,950 668,932 664,883 551,908 494,883 436,890 391,924 321,899 200,948 114,917 88,948 29,945"/>
                <Baseline points="36,970 67,968 98,966 129,963 161,960 192,957 223,954 255,950 286,947 317,943 349,940 380,937 411,934 442,931 474,927 505,925 536,923 568,921 599,920 630,918 662,918"/>
                <TextEquiv>
                    <Unicode>In dem fer der hußman so</Unicode>
                </TextEquiv>
            </TextLine>
            <TextLine id="r1l21" custom="readingOrder {index:20;}">
                <Coords points="31,1042 241,997 328,994 357,1015 425,1010 464,980 709,979 713,932 630,951 542,935 498,963 394,937 348,970 195,965 28,999"/>
                <Baseline points="34,1014 67,1011 101,1008 135,1005 169,1002 203,999 237,995 270,992 304,988 338,985 372,982 406,980 440,978 474,975 507,973 541,972 575,970 609,970 643,969 677,970 711,970"/>
                <TextEquiv>
                    <Unicode>by inne monet, sagte zur mutter</Unicode>
                </TextEquiv>
            </TextLine>
            <TextLine id="r1l22" custom="readingOrder {index:21;}">
                <Coords points="33,1080 80,1054 163,1077 194,1049 338,1028 532,1043 609,1016 607,995 464,984 385,1015 331,994 293,1010 241,997 141,1033 29,1043"/>
                <Baseline points="36,1061 64,1057 92,1054 121,1050 149,1047 178,1044 206,1041 234,1039 263,1036 291,1033 320,1030 348,1028 376,1026 405,1024 433,1022 462,1019 490,1017 518,1015 547,1012 575,1011 604,1008"/>
                <TextEquiv>
                    <Unicode>sy mochte des wol thun</Unicode>
                </TextEquiv>
            </TextLine>
            <TextLine id="r1l23" custom="readingOrder {index:22;}">
                <Coords points="29,1112 137,1090 238,1103 262,1081 357,1086 523,1049 592,1066 692,1053 688,1012 630,999 569,1033 459,1027 380,1053 246,1040 172,1074 27,1083"/>
                <Baseline points="33,1097 65,1095 98,1093 130,1091 163,1087 196,1084 228,1081 261,1077 294,1074 326,1070 359,1067 392,1063 424,1060 457,1056 490,1054 522,1051 555,1050 588,1048 620,1047 653,1047 686,1047"/>
                <TextEquiv>
                    <Unicode>dan sy hieninn nitt troffen</Unicode>
                </TextEquiv>
            </TextLine>
            <TextLine id="r1l24" custom="readingOrder {index:23;}">
                <Coords points="30,1145 127,1142 165,1163 343,1111 488,1104 521,1128 552,1102 594,1117 678,1090 615,1055 543,1074 507,1054 401,1094 262,1082 238,1103 173,1113 135,1091 56,1128 28,1120"/>
                <Baseline points="35,1140 66,1139 98,1137 130,1135 162,1133 194,1130 226,1127 258,1125 290,1121 322,1117 354,1114 385,1110 417,1106 449,1104 481,1100 513,1097 545,1095 577,1093 609,1091 641,1090 673,1090"/>
                <TextEquiv>
                    <Unicode>wurde also verwilligt ime</Unicode>
                </TextEquiv>
            </TextLine>
            <TextLine id="r1l25" custom="readingOrder {index:24;}">
                <Coords points="42,1209 84,1181 406,1152 528,1169 564,1141 614,1158 669,1132 666,1097 591,1117 547,1104 522,1130 456,1101 402,1138 342,1111 289,1151 216,1138 109,1162 68,1145 39,1165"/>
                <Baseline points="45,1182 77,1179 110,1176 142,1173 175,1170 207,1167 240,1164 273,1162 305,1159 338,1157 370,1154 403,1151 435,1149 468,1146 501,1143 533,1141 566,1137 598,1134 631,1131 664,1128"/>
                <TextEquiv>
                    <Unicode>sen mutter die khu hin zu</Unicode>
                </TextEquiv>
            </TextLine>
            <TextLine id="r1l26" custom="readingOrder {index:25;}">
                <Coords points="50,1251 188,1210 275,1219 377,1192 416,1219 518,1184 555,1211 621,1175 659,1182 656,1150 607,1160 566,1141 534,1167 421,1158 385,1183 330,1184 225,1171 180,1202 112,1205 79,1185 46,1203"/>
                <Baseline points="53,1227 83,1222 113,1219 143,1216 173,1213 203,1210 233,1207 263,1204 293,1201 323,1198 353,1196 383,1194 413,1191 443,1189 473,1187 503,1184 533,1181 563,1179 593,1177 623,1174 653,1172"/>
                <TextEquiv>
                    <Unicode>furen, das er hette fure</Unicode>
                </TextEquiv>
            </TextLine>
            <TextLine id="r1l27" custom="readingOrder {index:26;} place {offset:4; length:11;}">
                <Coords points="51,1282 161,1257 355,1255 430,1228 675,1233 672,1189 404,1221 317,1203 277,1229 165,1216 122,1248 49,1252"/>
                <Baseline points="55,1267 85,1263 116,1260 147,1256 177,1253 208,1249 239,1246 269,1243 300,1241 331,1239 362,1236 392,1234 423,1232 454,1230 484,1227 515,1226 546,1223 576,1222 607,1220 638,1218 669,1215"/>
                <TextEquiv>
                    <Unicode>gan blumenstein verkuffte</Unicode>
                </TextEquiv>
            </TextLine>
            <TextLine id="r1l28" custom="readingOrder {index:27;}">
                <Coords points="37,1316 165,1292 315,1300 413,1264 671,1271 698,1266 694,1221 478,1247 433,1228 234,1273 134,1262 107,1284 32,1265"/>
                <Baseline points="41,1304 73,1301 106,1299 138,1296 171,1293 203,1289 236,1286 268,1283 301,1280 333,1276 366,1273 399,1269 431,1266 464,1263 496,1260 529,1258 561,1256 594,1254 626,1253 659,1252 692,1252"/>
                <TextEquiv>
                    <Unicode>die dem wyrtt daselb vmb</Unicode>
                </TextEquiv>
            </TextLine>
            <TextLine id="r1l29" custom="readingOrder {index:28;}">
                <Coords points="334,1328 378,1334 435,1315 461,1332 501,1300 522,1311 593,1304 621,1312 632,1309 630,1276 564,1279 528,1265 491,1279 479,1270 446,1285 428,1271 331,1293"/>
                <Baseline points="338,1318 364,1317 390,1316 416,1314 442,1311 468,1309 495,1307 521,1304 547,1302 573,1300 599,1299 626,1299"/>
                <TextEquiv>
                    <Unicode>Nach dem</Unicode>
                </TextEquiv>
            </TextLine>
            <TextLine id="r1l30" custom="readingOrder {index:29;}">
                <Coords points="248,1326 258,1327 264,1331 273,1331 273,1297 260,1298 255,1301 248,1301"/>
                <Baseline points="253,1323 268,1323"/>
                <TextEquiv>
                    <Unicode></Unicode>
                </TextEquiv>
            </TextLine>
            <TextLine id="r1l31" custom="readingOrder {index:30;}">
                <Coords points="38,1340 70,1339 107,1360 119,1360 161,1331 204,1341 242,1329 240,1293 204,1295 193,1303 158,1293 141,1309 101,1307 81,1323 37,1317"/>
                <Baseline points="43,1335 70,1335 98,1334 126,1333 153,1331 181,1328 209,1326 237,1323"/>
                <TextEquiv>
                    <Unicode>vi kron</Unicode>
                </TextEquiv>
            </TextLine>
            <TextLine id="r1l32" custom="readingOrder {index:31;}">
                <Coords points="45,1401 343,1350 533,1360 666,1338 664,1309 568,1322 509,1306 462,1332 432,1314 406,1335 162,1332 112,1361 41,1341"/>
                <Baseline points="49,1380 79,1377 110,1373 140,1369 171,1367 202,1363 232,1361 263,1359 293,1356 324,1354 355,1352 385,1350 416,1348 446,1347 477,1345 508,1344 538,1342 569,1340 599,1339 630,1338 661,1336"/>
                <TextEquiv>
                    <Unicode>der stirff vntter den jarvor</Unicode>
                </TextEquiv>
            </TextLine>
            <TextLine id="r1l33" custom="readingOrder {index:32;}">
                <Coords points="42,1415 424,1416 448,1390 484,1402 562,1375 597,1398 616,1376 679,1383 677,1344 391,1372 344,1350 290,1377 41,1402"/>
                <Baseline points="47,1411 78,1409 109,1407 140,1404 172,1402 203,1400 234,1397 266,1395 297,1393 328,1391 360,1388 391,1385 422,1384 453,1381 485,1379 516,1378 547,1376 579,1374 610,1373 641,1372 673,1370"/>
                <TextEquiv>
                    <Unicode>nitt anheinschn gwäsen for¬</Unicode>
                </TextEquiv>
            </TextLine>
            <TextLine id="r1l34" custom="readingOrder {index:33;}">
                <Coords points="41,1458 125,1444 181,1461 279,1425 309,1445 407,1441 445,1418 527,1440 593,1416 689,1427 687,1402 617,1376 596,1398 512,1381 413,1413 39,1417"/>
                <Baseline points="46,1447 77,1445 109,1442 141,1439 173,1437 205,1435 237,1433 268,1430 300,1428 332,1427 364,1425 396,1423 428,1422 460,1420 491,1419 523,1418 555,1417 587,1416 619,1416 651,1415 683,1415"/>
                <TextEquiv>
                    <Unicode>derett Ime, eron ußhar dan</Unicode>
                </TextEquiv>
            </TextLine>
            <TextLine id="r1l35" custom="readingOrder {index:34;}">
                <Coords points="35,1496 211,1475 232,1490 272,1464 334,1490 364,1468 593,1448 667,1475 664,1421 33,1457"/>
                <Baseline points="40,1485 71,1481 102,1477 133,1474 164,1471 195,1468 226,1467 257,1465 288,1464 319,1462 350,1461 381,1460 412,1459 443,1458 474,1458 505,1457 536,1456 567,1456 598,1454 629,1454 661,1452"/>
                <TextEquiv>
                    <Unicode>demutter inel faniel nur vi</Unicode>
                </TextEquiv>
            </TextLine>
            <TextLine id="r1l36" custom="readingOrder {index:35;}">
                <Coords points="9,1524 141,1518 200,1538 234,1504 317,1526 358,1501 680,1500 678,1462 647,1450 620,1472 598,1456 572,1475 329,1487 280,1464 238,1491 209,1474 133,1498 8,1496"/>
                <Baseline points="14,1521 47,1517 80,1514 113,1511 146,1508 179,1506 212,1504 245,1502 278,1500 311,1499 344,1497 377,1496 410,1495 443,1494 476,1494 509,1493 542,1492 575,1491 608,1491 641,1490 674,1490"/>
                <TextEquiv>
                    <Unicode>vtern schuldig wire, dess en</Unicode>
                </TextEquiv>
            </TextLine>
            <TextLine id="r1l37" custom="readingOrder {index:36;}">
                <Coords points="4,1579 141,1552 204,1568 257,1535 371,1542 401,1566 490,1526 698,1542 703,1494 578,1515 358,1501 310,1527 232,1505 197,1534 2,1540"/>
                <Baseline points="8,1564 42,1560 77,1557 111,1553 146,1550 180,1547 215,1544 249,1541 284,1539 318,1537 353,1535 388,1533 422,1531 457,1530 491,1529 526,1528 560,1527 595,1527 629,1527 664,1527 699,1527"/>
                <TextEquiv>
                    <Unicode>Daniel sil gwidriget vermeine¬</Unicode>
                </TextEquiv>
            </TextLine>
            <TextLine id="r1l38" custom="readingOrder {index:37;}">
                <Coords points="46,1609 102,1583 137,1601 268,1574 446,1600 483,1575 714,1573 713,1541 545,1555 477,1529 400,1563 262,1536 204,1567 139,1552 108,1574 44,1570"/>
                <Baseline points="50,1597 82,1593 115,1588 148,1585 181,1582 214,1579 247,1577 280,1574 313,1573 346,1572 379,1571 411,1570 444,1569 477,1568 510,1568 543,1567 576,1566 609,1566 642,1565 675,1564 708,1562"/>
                <TextEquiv>
                    <Unicode>de diewil die kn sener mutter</Unicode>
                </TextEquiv>
            </TextLine>
            <TextLine id="r1l39" custom="readingOrder {index:38;}">
                <Coords points="35,1636 273,1608 376,1630 419,1611 450,1634 480,1611 520,1632 691,1604 690,1580 543,1571 394,1595 362,1574 279,1598 240,1579 200,1601 34,1614"/>
                <Baseline points="40,1629 72,1626 104,1623 136,1620 169,1618 201,1616 233,1615 266,1613 298,1611 330,1610 363,1609 395,1608 427,1606 459,1606 492,1604 524,1604 556,1603 589,1601 621,1599 653,1598 686,1596"/>
                <TextEquiv>
                    <Unicode>wene und er der stieff vatter</Unicode>
                </TextEquiv>
            </TextLine>
            <TextLine id="r1l40" custom="readingOrder {index:39;}">
                <Coords points="58,1668 262,1651 291,1669 383,1639 432,1664 485,1644 659,1647 643,1602 498,1628 453,1601 389,1629 274,1609 249,1627 192,1618 57,1645"/>
                <Baseline points="63,1661 92,1658 122,1657 151,1655 181,1653 210,1652 240,1650 269,1649 299,1647 328,1646 358,1644 388,1643 417,1642 447,1641 476,1641 506,1640 535,1639 565,1639 594,1638 624,1638 654,1638"/>
                <TextEquiv>
                    <Unicode>nach lutt Viner esbrednuß</Unicode>
                </TextEquiv>
            </TextLine>
            <TextLine id="r1l41" custom="readingOrder {index:40;}">
                <Coords points="48,1708 151,1687 199,1715 272,1682 378,1701 567,1683 623,1713 705,1691 704,1656 539,1645 438,1668 386,1642 295,1672 261,1651 165,1679 46,1664"/>
                <Baseline points="53,1703 85,1699 117,1695 150,1692 182,1690 214,1688 247,1685 279,1683 311,1682 344,1681 376,1680 408,1679 441,1679 473,1678 505,1678 538,1678 570,1678 602,1678 635,1679 667,1679 700,1680"/>
                <TextEquiv>
                    <Unicode>bein theil an demmutter gutt</Unicode>
                </TextEquiv>
            </TextLine>
            <TextLine id="r1l42" custom="readingOrder {index:41;}">
                <Coords points="45,1753 81,1761 149,1730 214,1752 281,1731 328,1750 361,1734 412,1745 454,1721 532,1747 606,1714 606,1691 491,1683 448,1701 427,1683 363,1705 266,1689 194,1712 114,1697 44,1713"/>
                <Baseline points="50,1734 77,1732 105,1730 132,1728 160,1726 187,1725 215,1723 242,1723 270,1721 297,1720 325,1720 353,1719 380,1718 408,1718 435,1717 463,1717 490,1716 518,1716 545,1715 573,1715 601,1714"/>
                <TextEquiv>
                    <Unicode>hätte, gienge in diser</Unicode>
                </TextEquiv>
            </TextLine>
            <TextLine id="r1l43" custom="readingOrder {index:42;}">
                <Coords points="47,1774 209,1784 266,1762 352,1788 387,1761 470,1770 570,1746 652,1778 691,1753 690,1724 639,1703 539,1743 450,1726 413,1745 190,1737 46,1764"/>
                <Baseline points="52,1773 83,1771 115,1769 147,1768 178,1766 210,1764 242,1763 273,1761 305,1760 337,1758 369,1757 400,1756 432,1754 464,1753 495,1753 527,1752 559,1750 590,1750 622,1749 654,1748 686,1747"/>
                <TextEquiv>
                    <Unicode>merrer nützit an Sge</Unicode>
                </TextEquiv>
            </TextLine>
            <TextLine id="r1l44" custom="readingOrder {index:43;}">
                <Coords points="55,1842 165,1802 372,1798 390,1815 575,1792 618,1823 639,1803 699,1809 698,1774 53,1782"/>
                <Baseline points="59,1817 90,1813 122,1810 154,1807 186,1804 217,1802 249,1800 281,1798 313,1797 344,1796 376,1795 408,1794 440,1793 471,1793 503,1792 535,1792 567,1792 598,1792 630,1792 662,1792 694,1792"/>
                <TextEquiv>
                    <Unicode>sonst nütt withers mitt senem</Unicode>
                </TextEquiv>
            </TextLine>
            <TextLine id="r1l45" custom="readingOrder {index:44;}">
                <Coords points="63,1873 233,1839 328,1868 357,1843 387,1859 430,1835 450,1854 552,1841 588,1861 615,1842 658,1850 657,1819 609,1821 572,1792 522,1820 378,1794 291,1820 61,1825"/>
                <Baseline points="67,1857 96,1852 125,1848 154,1844 184,1842 213,1840 242,1837 272,1836 301,1835 330,1835 360,1834 389,1834 418,1834 447,1834 477,1834 506,1835 535,1835 565,1835 594,1835 623,1834 653,1834"/>
                <TextEquiv>
                    <Unicode>stieffvattrn stössig worde</Unicode>
                </TextEquiv>
            </TextLine>
            <TextLine id="r1l46" custom="readingOrder {index:45;}">
                <Coords points="52,1903 176,1900 214,1881 301,1893 327,1875 598,1888 616,1879 615,1843 588,1861 553,1842 525,1864 470,1862 430,1835 325,1864 215,1843 133,1875 84,1863 51,1885"/>
                <Baseline points="56,1899 83,1894 111,1891 139,1888 167,1885 194,1883 222,1881 250,1880 278,1879 305,1878 333,1878 361,1878 389,1878 416,1877 444,1877 472,1877 500,1876 527,1876 555,1875 583,1873 611,1871"/>
                <TextEquiv>
                    <Unicode>dem das er die bu¬</Unicode>
                </TextEquiv>
            </TextLine>
            <TextLine id="r1l47" custom="readingOrder {index:46;}">
                <Coords points="81,1944 324,1915 376,1944 451,1908 522,1941 686,1916 684,1875 651,1860 600,1898 541,1877 502,1896 204,1883 80,1906"/>
                <Baseline points="86,1932 115,1929 145,1926 175,1923 204,1922 234,1920 264,1919 293,1917 323,1916 353,1916 383,1915 412,1914 442,1914 472,1914 501,1913 531,1913 561,1912 590,1911 620,1910 650,1909 680,1908"/>
                <TextEquiv>
                    <Unicode>heb lassen vff recht bin</Unicode>
                </TextEquiv>
            </TextLine>
            <TextLine id="r1l48" custom="readingOrder {index:47;}">
                <Coords points="80,1973 124,1980 252,1952 287,1973 475,1959 505,1982 544,1983 543,1939 505,1930 80,1945"/>
                <Baseline points="85,1962 110,1962 135,1963 160,1962 185,1962 210,1962 236,1961 261,1960 286,1960 311,1959 336,1958 361,1958 387,1957 412,1956 437,1956 462,1956 487,1956 512,1957 538,1958"/>
                <TextEquiv>
                    <Unicode>wirtt verbietten ✳</Unicode>
                </TextEquiv>
            </TextLine>
            <TextEquiv>
                <Unicode>dann er willens wäre in furn
ei glegne Landt zu Ziechen ein
herren zu dienen, vnd hite
do schickte sin mutter eine
fir
anderstwohin nach gultt deß
er yr des iegs lang wartten
mußt brechte doch den pott
nitt so vyl gältts, als er ver¬
mercke Sagte vff das zu
siner mutten damitt er nitt
gesumpt wurde vnd er sich
uß de land machte, slte sy
Ime ein ku die andest mitt
milchrych was anschlachen zu
gultt, den Ine Dunckt die
selbe khu nitt vyl mehr weidt
zu sin, doch sollte sy dmutter
die schätzer darzu bruffen
In dem fer der hußman so
by inne monet, sagte zur mutter
sy mochte des wol thun
dan sy hieninn nitt troffen
wurde also verwilligt ime
sen mutter die khu hin zu
furen, das er hette fure
gan blumenstein verkuffte
die dem wyrtt daselb vmb
Nach dem

vi kron
der stirff vntter den jarvor
nitt anheinschn gwäsen for¬
derett Ime, eron ußhar dan
demutter inel faniel nur vi
vtern schuldig wire, dess en
Daniel sil gwidriget vermeine¬
de diewil die kn sener mutter
wene und er der stieff vatter
nach lutt Viner esbrednuß
bein theil an demmutter gutt
hätte, gienge in diser
merrer nützit an Sge
sonst nütt withers mitt senem
stieffvattrn stössig worde
dem das er die bu¬
heb lassen vff recht bin
wirtt verbietten ✳</Unicode>
            </TextEquiv>
        </TextRegion>
        <TextRegion orientation="0.0" id="r2" custom="readingOrder {index:1;}">
            <Coords points="717,1653 717,1804 728,1804 728,1653"/>
            <TextLine id="r2l1" custom="readingOrder {index:0;}">
                <Coords points="711,1761 719,1762 724,1758 727,1762 732,1762 738,1709 733,1708 726,1711 722,1706 718,1706"/>
                <Baseline points="717,1753 728,1754"/>
                <TextEquiv>
                    <Unicode>.</Unicode>
                </TextEquiv>
            </TextLine>
            <TextEquiv>
                <Unicode>.</Unicode>
            </TextEquiv>
        </TextRegion>
        <TextRegion orientation="0.0" id="r3" custom="readingOrder {index:2;}">
            <Coords points="713,1823 713,2142 744,2142 744,1823"/>
            <TextLine id="r3l1" custom="readingOrder {index:0;}">
                <Coords points="707,1932 718,1932 728,1924 730,1926 733,1923 736,1925 749,1921 751,1865 734,1864 716,1881 710,1880"/>
                <Baseline points="713,1913 744,1914"/>
                <TextEquiv>
                    <Unicode>6.</Unicode>
                </TextEquiv>
            </TextLine>
            <TextLine id="r3l2" custom="readingOrder {index:1;}">
                <Coords points="721,2125 726,2124 730,2117 733,2119 735,2117 742,2117 730,2055 723,2056 719,2054 716,2058 713,2055 708,2056"/>
                <Baseline points="721,2097 732,2095"/>
                <TextEquiv>
                    <Unicode>3</Unicode>
                </TextEquiv>
            </TextLine>
            <TextEquiv>
                <Unicode>6.
3</Unicode>
            </TextEquiv>
        </TextRegion>
        <TextRegion orientation="0.0" id="r4" custom="readingOrder {index:3;}">
            <Coords points="731,1333 731,1483 741,1483 741,1333"/>
            <TextLine id="r4l1" custom="readingOrder {index:0;}">
                <Coords points="726,1454 735,1454 741,1459 746,1459 746,1378 726,1373"/>
                <Baseline points="731,1433 741,1433"/>
                <TextEquiv>
                    <Unicode></Unicode>
                </TextEquiv>
            </TextLine>
            <TextEquiv>
                <Unicode></Unicode>
            </TextEquiv>
        </TextRegion>
    </Page>
</PcGts>
