4000 3000
1519 285 2173 398 fùr bis uff die zytt dz sy
1498 357 2169 469 des kndts gnasen Glongnett
1522 424 2173 532 unnd deselben kein und haben
1535 486 2174 553 wöllen sonnders dise Redenn
1530 541 2155 644 gebrucht unnd usgstossenn
1539 602 2188 711 amlich, welche wöls personen
1528 663 2151 746 Redrit, das mit dem kind
1894 726 2150 782 mit zuchter zu epf
1541 725 2198 835 gange die biegni als kindts
1521 797 2161 896 verderberin zu dem sy des
1532 845 2199 954 kindts zuͦ unzittiger gepurtt
1538 918 2163 1011 gnasen sye unnd domaln als
1558 968 2183 1064 j des kindts gnasen nit zuͦ lasen
1536 1033 2181 1130 wollen, das man der nachpure
1532 1093 2185 1186 wyber, noch yemandts Peschenn
1553 1141 2190 1262 soltte fra in solchen gesthefften
1544 1211 2203 1323 vrhilfflich zusind etc. vermeinent
1549 1274 2189 1377 nun 9 herren s hab ettwas
1510 1331 2161 1434 inngenomen und getrunckten
1525 1404 2198 1491 das zu verderbung der frucht
1564 1462 2188 1560 so s in irem lyb getrebenn
1522 1520 2138 1612 der getragen gedienen hab.
1541 1578 2219 1680 Ouch dise fr frucht diser gstalt
1520 1644 2162 1744 verberg₎ verhaltten ✳ und zuͦ
1541 1691 2205 1799 unveren brunnen wöllen, hiemit
1535 1754 2142 1858 vnnd des nemandt Innen
1541 1810 2154 1931 werden keundte, ouch des so
1543 1871 2137 1975 so geschuldigen, sy gang mit
1531 1927 2153 2042 dem kind verforgenlich ab ir
1545 1988 2180 2106 thun konndte, deßwegen unnd
1525 2049 2216 2167 harumb wellen nun 4 herren
1527 2115 2172 2226 Die grundtliche wartzeit
1534 2168 2202 2276 von jra haben unnd vernemen
1529 2215 2220 2346 bie sy ouch ii verhaltt sonders
1546 2281 2193 2405 wie sych diß alles wie obenel
