4000 3000
2874 268 3015 360 gefaren
2723 252 3483 456 Bach gefurtt. In willens ertwen
2763 312 3470 481 einem zestampten zugäben. unnd
2766 380 3465 558 sig allso den nächsten zu der ob¬
2782 435 3448 630 gemelli zweyen bruderen huß
2792 511 3488 702 gangen, alls zu denen. Er eid
2777 589 3505 756 sein vatter gutte khundtsame gehas
2765 679 3471 833 willens sy in der mülli umb
2810 753 3468 909 prüwer zerätten, damitt er sin
2771 829 3458 973 Pos furteren khöndte, wölches
2774 933 3417 1031 fos er daselbs näben einer
2794 992 3290 1121 schuren anbunden hätte
2766 1071 3493 1216 Ist mit bkantlich, das er dar¬
2780 1160 3437 1264 or ob unnd sy die Wyßen in
2795 1225 3454 1334 angryffen, daser daruor by
2783 1299 3398 1414 der Mpilli flüchig worden.
2777 1396 3466 1513 Denne die ii seck unnd die
2801 1485 3458 1582 i helsing, so bemeller wysen
2799 1547 3380 1652 näben sinem poss by herr
2801 1614 3503 1731 Meggees schüren funden stigind
2801 1687 3429 1787 niemandts annders, dann fu
2802 1735 3479 1845 dann er darmit hin äschen, mit den si
2807 1780 3488 1887 helfingen, soealher zuuesrit gfurt, vff de
2855 1818 3153 1890 Rose bunden habe.
2788 1831 3454 1969 Denne die 11 güt thorn, so
2813 1905 3493 2016 er vor einem Monatt ungefar¬
3293 1988 3473 2049 domeln
2808 1947 3450 2093 lich heinwartz gefurt, alls
2788 2007 3465 2139 Inne zieüschn beyden Baberen
3079 2099 3502 2190 umb die zwor In der nacht
2813 2083 3480 2240 Petter ryben, bekhommen
2791 2140 3502 2314 s9 hab er niemants eitfrömbdt
2802 2216 3488 2385 hatt aber khein heytteren bscheydt
2789 2258 3380 2448 deumb volles geben, so
