4000 3000
2134 414 2827 542 zum theylen abgschlagen, sich daß
2161 496 2827 598 eotten imme ii eronen stuer
2144 555 2827 668 er Imme dieselben vff S Johan
2147 614 2830 718 tag widerkarte, Zuluchen vnnd fi
2359 682 2813 781 vnnd also hiemit do¬
2152 697 2340 786 ze stezen.
2153 748 2817 852 maln dieselbigen 1 eronen von
2151 809 2778 902 Im empfang. Darumb dos
2146 870 2787 982 teurter Hausy wordes alls er
2148 930 2817 1039 les worden, mithit meer gewüßt
2156 1001 2803 1086 Inmaß das er zu dem runmen de¬
2170 1061 2792 1157 selbst gangen, imme sollichen sin
2155 1119 2817 1214 verlunst klagt und angezeyt
2164 1179 2823 1282 wie das er vermeine Reggschyrt
2163 1236 2821 1347 habe nächti also mitt Im gschuupfen
2159 1301 2821 1413 daruff der Smmmen Im gratthen
2154 1369 2814 1470 er sölle inne reggschytt harumb
2180 1423 2817 1521 pfenden lassen, vnnd alß mitt
2179 1488 2798 1587 ein annderen zu im khommen
2177 1548 2755 1653 unnd den handell anzepptt
2181 1615 2806 1719 daruff er Reggschytt vilg dach
2173 1673 2801 1777 hauß zu antwirt gäben, er
2188 1734 2797 1849 wüffe wol das er ime uff
2184 1790 2790 1912 dem abend zwo kronen glichen
2193 1847 2810 1958 doch wo ers im mitt gerruwen
2190 1920 2776 2022 unnd da kiehen, wöll ers
2197 1967 2686 2091 im guttlichen widergäbn
2159 2047 2794 2169 unnd also auch angenz sein
2217 2103 2548 2221 gallt erleytt.
