4000 3000
1553 325 2142 487 Ist Tillin Struch inn
1570 403 2190 541 der keffwir befragt Junstl
1551 469 2214 609 befrage von wegen als dann
1638 526 2180 663 verschier zue eins kindts
1587 588 2160 730 schwantiger, gwäsen, In der
1586 653 2169 788 zin als, sy tragend gwesen
1579 737 2172 876 sy ettlich Reden ugossenn
1552 805 2218 932 und namlich welliche person
1545 876 2233 997 Rede ds sy vmb Eindtsschans
1563 930 2234 1038 die Rede als ein kindts
1560 995 2185 1116 der der beri  zu dem sor das
1575 1071 2150 1186 kind nit hal zwigen zu
1591 1145 2250 1239 an. dwalt komen, vermeinent
1599 1199 2186 1309 nin 8 herren so habe
1575 1257 2195 1376 Ertwas dzs zu bderkung
1569 1316 2260 1446 des kindts dreunstlich, Ingnomen
1604 1394 2254 1511 sol har umb irp bscheid geben
1597 1467 2218 1572 wie es hierum eeganngen
1609 1535 2188 1648 syo sy zudt an. sy hab
1608 1586 2223 1712 ein gwüßt, da sy mit dem
1573 1660 2233 1777 kind gannzen bis uf uf die
1596 1733 2239 1842 zu das sy gwasen, dann sy
1584 1789 2223 1902 ye zu vier wuchen, wie
1581 1865 2191 1975 Ein andere frouw. Ire
1561 1932 2211 2034 Reinigung shegt mit
1591 2001 2193 2109 irx wüssen ✳ hab sy nie
1584 2055 2266 2178 gredt wir rede, das sy nir
1573 2126 2247 2237 dem kind gannge, die selbig
1617 2181 2279 2289 person tiege ✳ als ein kindts¬
1557 2260 2219 2376 verderbern tc. wie wol sy
1588 2336 2225 2450 des kindts me umpfund₎
2340 1834 2404 1907 vb
