808 2396
30 131 715 205 Sig also von Inen bredt wie das dies
12 174 706 244 G vnser Christenliche gmeind wie sy
8 218 669 293 e zur kilchen gangind vnrein sigin
10 258 688 333 der halben sich abgsunderet, Bitte
52 314 707 382 ber m g hene umb verzychung
47 353 732 424 mitt erpiettung zu gehorsamen vnd
52 392 729 470 alles zthun so ein Christen möshe
57 449 262 508 zu stende
48 475 723 571 habt sonst kein zu zug vnd nie
11 536 716 615 kein manshegt ✳ sig mitt in gespilen
37 577 720 661 verenj moser hin und wider zuͦ
49 622 727 700 heren lütten komēn ✳ denen sy hilind
16 696 250 757 gemayet
59 775 691 875 Blichen gstaltt verena moser
67 834 716 916 uß LupersWyll kilchöry Annod
58 891 707 982 sidthar i Jaren sich der widermuf
27 949 690 1034 Erschen seckt angenomen vnd
54 992 686 1073 in ein holtz am buchholtter kug
51 1033 614 1113 widertufft von Nickli Zedo¬
39 1099 670 1183 Sis noch ledig vnuerhlichett
593 1366 655 1417 di
42 1386 692 1474 Hans Bo ust der Kilchory Palm
47 1444 683 1535 Zeiget an wir das er an wib
98 1497 676 1568 vnd kind sine arbeitt des
6 1525 705 1624 webns handtwuch in dienstwyß
21 1581 691 1660 behilffe deßhalb er vermeinte
24 1619 690 1703 mitt schuldig zusen an der Landts
21 1662 704 1752 gmein zu erschynen dan erachten
19 1708 655 1795 man habe den diensten nitt
28 1754 647 1820 darbotten, vnd sidthar
33 1795 640 1874 wälltis gerbes todt sich ex
30 1819 692 1912 an keiner versamlung gwäsen
28 1894 698 1969 Birtet in 8 hunn umb verzichung
27 1929 629 2011 mit erbietet g zu. g hun
18 1979 624 2060 ordnung vnd mandan zu
12 2040 285 2108 gehorsamen
36 2066 649 2149 uff donstag den xxiij aprilis
58 2111 692 2181 im 1567. ist von m g. h. abgeracht
25 2154 711 2227 das man Hansen B0 vnd Madlen Retten,
34 2191 661 2252 mund vor ein gemein Kilchguessen
35 2198 712 2288 stelle in deren kilchöw sy letzstlich enthalt
33 2243 683 2314 und pfauen worden zu einer zihmnsz
18 2300 409 2353 deß debstandts tc
