4000 3000
1508 553 2122 665 nienen hin dann ins ober
1539 619 2111 737 obeihal ganngen und nach
1472 674 2094 799 Iem er widerumb in stib
1541 725 2090 854 vefanters huß kommen, sye
1548 781 2148 916 sin stpfnater darus gas
1491 919 2147 1051 Itm das er ouch einem landt
1544 993 2077 1104 man sole, ein dag ab der
1529 1049 2076 1152 wand gnomen hate unnd
1514 1104 2151 1204 Damit smen stiefnater in sein
1514 1176 2123 1275 hus gsucht, als er aber ii
1518 1229 2128 1330 Dehenn gwäsen, das er mit
1567 1289 2119 1372 sier mutter ouch mit einem
1546 1341 2125 1453 myttli dergstalt ghandlen
1539 1399 2071 1514 das sy wouch us dem hus
1544 1472 2098 1571 geng₎. ist erganntz unnd
1555 1526 2129 1624 gar mit kantlich, sonnders
1578 1588 2155 1685 solichs, wie ouch uf gestrigen
1582 1652 1904 1748 tag versprochen,
1531 1726 2131 1837 I das er danisl in sins
1600 1793 2120 1902 tiefnars hus ij sas und
1564 1852 2148 1955 einschaf gnomen soll haben
1560 1919 2116 2000 zeiht er an, das sin mutter
1568 1973 2101 2065 paw das schaf als er sich
1576 2031 2119 2119 welichen ehegr erkonptt
1576 2087 2110 2180 und im darzu ein kaiß,
1576 2151 2181 2244 snnd der ander basen, als dunter
1582 2207 2140 2298 ii daheim gwisten hab.
1555 2258 2149 2362 im sin bruder Hein jutzes
1558 2314 2063 2417 der sunder kasn erbenn ec.
1550 2399 2123 2507 hatt sonst all artickell
1575 2474 2144 2581 s im fürghalten mi necher
1556 2524 2169 2624 maln versprochen und vangwurt
1553 2586 2177 2691 Darüber ei wiher bspantlich
1593 2644 2117 2752 in wit sonder es gentzlich
1567 2677 2141 2818 Darbi bliben lassen
