4000 3000
1777 502 2461 635 uff donstag denn w tag meyptn
1789 558 2445 679 In 167. jar in bywäsen herr
1794 615 2407 737 Barth Pfisters des ratths ✳ dauid
1794 682 2401 798 von Pomerstall der Burgeren
1800 744 2407 850 Gallig Buldis großwytelle end
1953 829 2350 937 Hannns Schwend
1799 918 2379 1038 Ist zu Marstili Ha aber
1824 973 2443 1088 mals dem Hanns Schwendi für
1848 1048 2416 1154 ghallten worden unnd ermant
1842 1112 2404 1212 worden, nach dem Im des ver
1839 1161 2389 1272 tags ein vrdenck zu
1840 1237 2446 1327 gelassen, solle er nu sine begangen
1846 1305 2423 1385 ne fäler vnnd heanndell willig
1840 1356 2425 1439 klich anzeygen. Diewyb man
1849 1409 2418 1504 gutt wüssen hab, das er ieer
1847 1471 2422 1554 dann sie vermögen sig in wirts
1846 1516 2420 1605 huseren zuere, vnnd ein sollichs
1859 1578 2381 1660 müßig gange läben fure, das
1843 1639 2392 1731 biderblut sich vor Im zebesorgen
1858 1688 2024 1753 Hebindt
1846 1739 2423 1841 Hirüber ist sin antwürt, was
1872 1813 2428 1907 ergestern von den 4 schaffen
1858 1875 2401 1959 so vnnder zwuren gestolen hab
1858 1920 2427 2020 ouch von den verkhoufften laden
1859 1974 2430 2067 so aber mit waren ec. Shant
1868 2039 2443 2127 hatt, darby lasse ers nachmann
1846 2091 2436 2175 blyben, vnnd wann man im
1851 2134 2402 2230 schon mit der martter anhaltte
1858 2192 2414 2278 wusse er mit withers, dann sice
1849 2245 2433 2340 gott beuelchen unnd nin 9 herrn
1864 2293 2400 2397 umb gnad unnd erzychung
1872 2336 1986 2430 pitten
