983 2615
211 125 899 211 Lunder dann sinen furlegtt, vnnd
237 186 929 282 also Imme den rächttschuldigen vorhielte.
233 246 893 350 doch vermeine er sollichs über khein
231 314 895 413 frostung gethan zehan. Dann imm
245 365 912 460 mit gewussen noch Ingedenck, das
249 432 924 521 mann frostung ze von im genan¬
246 487 926 584 men gägen dem goldtschmidt Zeolos
206 573 924 677 Es sig aber nit minder, dann dasge¬
235 638 917 724 vor ertwe zytts ouch mitt dem goldt
243 685 911 792 schmidt sige zu vnfryden worden, von
244 761 906 842 eines bächers wägen, domalen wie
255 807 866 900 rindt sy beyde alleide for herr
243 861 900 957 Eriboletts oberen hußs thür, vnnd
265 923 892 1008 alls er hörtt eittwar oben abhär
269 974 944 1072 khommen. ließ er ab vom goldtschmidt
259 1040 881 1131 vnnd greng gägen den schütze. Zäche
235 1081 880 1184 wol das es Anthein Kiber der
639 1139 916 1230 khartt sich dar¬
239 1159 549 1241 weybell wäre.
262 1198 921 1294 nach baldt widerumb vff den blatz
268 1258 880 1353 zegan. khämme ouch noch darzu.
273 1319 883 1411 als noch ettwas Reden vom ange¬
270 1370 899 1473 fangnen handell. ergrengendt ver¬
283 1425 881 1504 meinende. sy wurdende mit aehn
280 1474 879 1569 das er vorhin do gesin wäre unnd
266 1538 913 1621 willens gefragen, was da vnwonws
287 1586 898 1678 ergangen wärt etc. Darby gr
284 1646 909 1741 sich wol erinnere, vnnd lichtlich ab¬
279 1718 898 1800 zunamen sige. Das er gagen dem
292 1763 898 1869 goldtschmidt Seelos In khei
273 1837 713 1921 frostung gangen sige.
197 1882 899 2010 uff montag den xtag hornungs
269 1966 935 2074 Ist Ehenradt Hubell von wagen sins
263 2030 919 2119 Erostung bruchs Im ain usseren
264 2089 908 2202 tächnn generigett worden, vnnd
276 2155 905 2251 vor bhatt erkhent miner gch
263 2211 928 2306 statt unnd lannd zemyden bis
286 2282 956 2378 zu erlegung E lb eynung gäbe
