4000 3000
2787 366 3390 461 schwëbingen kiegslauffen habb eben
2794 427 3383 534 sarf sy gëgen ein annderen waren
2802 490 3383 578 bruchnden. da einer diß drau
2802 548 3372 636 der des infurt das Junst
2808 591 3372 690 bedunckt, ettlich gsellen vost
2813 655 3383 747 muttig vnnd mitt Reden Zeuil
2806 710 3391 809 muntwillig sin wöllen. Daruff
2794 760 3339 869 Imme solliche vedr leyder
2805 840 3050 924 eingangen.
2796 904 3391 1001 vff Fryttag den 28. tug Februarii
2812 968 3387 1059 ist von mine gu h. disenn Chri
2807 1022 3346 1106 stan Eyachen zu gultt straff
2803 1073 3231 1161 uffgelegt ouch xx ✳ lb
2869 1182 3175 1271 Anni Rorer
2784 1277 3369 1388 uff fryttag dem letzsten tag
2775 1336 3359 1435 hornungs in pegenwurtigkeytt
2777 1393 3374 1490 herren Nicklaus von Braffen
2781 1440 3348 1531 riedt seekolmeystenn und des
2771 1490 3358 1586 Rhatts Abraham Müßlin pre
2777 1533 3368 1632 dicentte, Balluß paldi groß,
2781 1606 3001 1685 weybels tc.
2720 1638 3348 1748 Ist in der Insell Anni Rorer
2760 1705 3374 1805 von habstetten fror widertuf
2733 1759 3341 1850 ferischen ungehorsame halben be
3133 1809 3374 1890 zeigt an wie
2731 1822 3034 1908 fragt worden
2735 1844 3373 1954 das sy ungefarlich vor 1 jaren
2745 1913 3359 2005 als sy ein bu zu Alp hab triben
2740 1959 3374 2058 hab sy wältti gerwer gehortt leßen
2738 2013 3375 2098 und von im beredt wa sy aber
2744 2067 3364 2152 gefaltt wolle sy sich lassen vnder
2761 2108 3355 2201 wysen und gehorsamen, sitte
2744 2154 3366 2259 in 8 hewen umb verzychnng
2829 2218 3322 2321 uff ersten tag meutzens
2752 2294 3290 2370 hatt Anna Borer an eins
2773 2324 3364 2418 byds statt gelopt in g herr
2768 2371 3326 2467 oordnung zospehersamen
