850 2369
671 42 713 95 96
51 65 713 201 zwöy wansell, deren alls man
61 126 723 228 vermerckt eines Bomtsinn das
53 184 688 305 annder schürlig ist unnd
47 245 712 373 Wytters noch ein käß usse dem
65 333 525 428 vorkäller genommen.
63 387 716 511 Iume hett er anzeyget, wie das
76 456 717 580 In ouch die allei Saluigeren
97 501 705 605 mitt wortten anzogen vnnd
91 578 696 693 vrmögen, das er inen by
87 640 684 761 v oder ein malen zum tag
90 691 707 820 ein leyb brott bracht habe.
87 814 769 929 Blycher wyß der alle Zallungen
103 879 682 979 dann eins den zway mäß
93 939 736 1041 haber unnderwylen zugetragen.
96 998 763 1105 das es sich ongenarlich aller haber
98 1057 727 1156 uber 1 gittt träffe, sagte
100 1124 747 1219 dieselb zueinn. sy wöllt es einer
106 1183 770 1284 frouwen gäben, die hiese Margrer
101 1246 773 1348 vnnd habt vorhin ein schnider ghest
106 1300 765 1412 unnd sig mitt wytt usdr Frachuß
104 1363 254 1469 gehuße.
56 1449 708 1562 Ittem nochmalls befragtt, war
75 1517 729 1620 die syendt. denen erkouw vn
89 1587 740 1701 Strauw us sines Meysters schure
114 1661 729 1763 verkhaufft hab. Gibtt an
104 1720 734 1826 eutett sie wüsche iren von
95 1784 740 1894 men nitt. Jedoch wo er sy sache
50 1838 715 1949 wölte er wol khomen. Ober
83 1906 707 2017 der einen frouwen man, far
90 1976 544 2060 mitt einer bännen.
