733 2446
626 76 677 134 19
41 89 685 174 Dannenshin in welsch land
58 130 644 230 gefùrtt ✳ den selbigen umb
37 198 532 282 vi kronen hingaben
66 262 701 358 vnd zu Chärsatz dem schärren
62 319 673 408 seligen ein beunhaibe gueren
47 380 676 464 hinwag triben und zuͦ Friburg
57 424 594 523 umb vi krouen verbufft
24 536 684 647 Item bnuerr von Patterlingen ✳
42 609 680 704 hab er ein pferdt entfrombdent
35 665 691 754 dasselbig zu Thun vmb ein münch
19 731 686 813 vertuschett ✳ den er an zuͦ beza¬
33 787 680 878 lung einer scheld hingäben hab.
14 870 679 960 Aber ein fùly ab dero von Thier¬
14 933 672 1018 acheren allmendt hinweg triben
14 987 681 1076 als Ime aber dasselbig in Buggisth
23 1050 662 1137 benger almendt entgangen sige
15 1098 663 1196 es einem von friburg ✳ ders für
21 1152 666 1249 das sin angsprochen) zu handen
30 1215 342 1288 gsteltt worden
1 1297 641 1387 Item Foglix daler zu sefftigen
14 1360 656 1440 ein Sattel genomen, der Ime dar¬
15 1408 503 1488 nach vmbhin worden
0 1499 662 1589 Denne im vorigen Jar, hab ee
3 1561 663 1639 dem Jörg Rätzen alhie sein brun¬
2 1609 612 1687 farben munch, ab der haberzolg
3 1661 646 1738 hinweg gfùrtt ✳ willens den selb¬
9 1713 639 1799 gen etwas zytts zebruchen, der
14 1762 645 1851 aber hie zwüschen sinem meyster
4 1823 633 1908 uff der zelgg zuͦ Biggischperh
7 1876 640 1960 verzeygt und zu handn kommen.
