725 2378
619 76 645 115 8
61 83 694 179 jez zinstags zunacht zessen inn
73 142 663 241 ir huß geladen. unnd alls sy
77 198 707 276 mitt einannderen frölich warendt
74 251 674 353 begäb es sich, das der Buger
78 313 683 414 einer mitt einer gygen den er
74 373 661 454 nie vorhin khent hatt, da für
68 431 633 525 gieng. ze buß zum hirz
69 484 637 598 daselbst er ettwas spillett
65 566 685 660 Do sagte sin gefatteren. In dero
75 629 627 719 huß sy zu gest warendt
55 686 630 769 er sölle mitt iren zu ir
61 751 635 841 besten, der witin zum Hirtz
57 802 658 898 den Gyger daniez abhin, zu
295 862 469 901 verburtgertag
251 865 286 901 11
61 857 669 950 inen zefuren, Also volget der
65 925 666 1015 Byger inen nach unnd zunt
52 977 638 1079 inen die jungkfrouw vom
67 1035 625 1108 gtzen heim mitt einem
62 1094 637 1179 heytteren Liecht Inn dem
570 1146 616 1192 tol
57 1151 639 1238 donam sin gfatteren inne by
43 1200 654 1297 der lanndt unnd spräsh zu im
42 1255 646 1357 er soller ein däntzli mitt Ir
38 1317 671 1415 thun, vff das schwenger sye einest
44 1369 646 1463 oder zwuren vmb zum selben
52 1416 626 1509 bäuw der weybell. Annhegst
42 1486 641 1576 stig es mit ergangen. Splichs
43 1518 615 1616 hab sy noch vor den minen
61 1581 607 1664 vorluffen. Alls er die wacht
27 1639 605 1729 vmb die halbe mine, vffrufft
