853 2427
692 96 758 144 126
50 96 758 237 Erstlich weliches sin Erste Er
60 162 768 286 frouw gewässenn, vnnd wil er von
54 234 461 336 dra gescheidenn st
80 285 774 395 sygt an alle s zum ersten sich
57 361 779 463 hußgeblich zu dirachttsen selz
19 411 721 504 wolt, habe er da selbst, sich
25 476 751 561 mit Elsbett Hoffstetter ver¬
32 519 765 626 eelichett ✳ ouch den kilchgan
488 586 748 640 songetalibn
54 594 742 693 gethan ✳ unnd nit ✳ jaa achtt
7 659 27 688 e
-2 658 760 752 4 Jar Hußghaltenn, nach dem
-2 713 757 800 e abs in das Bicartte zech
-2 771 783 850 h frig hoch ✳ unnd also im pine¬
56 826 778 926 die etwas zitzs zytts uerharrst
47 880 761 980 vernem hie zwuch zwüsch ein
46 941 721 1035 sin frouw das se mit einer
7 1005 745 1105 anderen gefalt hatt des
22 1059 737 1160 halb sya die elfbett sich
4 1120 713 1194 mit Reht hatt vonn nn
6 1168 549 1270 lassenn schridenn,
43 1425 762 1538 uff das seg s fast andertthalb
39 1498 748 1601 jar mit sinen sthutter künch¬
30 1556 717 1647 tnnn uff der jor unbartzoge
36 1617 710 1708 Do duncket in nitt gut zu
36 1672 714 1765 sin lenger also on inbuß
40 1722 732 1826 frouwenn zu blibenn ✳ daruf
46 1777 723 1889 gen er zu getz btruder sinr
53 1835 670 1931 abgeschridnen, die gütlich
23 1873 709 1993 fragfnnde wie der handelstür
43 1946 626 2036 ndt dar bis ouch Inn
28 1987 648 2112 vergungen den schridtriff
49 2053 619 2165 vor zehassen assen
