4000 3000
1674 431 2086 551 uff Mitwuchenn
1560 536 2300 654 Denne den 22. tannrs im 167t
1568 612 2280 712 Ist derene gnagy in der fron¬
1586 678 2256 762 wen kofy von hergroßvewst
1570 733 2301 828 dergliebt wie auch ir vorgenampte
1576 788 2273 902 schwöster gefragtt wordenn.
1551 879 2268 1010 hatt anzeygtt, sy dragewykein
1585 963 2272 1070 schuld, das dra schwöster söl,
1586 1027 2289 1139 lischs wie obgemelt verhandlet
1576 1083 2270 1181 lob dann sy irenn mit wüß
1578 1144 2286 1239 sen nizit zu duss brachtt habe
1585 1191 2259 1297 frunders snder wägnen feil
1573 1249 2283 1351 dragen und anderlutenn vnsetz
1576 1307 2267 1418 on dr zu thunn, abere sy für
1567 1368 2288 1482 ir pitsenn habe meinants nützit
1586 1449 1927 1548 gnonn dan
1576 1522 2283 1635 din sagtt sy si habe zevar
1588 1601 2273 1701 vmb kein rattzedet geworbenn
1580 1665 2262 1759 all bie den der statt Hußhff
1597 1722 2274 1813 lich zu sötzenn, vermeint aber die
1601 1772 2257 1855 wyll ir man Nicklauß Schmid
1601 1835 2251 1926 so von hinen fürtig ira albid
1599 1891 2223 1990 ein gus epfangenn unnd s
1606 1943 2263 2043 dorem gfurtte, so dorfft es kein
1597 2010 2228 2098 witterenn erlauptnuß habe
1605 2059 2280 2142 des halb Inn Bendichtt Kinder¬
1610 2108 2085 2193 hußer irt wonung abs
2108 2117 2254 2181 ir man
1609 2155 2274 2254 diene jatz mal beim vogtt zu
1604 2203 2224 2288 von Braudysß, sowil nit
1600 2259 2275 2353 wytders wyll sy keins anderse
1595 2315 2256 2395 Inhugs anred sin, dann das
1590 2361 2275 2453 sy ein krancksenn bresthafftenn
1601 2423 2243 2501 mensthen zu jeren zu des
1586 2460 2266 2565 buß ggnonn, den selbigen
