4000 3000
2129 455 2581 567 Ihers halb bscheid geben.
2587 501 2703 577 das er.
2101 534 2667 640 im er und ye uff sttzs
2158 580 2233 657 .
2114 607 2149 646 E
2088 615 2679 750 I als man ing fachen wolen.
2082 693 2316 789 Ist eined
2068 761 2687 865 Spe nin undr dan das er von
2073 823 2674 924 Den landtmur zwarnen ab¬
2098 885 2693 984 zuweren ein zin lang bis de
2062 925 2699 1034 Hanndet besser wurde dase
2074 986 2694 1091 er Ins obersybenhat gab
2080 1036 2638 1144 als er widers in sins
2086 1090 2699 1196 stief varers his kut₎ speder
2077 1160 2661 1265 Strefnater daruff gas
2171 1239 2672 1336 das er eien tadta
2164 1306 2638 1402 degen ab der wand e
2094 1361 2710 1463 schaff i bas, als er sich valche
2082 1430 2702 1523 ab er zu sier wer gsag
2068 1484 2664 1580 s hab rede geschwüsterde
2084 1533 2677 1641 schaff Erb hab er die mutter
2085 1605 2687 1699 ankhern ouch umb ein shat
2041 1652 2710 1755 Ankherr den so in besilligen
2080 1712 2690 1801 ol vns neien Itm z en kas
2065 1760 2646 1846 erkonpt, den andsrn fas
2057 1816 2690 1928 dann vrade ein meytli vnd so¬
2057 1875 2700 1980 bruder zn geben da sye die muth
2075 1937 2699 2032 in ju isz istin die undi
2056 1975 2268 2052 4n thet
2058 2007 2671 2119 Als In zwen als dey wellen
2062 2058 2669 2172 fach, das er sich guren in
2064 2132 2647 2228 weiln fach lassen, hab z
2041 2171 2657 2275 nen isch gseytt vd inen das
2050 2235 2452 2338 recht fürgschlagn
2046 2284 2675 2405 zleißn als er gfale hab erwr
2032 2340 2672 2448 mus sii mit gnosz i daro
2037 2399 2655 2497 bon mochte gschechen sein als
2034 2453 2666 2558 des Rechtens nu ersttig lassen
2050 2493 2679 2592 wellen, In sehelmeyster wolt
2041 2542 2701 2654 hah by der oberen gabt wd
2916 434 3181 550 ein re
2731 413 3435 653 de seenng s
2746 491 3398 708 eher dene sid
2750 570 3437 753 ein ghandten dan so auff den hans
2773 713 2981 811 guesste
2773 721 3423 891 Iste ein anred das er y einand
2765 803 3418 963 getrouet habe, mnn sol sich
2762 863 3409 1015 Waß erkendigen, wung ein frkind
2777 936 3409 1073 sacht vonn In sache, wele er
2794 1006 3203 1125 Stern den 1od diben
2805 1069 3412 1196 s stieffetters heitders
2788 1146 3384 1258 anglegt sis da erlassenn
2767 1260 3459 1370 Ammpon Bätzli moch er gsagt
2777 1330 3373 1419 haben er muß zu min mir groß
2776 1388 2914 1478 fuche
2766 1433 3364 1542 sin bind heis hini intzeller
2800 1531 3472 1663 sye wol Ins stickend hessges
2761 1584 3469 1698 der vnt alhie gsein das erwol
2782 1643 2987 1731 ewus
