969 2571
264 88 909 222 Denne der Ped so er vsgossen hab,
265 190 911 276 wie das Hüpsthe wyber sigind die im
264 244 884 345 cleyder gäbind, das er sy bschlaffe.
286 314 936 411 dige söllcher gstallt mit von Imgrede
284 380 882 469 dann das er von sinen gsellen
279 433 940 540 gfragt worden, wo er die hosen khöuffe
275 494 925 597 hab. hab er inen in schimpffs
284 538 916 657 wyße die antwürt Hursthe fruuwn
282 604 921 740 habendts ihm gäben unnd mit wittr
284 683 615 806 dren ghenckt.
289 797 922 889 hieby will er mit anredt sin das
284 864 875 940 Er mitt Elßbech Furstorff
301 919 893 1003 ein fäler hab begangen und die
301 977 910 1061 zwey parhosen. hab sy im verkhaufft
300 1050 898 1129 zu bezalen, nach dem sy wrt und
300 1110 636 1191 gscheze mögind sin
279 1157 923 1293 Denne zu leichtoren haber mit
314 1256 913 1358 kheier meygen Matzen ze schaffen
305 1327 868 1428 ghan, noch vil minder jra ix.
303 1397 599 1475 bägen genommen
314 1491 906 1602 Wytters zu Stäffigburg. wüsser
314 1570 901 1661 niemand, von denen er galt habe
305 1628 893 1721 genommene noch schuldig zesin.
266 1685 885 1807 Vnnd Böuge zu wichteren, auch
306 1752 852 1838 der sybmacher habind mit
302 1800 922 1911 gelichen. Denn allein i Lur
308 1855 533 1951 ner sthilling.
279 1933 923 2073 Denne Als Ludwig der wirt
296 2037 913 2150 zu Münsting₎ zu signouwam
290 2098 891 2195 Mart vbernacht blett sig er
296 2158 886 2255 nit by im gwäsen, sonders gehn
291 2224 861 2321 gan steinen zu Ullinschrötter
768 2303 881 2382 grite
