4000 3000
1552 103 2103 225 Manded
1983 196 2065 234 man
1579 189 2203 315 verliege, unnd wann in tegg
1596 266 2206 401 schyrt, also beschickte so wurde
1594 350 2237 469 er sagen, er tätte in das forgeit
1558 430 2202 545 Beckeent sich unracht hieren
1596 496 2190 618 gethan haben unnd rittet
1614 575 2231 664 umb verzychung Ist aber nit aede
1600 635 2175 710 der deselbst zu richteren mit dermen
1577 686 2263 766 handler, vil minder de er hra müsßathen gnomen habe
1584 728 2238 822 Denne zu ehet sig gmnit
1604 786 2218 890 Ingedenck das er ye by ettwar
1595 848 2202 968 zu Thun übernecht dr sich
1613 912 2230 1047 zweyer Eidmen hosen beudelln
1613 999 2218 1110 verloren erklagtt habe. Darzu
1600 1074 2176 1169 haber nie zu Stäffis bure
1609 1147 2203 1249 iren zweyen jeden ein kone
1613 1194 2179 1308 so sy verloren habendt wider
1600 1272 2183 1398 geben. noch söllichs hören ge
1607 1339 1760 1445 dencken
1745 1404 1857 1492 her
1587 1446 2210 1570 Deßglichen zu Balistal it
1612 1544 2205 1633 onnerr von Giglen an einem
1603 1601 2206 1701 buttlouff ein beschlagn messer
1606 1668 2186 1763 einem ab dem tisty gnommen
1606 1727 2248 1840 unnd in busen gstossen hab, wolcher
1603 1789 2230 1918 er im hernach wider gaben habe,
1596 1854 2190 1972 Ist er in dhemen wäg nit
1612 1933 2181 2035 anrede noch bkantlich habs
1604 1977 2218 2107 ouch nitt geschan noch jemendts
1604 2039 2144 2179 ghoret der sich kllaget habe
1593 2154 2201 2307 Beerer gefr ist im fürgehalten
1616 2242 2175 2375 wie das er so man in frage
2383 2374 2438 2439 le
2390 2435 2446 2509 l
