1001 2722
146 94 877 260 Begennde er als er vff ein
158 182 765 308 ott alhie in der schal
95 246 922 404 Lnd dapven verheyssen iinnen
132 309 901 467 ein gutt₎ kaffenn zu verkhouff
114 402 926 536 hab sich darnach begaben, das
124 455 849 609 imme daoben zu Schonegk
136 533 897 653 in gmeyner weyd so man in
102 575 881 696 den öchelen neugett ein halben
127 653 924 757 nach gangen sye als ob sy gern
128 695 816 810 lacken hätte die hab er
105 748 821 880 Hieder mit im hinwag
121 821 856 929 gfurtt dieselb Hans Darwen
126 875 852 994 zu Rümlingen umb  v.
119 945 893 1050 fronen minder j dickn 5f ver¬
108 998 852 1113 khoufft, vermeynte disselb
110 1090 860 1187 khalben were verloren gangen
83 1146 906 1248 wisette nit das dieselb Hansen
95 1218 845 1303 wasen woren wäre biß das
101 1262 890 1365 im sen schwächer Vllifir
105 1315 825 1418 ga ansagtte unnd inn da¬
82 1369 855 1488 umb beschieltte darzu im sin
74 1440 847 1547 pfrouwen mit im seym nam
63 1514 866 1628 sittett ucl min s herren umb
79 1569 853 1682 ver inhulig dan am solchs uss
66 1621 799 1729 Hundeetenns widerfaren unnd
75 1694 849 1789 armutt Diewyl das wätter
66 1738 809 1848 daoben vbel gschlagen, unnd
63 1790 822 1910 ein fronw so groß mit dem
59 1841 781 1960 kynnd gang₎ sich fast ubel
45 1884 768 2023 ghan das sy also mangel
52 1953 818 2096 an Iren Ghinden müßste sach
55 2015 741 2164 ist ein mal far Zum
54 2071 707 2199 andren mit dem Kkleynen
202 2127 245 2160 de
36 2126 696 2250 steyn uff vnnd dannochen
52 2164 810 2301 noch der ander stein ansunden
55 2219 325 2316 worden etc.
33 2270 769 2413 Ist begnadrtt vff ein guein
38 2309 760 2471 urfech mitt abtrag bes costens
79 2372 574 2489 Anctu den i ererbr.
