1101 2695
338 167 1069 301 unnd also inne mit glatt wor¬
406 237 1053 339 tten vberredt sig alsa mit inen
417 271 515 311 kilchen
339 274 526 350 zu zogen
531 309 1056 415 habe usz forchtt mit mehr
386 328 1027 458 khomen gneder inen abwichen
396 397 1023 493 unnd im fürgan wie er nur
383 463 1038 565 xx ✳ wuchn mustte by inen sie
380 492 996 626 Inn dem begab sch sich allen sy
395 584 1020 676 der khander nachetten habend
397 642 1033 756 sy im benolchen ersolle stäts
382 709 1000 798 acht uff sy han vnm mt von
364 757 1067 865 Inen wyshen darey auch mit nomen
374 831 1030 929 dahin ghaltten das it so balder
395 896 975 984 einen gstiche khomen er ire
395 946 993 1041 syn wortt zeythun gabt, als nun
384 1005 1011 1093 eyner, gegen der khander brück
374 1072 1003 1161 zu grengen habend die zwenden,
376 1110 972 1204 sollen am ersten ersachen, ober
373 1177 989 1271 deser khuab inen hab masen an¬
375 1218 953 1313 zwgen unnd sigend de die
378 1273 971 1379 zwen dem Eusganden gsellen
371 1334 982 1432 fürglüffen inn mitstäcken
363 1381 985 1474 zu Tod gschlagenn, der hab
358 1440 979 1541 Hupsche Bleyder anghan, doch
364 1505 982 1593 im Gosen anglan ✳ unnd in
363 1558 1036 1646 hiemit in die khander gwor¬
365 1614 1019 1698 ffenn, sampt desselbign gwer
367 1662 993 1744 Deß rocks habe er nitt war
363 1722 583 1815 ggnommen.
358 1795 967 1892 Deßglichen unnd wy blybt
390 1861 1005 1944 e noch uff einem vorigen an¬
378 1900 967 1990 zeygen das die wen, noch
377 1946 960 2047 enen Inn derselben gagne
388 2014 955 2104 wie ouch den vorigen mit
385 2065 973 2155 stacken habindt uibracht
375 2125 968 2217 unnd denselben vergraben
386 2176 1048 2261 unnd wiewol man im hirimb
351 2244 1037 2311 fürhieltt man habe doch daselbst
