3024 4032
939 142 1815 302 Bald darnach habind sy zweschenn thun
986 229 1819 357 unnd kisenn eyn mass aungetroffen und
968 300 1824 415 Diewöl eyner under irer gesellsthafft, städt
977 351 1788 495 In synem Ermel, voborgenlich von Tholtz
1013 430 1813 547 etragenn, ouch derglychenn than, als wolte
990 486 1826 630 er frundtlich mit dem luthen reysen. Habe
1007 551 1815 682 er dennselbigenn haufm gezogen, beindte
985 637 1841 748 Man zuglych, wie ouch anndere mehr damit
1016 707 1825 816 ermürdet, was sy by ime gefunden geroubet
980 772 1835 903 unnd harnach inn inn eyn gstrupp geworffen
980 835 1401 934 vnnd sigenn laßenn
960 988 1842 1103 Wyters habind sy obenthalb Langnouw abermalen
1026 1062 1833 1177 nit wyth vonn dem Wasser hlfis yn man
1008 1134 1813 1237 wie ouch anndere hienor) augriffenn, den
1024 1210 1844 1316 God erschlagenn unnd die wyl sy besorget, wann
1035 1273 1840 1361 vn Im zun das wasse würffind, eo bald ges
1027 1326 1838 1450 fundenn wurde, sye er im eynn gstinppgen
1040 1389 1342 1498 zzhogenn worden.
1031 1529 1850 1658 Item so habe er synenn gesellenen zu lengen
1052 1633 1854 1693 bach gholffenn en dypche offnen und gält
1060 1685 1800 1769 darus eintfrömbden, welches sy im
1031 1730 1845 1825 Baselpiet inn yynschürli verborgenn. und
1066 1794 1837 1900 als sy darnach zu Gäbweis mit eyn
1059 1852 1840 1946 anndeenn truncken, Habind sy sich vr
1063 1913 1863 1996 wagenn zu merdenn. Das sy eben alle die
1047 1979 1803 2085 wyl er by dnegfen nit verbracht.
1037 2047 1873 2190 Benne zu Schwandenn und Hopffren killen
1064 2149 1847 2242 vnnd spyche vfbrochen, wie dan deselbig
1050 2207 1619 2305 Bendicht gott lievor anzeygt
2766 54 2835 136 58.
1904 89 2774 306 vyter habe er mit helff syner gsellschafft zu
1869 147 2878 348 Ampenmact vonn spycher (gröffnet, dsans wastelen
1912 207 2822 384 nkommenn, mit renerentz huredi denn zunden fürge.
1861 256 2871 443 worffenn, damit sy nit sollind. Harnach ouff uß dem
1918 306 2878 492 lbigem fleysch, slleyder unnd anders mehr entfromb
1920 470 1983 544 det
1904 530 2827 714 vyter hat erouch verzächenn, das er mit eynem
1939 614 2834 779 Gladi Müller heyße by Rugsome uffeynem
1916 688 2811 841 Hof uß syynem käkler käy fley th und eyn
1920 805 2313 903 lyb brott eintragen
1889 880 2839 1041 Item byteymiswyl uß eynem spycher yn
1896 960 2844 1091 Beckele, darum by 20f galts gsyn gestolen.
1910 1097 2839 1235 Denne by Eriswyl uß eynem spycher etwas
1924 1153 2731 1302 das sampt zweyenn leybenn grot enzuckt
1947 1257 2859 1400 Denne im Tschangnouw by dem Schallennberg
1940 1339 2847 1468 ynn kalbe vsprochenn unnd darus käs unnd
1930 1440 2289 1538 brott errntrupet
1937 1546 2849 1652 Verne Pete Schenncken Inn der sy ey Spych
1965 1616 2838 1730 öffnen wellenn, daryn abe nit kommen mögen
1983 1745 2761 1856 senes uff dem Buchholter Berg
1942 1801 2716 1927 uß eynem spyëhe, etwas galts feyn
1946 1888 2670 2002 Wyß par hosen, als ouch etliche
1956 1955 2346 2061 Hembli gestolenn.
