3024 4032
958 46 1876 270 Deme abe weder gehorsamel, noch
1009 178 1851 334 gelept, sonnders noch vber diß sich zu
1003 242 1852 400 anndres heting, so de toüffrischen
1000 308 1859 463 pefanhenn seck ableding ein egläben
1007 365 1174 422 verküat
1028 381 1883 529 gathe, da eo dann egriffenn, zu ihm
1013 440 1874 593 duich dem herren schulthyßenn ynzogen
1021 518 1896 675 gefencklich alhar geschickt unnd uff hamten
1019 611 1863 738 den 20. februarii diß jahrs durch
1019 662 1886 769 herrem Christoffel Luthhart unnd Herr
1003 731 1886 855 Steffen schmid die gelehrten, inn by
1027 797 1901 928 wäsenn de edlen vesten, kommen für
969 870 1892 1006 nnemenn, Ersamen, wysen herren Bech
1025 945 1902 1065 vonn ehrlach deß Thals unnd Ricla
1003 1013 1875 1139 vomn Mulmen Großwybels in
1004 1104 1889 1222 ehahns grundtlich exammiert syn
1007 1170 1898 1283 erthumen gnugsamm expupniert und alß
1025 1228 1886 1334 widefochten wordn, das er nützit
1022 1301 1855 1425 widersprechen können, noch mögen
968 1383 1905 1521 Das abe alles an ime nit so nt
1040 1491 1899 1588 eheblichgsyn, dan das er sich nochmeln
1023 1550 1894 1647 ustrarkennlich unnd unnd heyter ent-
1036 1618 1903 1723 schlosenn von syne gefaßeten meynung
1049 1671 1896 1777 nit zewychen, sonders daby standhafft
1037 1733 1875 1836 tigklich zeueharren unnd zu stebenn
1062 1803 1902 1908 udem ouch (wie er sich dan schon zu
1044 1875 1915 1979 Chim resolmert vermeldet, vnnd grodt
1034 1934 1883 2022 wann man Ime schon vnzalbarlich vil
1049 2004 1873 2100 syd ufrlege, vnß meyne edoch selbige
1046 2062 1918 2181 zu halten ii schuldig nach pflichtig
1037 2129 1879 2247 Item ob erschonn verschine Jaren alhie
1030 2196 1857 2316 von uferhabnen syd am chorgrecht
1032 2268 1845 2384 gethan, sye doch deselb wider synn
1057 2333 1809 2430 wüßuf beschëchen syn mund das
1037 2384 1839 2507 bekenndt, das haitz aber sye unhr
1046 2439 1889 2552 dauon gsn dann er den nit fürbillich
1029 2485 1255 2599 geachtet
1642 2550 1848 2673 Die wyl.
2862 10 2922 62 26
1932 32 3001 272 lugewey szu vor der sye gebotteen a
1987 85 2990 303 dingenn nit zu schwehren. Item wan über gel und
1984 149 2983 385 meüsster wider gottliche beschrafft, wie er dan
2006 188 2968 410 ebennd diseren vil nehr unngegeundte aigu
1995 243 2994 482 ment, zu so nem vorhabenn nit die reüde vn
1990 419 2194 569 ghet
1982 381 3000 626 rnebenn ouch nochmalenn als Cunar usge
1987 449 3003 697 goßenn. Er halte diser kilchenn und gmaind
2004 532 2950 745 alhie nn für en christenliche kilchen
1967 603 2935 813 Die wyl sy den baan nit habe, dann
1989 659 2928 877 Paulus sage, man solle die heren unnd
1996 747 2878 950 ehebreche gesschließen, welches aber
1997 817 2981 995 unnder uns ind beschechen, deßhalb er dißer
2000 868 3003 1080 gmend alhie nit fer yn Christenliche klchen
1998 954 2952 1115 achten könne, doch gloube er das etliche
1995 1039 2973 1165 frome darundersend. unnd wan man den
1953 1096 2950 1252 Bann alhe hielte, welte er von uns nit
1967 1236 2202 1309 Wychenn.
2019 1328 2994 1455 dann nun solliche gedachts bummaus gegeb,
2013 1413 2997 1517 ne anntwort hochgenampten wyer ger herre
1990 1480 2975 1581 vnnd oberenn gepurlich relatiet worden
2005 1535 2999 1638 hat ir gnaden gfallen, dem frommen fürnemmen
2003 1599 2959 1717 Ersamen Wysen herrn Bolg imm Tag deß
1977 1675 2911 1773 ghats jebenëlchen, este büterten Buman
2028 1738 2959 1837 nochmalen zu Marheli zbefragen. ob er ab
2040 1812 2980 1915 tan unnd sonen gethanen glupten geleben
1975 1870 2910 1987 welle oder nit. De hat angentz sach
2027 1914 2915 2051 erlütet by syne gefaßeten meymenig
2023 1971 2941 2115 allen klichen zeverblyben, und ob man
2031 2039 2960 2177 hon durch mart imr dahin trybe, das
2030 2127 2961 2240 er vmehr versprechung thuge, werde der
2025 2191 3002 2323 mind das rede, das härtz aber fehr dar
2019 2238 2976 2396 non sen. Deßwerg er dar uff Ir gnaden
2007 2310 2951 2465 gemehlet montag Mertzen diß jars
1997 2356 2975 2514 zu Marzile von lich exammeet unnd ve-
2014 2433 2962 2604 emandt worden, anzufragen, warumb er vber
2726 2583 2918 2690 gleß
