3024 4032
976 99 1828 249 die große armut dahin gebribenn und
974 167 1828 300 Diewyl syn unnd synes brnders froud
997 228 1819 356 mit ynandern kindlbetern worden
1010 303 1781 418 outh darnebenn wede seys noch
986 346 1802 476 tranck gehept, habind sy solliche
958 426 1844 566 junge bonn ode zwyg unbesindte w
968 511 1840 655 usgrabenn, die uerkrnfft und das erlößen
987 578 1842 733 galt ihnn de zu schaltung verbrcht
1243 654 1370 727 aber
971 697 1844 804 Im übrigen seygi er spring vern
998 759 1842 895 ann, das zwisch denen, deo die zwy
991 839 1846 952 gsyn, vnnd ihnen vn spruch gemacht
975 913 1840 1013 vnnd im selbigen eoluter worden
992 979 1836 1116 Das sy isnem ann stadt de zwygen
1008 1059 1790 1194 zwölff kronenn elegen unnd also
993 1143 1801 1243 Dise sach gricht und gschlicht sy
1038 1188 1802 1304 solle. daran aber gedachte
1030 1255 1824 1375 Hänni unnd syn schwager inne den
1040 1330 1826 1439 halben theilgesprochne ina
1037 1389 1832 1503 gescheunckt ec bittet trungeklich
1043 1469 1841 1572 umb gnad, mit exietung sich sollich
1038 1537 1788 1648 sachen halb fürohin zu müßig
1049 1631 1178 1751 w
1034 1772 1857 1913 Dise ist istand an das habe
1036 1870 1652 1984 gsein gestelt word
1858 193 1911 269 .
2774 8 2854 94 43.
2052 152 2091 225 lo
1989 110 2775 307 Bliclans Honnensro allhie
2147 227 2473 309 zu Barin
1906 377 2882 563 ff Zinnstag denn 22 brachmonats diß 1602
1896 434 2888 607 Jar fen bpwäsenn de frommenn, fürnemmenn,
1892 505 2859 698 zusacenn wysenn herenn Jacob Delliers
1914 576 2884 744 des ohats Marthi Müllers muschafenschaff.
1923 662 2856 802 nes sampt etlichem weyblenn myne gnädig
1907 773 2329 900 esen vnnd dbeden
1899 831 2864 996 Ist niclaus sonnenfro pürtig alllie, inn
1917 890 2893 1065 dr mannennkefli exammniert unnd  ernst
1903 976 2854 1130 flyßig vemandt wordenn, im grund der
1901 1057 2680 1194 Warhegt Annzuseygen. erstlichen
2173 1145 2209 1207 d.
1916 1133 2898 1253 Warumb er sich nunn einh dahar der stott
1941 1217 2691 1320 alhie geüßnet unnd dao entzogenn.
1917 1282 2913 1407 Item was v Biderbennlüth hie unnd ander schwo
1945 1341 2541 1460 gestolenn unnd enntragenn.
2002 1427 2595 1550 Daruber seygt er ann
1930 1506 2849 1630 Casrar Mork, habe inne vor vier wuchen
1924 1597 2856 1696 ungefährlich vemandt, e solle sich hinwäg
1942 1655 2810 1752 machenn, dan er se vestendiger, das
1955 1713 2832 1829 man ine fachen unnd inliges laßen
1928 1818 2082 1873 werde
1912 1846 2814 1952 dauf e sich dan uf flüchtigen hauß
1953 1880 2886 2020 gestelt. Harnach abe sye er widerumb
1953 1967 2835 2084 althar kommen. Da ime de huswirt zum
1919 2030 2869 2136 Schiflüthenm etlichen galtshalb, so er zur
1957 2085 2822 2163 sonn synes deeselbst gehapten hochzets wegen
1961 2105 2837 2217 geroligen pflichtig gsen, eyn nyd gäben
1941 2140 2894 2290 laßen wellenn. und diewyl daßelbig abzunchte
1875 2206 2899 2333 der unnemüglich gsyie, ouch darneben sonst byn hilff gwüßen
1945 2273 2871 2397 habe e solliche sachen (leyde unndestannden.
