3024 4032
1144 131 1696 264 Ciclaeis Sornenfro.
952 288 1805 411 Uff mittwuchen den 33 brachmonals 160
972 348 1804 457 Inn bewäsen der frommen fürnemmen, ec.
989 421 1810 527 andei sysenn herren, Jacob Dillir
978 475 1808 607 deß Bugeen bhats Hans Frisching
986 547 1800 669 der Burgern Niebaur von Mulinens
995 629 1792 734 Groß weebels, ampt etlichen wyblen
990 673 1529 780 myne z s. vnd obern
974 760 1783 882 Ist Niclans Bonnenfro purtig alhie zu
967 831 1835 950 Marzeli Examiiert und vber syn confeßig
1005 894 1825 1001 e2 zinstag veschinen, inn der mannenke
1010 965 1831 1071 gethan, denere diebstäl, so er begangen
1005 1021 1780 1133 habenn möcht anzuzeygenn vilmaltig
1002 1125 1789 1204 germandt worden. De hat letstlich
1024 1174 1818 1270 nach langem anhalten, bekendt, vnnd
1025 1258 1183 1343 verrachen
1011 1329 1821 1398 erstlichen als er an synem samstan
1026 1410 1838 1498 ff de hindeenn dshützematten, inem
1007 1465 1850 1539 Schwacher etwas holtzes, so von dem schal
1035 1516 1852 1611 nidegetruckt worden uffgemachtt, sye er
1034 1589 1823 1672 Inn das schützen hus gangen unnd alde
1036 1651 1839 1748 yn bogen sampt eyne wenden, so uff synem
1047 1707 1845 1810 schafft gelegen, genommen und denselben
1060 1786 1834 1872 ampt synem brief 0 innhaltende
1039 1839 1821 1942 peter wecken, so jetzund mit imme
1028 1901 1848 2006 In banden lige umb 4 ß versetzt, e
1050 1976 1844 2055 melter Bogen aber sye dem dese oßfe
1059 2043 1427 2120 restet mert worden
1043 2135 1857 2215 Item so habe avor etwas wuchen yn
1058 2197 1854 2267 abendts spädt uss synem schafft uff der
1055 2250 1868 2332 Schützenn maten, (welchen es mit eynem maß
1061 2304 1856 2400 groffnet) i musgueten zwo belurrhlaß
1075 2351 1869 2459 ampt eyner gablen, vnd uß eynem ander
1867 1471 1913 1530 ola
1863 -50 2791 251 insandrer enzeckte, seilbige gan ierbe
2311 89 2426 149 rze
1873 46 2763 304 zagem, die musgneten eyn ein kupfferschmeid
1880 104 2724 353 e d
1890 156 2687 400 eeene
1901 230 2807 459 tenn e in bekenne vmb 2 gulde (darumb er
1892 250 2825 509 halt sye) könfflich hingaben, uff die mus
1899 328 2822 556 en aber habe er alleen  selben von empfangen
1886 493 2770 695 Item nachdem er am veschinenem oste montag inn
1906 557 2820 759 verschwachers bunden gegangen, sye des herren
1886 597 2800 792 vom romerstels dummehns offen gstanden, darun
1894 667 2784 854 eyn hut sen Bogli sampt eynem wehr, so
1900 787 2330 912 dannn gewesen entragen.
1900 890 2718 1037 Vone habe e herenn venne Wyßhauen sn
1897 958 2809 1106 dumahns uff dem staldn mit eynem dietrich
1918 1032 2820 1158 röffnet unnd danus 6 zinm thalle gestolen.
1906 1102 2545 1213 beschechn als die puntue alhie dor
1902 1146 2821 1307 wgte, habe er su Heynrich kolen dem alten
1915 1234 2886 1361 glychsfahls mit eynem diebrich sn dumerhes
2621 1285 2871 1340 halb maßig
1924 1315 2878 1410 geoffnet unnnd darus i maßige
1922 1363 2831 1486 kant sampt ynem dießvaß, entfombdet.
1925 1442 2795 1543 und sölliches Reynhart dem aupferschend, jed gs
1930 1509 2400 1607 umb 2 trütz verkombtt
1915 1643 2748 1741 Item so habe er 8 Marthi Müllen
1912 1700 2826 1825 Muschafenschaffnen syn dummehns am alten
1934 1767 2819 1883 beg, mit seynem sbtrecher, (so meins s l
1930 1844 2843 1949 Schultheys Tagers sysein, welchen er vff der
1912 1892 2883 2014 Schützen maten genommen) s da ufgethan
1938 1970 2832 2089 und eyn schloß ab ynem giesfaßschefftli
1948 2045 2850 2133 gebrochn vnnd mit sich hinwag getragen
1929 2155 2895 2264 Stanso habe er uß eynem scheili undenes gegen wole
1948 2219 2905 2318 hwo schriflen unnd zw homwen entfrombdert und selbiger
1938 2274 2905 2363 Amebergers selig fromweni, sy dem rnde hor alhi
1951 2329 2561 2434 das pfand umb 1 bz vertrafft
1987 2398 2787 2517 lyter habe er Hebia Schopffe uß synemn
1947 2464 2877 2531 dammehns, das eo mit yynen dietrich geöffnet
1954 2511 2873 2612 1 ledeer fläschen gestolen und selbige hans
1937 2570 2880 2665 Audolff kösling, da ime oumas wyns
1975 2635 2351 2721 bezall gelaß.
1950 2650 2904 2776 War habe e uß dem behützen hun, de schlah
1970 2733 2892 2824 genommen unnd das alwegen damit getoffnst.
