<?xml version="1.0" encoding="UTF-8" standalone="yes"?>
<PcGts xmlns="http://schema.primaresearch.org/PAGE/gts/pagecontent/2013-07-15" xmlns:xsi="http://www.w3.org/2001/XMLSchema-instance" xsi:schemaLocation="http://schema.primaresearch.org/PAGE/gts/pagecontent/2013-07-15 http://schema.primaresearch.org/PAGE/gts/pagecontent/2013-07-15/pagecontent.xsd">
    <Metadata>
        <Creator>prov=University of Rostock/Institute of Mathematics/CITlab|PLANET AI GmbH/Gundram Leifert/gundram.leifert@planet-ai.de:name=German_Kurrent_XVI-XVIII_M1(htr_id=19584)::::v=2.6.7
prov=University of Rostock/Institute of Mathematics/CITlab|PLANET AI GmbH/Tobias Gruening/tobias.gruening@planet-ai.de:name=de.uros.citlab.module.baseline2polygon.B2PSeamMultiOriented:v=2.6.7
prov=University of Rostock/Institute of Mathematics/CITlab|PLANET AI GmbH/Tobias Gruening/tobias.gruening@planet-ai.de:name=/net_tf/LA73_249_0mod360.pb:de.uros.citlab.segmentation.CITlab_LA_ML:v=2.6.7
Transkribus</Creator>
        <Created>2021-02-10T20:29:45.697+01:00</Created>
        <LastChange>2022-09-12T14:12:29.997+02:00</LastChange>
        <TranskribusMetadata docId="1334806" pageId="52358592" pageNr="70" tsid="114640299" status="IN_PROGRESS" userId="9570" imgUrl="https://files.transkribus.eu/Get?id=QQIQUNEDXXRACBFLZVRHFRZU&amp;fileType=view" xmlUrl="https://files.transkribus.eu/Get?id=ZOAXSWPYBDXCSGYICHYVMOKO" imageId="19931200"/>
    </Metadata>
    <Page imageFilename="IMG_8863.jpg" imageWidth="3024" imageHeight="4032">
        <ReadingOrder>
            <OrderedGroup id="ro_1687513848393" caption="Regions reading order">
                <RegionRefIndexed index="0" regionRef="r1"/>
                <RegionRefIndexed index="1" regionRef="r2"/>
            </OrderedGroup>
        </ReadingOrder>
        <TextRegion orientation="0.0" id="r1" custom="readingOrder {index:0;}">
            <Coords points="1011,307 1011,2294 1847,2294 1847,307"/>
            <TextLine id="r1l1" custom="readingOrder {index:0;}">
                <Coords points="1001,373 1065,336 1172,374 1407,351 1810,430 1815,379 1606,320 1569,342 1435,302 1352,328 1276,290 1009,283"/>
                <Baseline points="1011,332 1050,333 1090,335 1130,336 1169,338 1209,339 1249,341 1288,344 1328,346 1368,348 1408,351 1447,355 1487,359 1527,363 1566,369 1606,375 1646,382 1685,389 1725,397 1765,406 1805,417"/>
                <TextEquiv>
                    <Unicode>Deßglychen habe er wa ein schufflen sene</Unicode>
                </TextEquiv>
            </TextLine>
            <TextLine id="r1l2" custom="readingOrder {index:1;}">
                <Coords points="1031,431 1095,409 1160,433 1412,406 1481,448 1527,429 1580,460 1636,443 1728,476 1786,469 1791,413 1684,419 1571,365 1422,393 1226,358 1150,380 1038,347"/>
                <Baseline points="1040,399 1077,399 1114,399 1151,399 1188,401 1225,401 1262,402 1299,404 1336,406 1373,408 1410,411 1447,414 1484,419 1521,422 1558,426 1595,432 1632,438 1669,444 1706,450 1743,457 1781,465"/>
                <TextEquiv>
                    <Unicode>ehner heuwen in is huß gebracht</Unicode>
                </TextEquiv>
            </TextLine>
            <TextLine id="r1l3" custom="readingOrder {index:2;}">
                <Coords points="1043,461 1139,453 1452,507 1492,480 1550,501 1665,488 1709,511 1727,457 1600,463 1434,424 1044,431"/>
                <Baseline points="1049,450 1082,452 1116,452 1149,453 1183,454 1216,455 1250,456 1283,457 1317,458 1350,459 1384,461 1417,462 1451,464 1484,467 1518,470 1551,473 1585,476 1618,481 1652,485 1685,491 1719,497"/>
                <TextEquiv>
                    <Unicode>man es nochmalen eiden wirde</Unicode>
                </TextEquiv>
            </TextLine>
            <TextLine id="r1l4" custom="readingOrder {index:3;}">
                <Coords points="1031,586 1200,574 1265,599 1450,576 1714,630 1753,606 1810,630 1812,597 1681,529 1560,564 1419,530 1247,552 1202,524 1119,535 1035,508"/>
                <Baseline points="1038,564 1076,566 1114,567 1153,567 1191,569 1229,569 1268,570 1306,572 1344,572 1383,574 1421,576 1459,578 1498,581 1536,583 1574,586 1613,590 1651,594 1689,598 1728,604 1766,610 1805,617"/>
                <TextEquiv>
                    <Unicode>Berners vach verschienens frytags w</Unicode>
                </TextEquiv>
            </TextLine>
            <TextLine id="r1l5" custom="readingOrder {index:4;}">
                <Coords points="1056,628 1175,653 1211,632 1235,649 1340,635 1416,668 1464,634 1767,663 1760,621 1596,621 1559,593 1525,614 1446,607 1404,577 1327,612 1199,575 1057,600"/>
                <Baseline points="1062,626 1098,626 1135,627 1172,627 1209,627 1245,627 1282,627 1319,627 1356,629 1393,629 1429,629 1466,630 1503,632 1540,634 1577,636 1613,639 1650,642 1687,648 1724,653 1761,659"/>
                <TextEquiv>
                    <Unicode>ein kupfferin schwenekberki sampt</Unicode>
                </TextEquiv>
            </TextLine>
            <TextLine id="r1l6" custom="readingOrder {index:5;}">
                <Coords points="1046,697 1171,691 1209,716 1396,678 1586,723 1620,696 1656,731 1812,747 1837,693 1762,661 1703,678 1663,639 1589,668 1522,642 1047,657"/>
                <Baseline points="1052,684 1090,684 1129,684 1168,684 1207,683 1246,683 1285,683 1323,683 1362,681 1401,683 1440,683 1479,684 1518,686 1557,687 1595,690 1634,694 1673,699 1712,705 1751,712 1790,720 1829,729"/>
                <TextEquiv>
                    <Unicode>einem sandtberke, achte warl iy so gedacht</Unicode>
                </TextEquiv>
            </TextLine>
            <TextLine id="r1l7" custom="readingOrder {index:6;} person {offset:5; length:8;} person {offset:14; length:6;}">
                <Coords points="1055,752 1154,745 1201,777 1302,737 1359,764 1431,744 1546,775 1579,746 1613,777 1652,762 1806,792 1819,748 1657,731 1621,703 1584,732 1533,698 1446,721 1396,680 1244,718 1170,690 1115,720 1057,709"/>
                <Baseline points="1061,744 1098,744 1136,743 1173,743 1211,742 1248,741 1286,741 1323,740 1361,740 1398,740 1436,741 1473,741 1511,743 1548,744 1586,749 1623,751 1661,756 1698,761 1736,767 1773,773 1811,782"/>
                <TextEquiv>
                    <Unicode>herr steigers slumes hab abermalen</Unicode>
                </TextEquiv>
            </TextLine>
            <TextLine id="r1l8" custom="readingOrder {index:7;}">
                <Coords points="1052,824 1088,835 1134,803 1210,830 1376,794 1556,846 1637,827 1679,845 1772,830 1773,801 1650,761 1611,779 1578,746 1516,783 1439,746 1298,778 1054,755"/>
                <Baseline points="1059,800 1094,800 1129,798 1165,797 1200,795 1236,795 1271,795 1306,795 1342,795 1377,797 1413,797 1448,798 1483,800 1519,801 1554,803 1590,806 1625,808 1660,811 1696,814 1731,819 1767,822"/>
                <TextEquiv>
                    <Unicode>zugebracht, daßelbig habe sy dem</Unicode>
                </TextEquiv>
            </TextLine>
            <TextLine id="r1l9" custom="readingOrder {index:8;} person {offset:0; length:14;} place {offset:22; length:11;}">
                <Coords points="1038,883 1131,853 1368,892 1433,853 1645,869 1682,898 1781,879 1781,854 1734,837 1556,842 1374,796 1316,826 1039,822"/>
                <Baseline points="1044,854 1080,854 1117,855 1153,855 1190,855 1226,855 1263,855 1299,855 1336,854 1372,854 1409,855 1446,855 1482,855 1519,857 1555,857 1592,860 1628,861 1665,863 1701,866 1738,869 1775,875"/>
                <TextEquiv>
                    <Unicode>Tupffer Schmid sy dem Oberen thor</Unicode>
                </TextEquiv>
            </TextLine>
            <TextLine id="r1l10" custom="readingOrder {index:9;}">
                <Coords points="1050,928 1087,917 1122,952 1147,953 1205,909 1240,930 1293,916 1294,887 1255,874 1197,893 1154,879 1131,855 1096,887 1080,878 1051,884"/>
                <Baseline points="1056,908 1081,910 1107,911 1133,912 1158,912 1184,912 1210,912 1235,913 1261,914 1287,917"/>
                <TextEquiv>
                    <Unicode>vn khorfft</Unicode>
                </TextEquiv>
            </TextLine>
            <TextLine id="r1l11" custom="readingOrder {index:10;}">
                <Coords points="1044,1014 1154,1051 1228,1006 1311,1045 1403,1005 1453,1047 1518,1026 1725,1049 1819,1018 1819,988 1669,945 1509,948 1453,984 1357,975 1318,939 1212,989 1044,953"/>
                <Baseline points="1050,1007 1088,1008 1126,1010 1164,1010 1202,1011 1240,1011 1278,1011 1316,1011 1354,1010 1392,1010 1431,1010 1469,1010 1507,1008 1545,1008 1583,1010 1621,1010 1659,1011 1697,1011 1735,1014 1773,1016 1812,1019"/>
                <TextEquiv>
                    <Unicode>letstlichen auch ein tryfuß glycher gstelt</Unicode>
                </TextEquiv>
            </TextLine>
            <TextLine id="r1l12" custom="readingOrder {index:11;}">
                <Coords points="1073,1090 1138,1110 1187,1075 1245,1101 1303,1070 1391,1084 1422,1062 1530,1109 1636,1070 1680,1102 1803,1093 1803,1053 1737,1037 1456,1049 1346,1024 1138,1053 1073,1028"/>
                <Baseline points="1079,1071 1114,1071 1150,1071 1186,1071 1222,1071 1258,1071 1294,1070 1330,1070 1366,1070 1402,1069 1438,1068 1473,1068 1509,1068 1545,1068 1581,1068 1617,1069 1653,1070 1689,1071 1725,1073 1761,1074 1797,1077"/>
                <TextEquiv>
                    <Unicode>ngebracht, derselbich aber lige noch</Unicode>
                </TextEquiv>
            </TextLine>
            <TextLine id="r1l13" custom="readingOrder {index:12;}">
                <Coords points="1064,1134 1193,1129 1253,1156 1343,1114 1413,1154 1448,1132 1633,1144 1712,1119 1778,1140 1797,1097 1592,1081 1529,1110 1441,1080 1353,1104 1327,1083 1293,1107 1064,1099"/>
                <Baseline points="1070,1125 1106,1125 1142,1125 1178,1125 1214,1125 1250,1125 1286,1125 1322,1124 1358,1124 1394,1124 1430,1124 1466,1124 1502,1124 1538,1122 1574,1122 1610,1123 1646,1124 1682,1124 1718,1124 1754,1125 1791,1125"/>
                <TextEquiv>
                    <Unicode>in irem huß. Hienaben abes will</Unicode>
                </TextEquiv>
            </TextLine>
            <TextLine id="r1l14" custom="readingOrder {index:13;}">
                <Coords points="1071,1198 1211,1181 1266,1218 1389,1182 1469,1213 1532,1175 1767,1183 1775,1150 1692,1131 1207,1157 1070,1134"/>
                <Baseline points="1077,1182 1111,1182 1146,1181 1180,1181 1215,1181 1250,1179 1284,1179 1319,1179 1353,1178 1388,1178 1423,1176 1457,1176 1492,1176 1526,1175 1561,1174 1596,1173 1630,1173 1665,1173 1699,1172 1734,1172 1769,1172"/>
                <TextEquiv>
                    <Unicode>sy nit bekhandtlich syn, das ey iren</Unicode>
                </TextEquiv>
            </TextLine>
            <TextLine id="r1l15" custom="readingOrder {index:14;}">
                <Coords points="1049,1249 1213,1236 1307,1267 1399,1232 1461,1267 1495,1242 1587,1263 1812,1239 1811,1190 1770,1183 1374,1216 1329,1190 1093,1196 1048,1166"/>
                <Baseline points="1055,1236 1092,1236 1130,1235 1167,1235 1205,1235 1242,1235 1280,1233 1317,1233 1355,1233 1392,1232 1430,1232 1467,1230 1505,1230 1542,1229 1580,1229 1617,1227 1655,1227 1692,1226 1730,1224 1767,1223 1805,1223"/>
                <TextEquiv>
                    <Unicode>Sam darzu gewisen oder gestriben, wa</Unicode>
                </TextEquiv>
            </TextLine>
            <TextLine id="r1l16" custom="readingOrder {index:15;}">
                <Coords points="1070,1300 1310,1284 1410,1322 1452,1291 1800,1284 1799,1244 1738,1235 1481,1268 1413,1234 1307,1267 1069,1251"/>
                <Baseline points="1076,1289 1111,1287 1147,1287 1183,1287 1219,1286 1255,1286 1291,1286 1326,1284 1362,1284 1398,1283 1434,1283 1470,1282 1506,1281 1542,1280 1577,1280 1613,1278 1649,1277 1685,1277 1721,1275 1757,1274 1793,1272"/>
                <TextEquiv>
                    <Unicode>sy aber inne dansn abgemant, er wa</Unicode>
                </TextEquiv>
            </TextLine>
            <TextLine id="r1l17" custom="readingOrder {index:16;}">
                <Coords points="1068,1357 1469,1337 1508,1358 1552,1322 1654,1359 1704,1330 1753,1348 1778,1332 1762,1279 1515,1288 1405,1319 1066,1300"/>
                <Baseline points="1073,1346 1109,1344 1146,1343 1183,1341 1220,1341 1256,1340 1293,1338 1330,1338 1367,1338 1404,1337 1440,1337 1477,1335 1514,1334 1551,1334 1588,1332 1624,1331 1661,1328 1698,1325 1735,1323 1772,1320"/>
                <TextEquiv>
                    <Unicode>alzye geantwortet, sy stell sy nur</Unicode>
                </TextEquiv>
            </TextLine>
            <TextLine id="r1l18" custom="readingOrder {index:17;}">
                <Coords points="1089,1428 1181,1433 1259,1392 1324,1403 1406,1386 1465,1401 1527,1391 1535,1346 1501,1362 1469,1336 1445,1351 1375,1337 1350,1356 1321,1339 1281,1369 1200,1365 1185,1351 1088,1384"/>
                <Baseline points="1094,1400 1119,1398 1145,1396 1170,1395 1196,1394 1222,1393 1247,1392 1273,1391 1299,1391 1324,1391 1350,1391 1376,1389 1401,1389 1427,1389 1453,1389 1478,1389 1504,1389 1530,1389"/>
                <TextEquiv>
                    <Unicode>nnst allwägen so lätz.</Unicode>
                </TextEquiv>
            </TextLine>
            <TextLine id="r1l19" custom="readingOrder {index:18;} person {offset:0; length:15;}">
                <Coords points="1242,1527 1332,1509 1421,1517 1461,1496 1481,1513 1608,1496 1663,1513 1754,1467 1752,1444 1671,1425 1614,1456 1526,1448 1505,1466 1453,1424 1395,1436 1347,1482 1239,1488"/>
                <Baseline points="1247,1508 1272,1508 1297,1508 1322,1506 1347,1506 1372,1505 1397,1503 1422,1503 1447,1501 1472,1499 1498,1497 1523,1495 1548,1494 1573,1491 1598,1490 1623,1487 1648,1485 1673,1484 1698,1482 1723,1480 1749,1479"/>
                <TextEquiv>
                    <Unicode>Jucaus Sonenfro</Unicode>
                </TextEquiv>
            </TextLine>
            <TextLine id="r1l20" custom="readingOrder {index:19;}">
                <Coords points="1055,1617 1108,1601 1250,1630 1324,1596 1568,1593 1614,1622 1670,1590 1762,1623 1814,1593 1813,1528 1522,1572 1403,1528 1351,1527 1249,1580 1170,1577 1091,1535 1054,1555"/>
                <Baseline points="1061,1598 1098,1598 1135,1598 1173,1598 1210,1598 1247,1598 1285,1598 1322,1598 1359,1598 1397,1598 1434,1596 1471,1596 1509,1595 1546,1594 1583,1593 1621,1592 1658,1590 1695,1589 1733,1587 1770,1585 1808,1583"/>
                <TextEquiv>
                    <Unicode>uff obgedachtem jar unnd tag in bysyn</Unicode>
                </TextEquiv>
            </TextLine>
            <TextLine id="r1l21" custom="readingOrder {index:20;}">
                <Coords points="1081,1689 1534,1643 1712,1648 1758,1673 1823,1646 1811,1593 1766,1619 1375,1616 1349,1635 1290,1612 1195,1639 1079,1614"/>
                <Baseline points="1086,1653 1122,1653 1159,1653 1195,1652 1232,1652 1268,1652 1305,1651 1341,1650 1378,1650 1414,1649 1451,1649 1488,1648 1524,1647 1561,1646 1597,1644 1634,1643 1670,1641 1707,1639 1743,1638 1780,1635 1817,1632"/>
                <TextEquiv>
                    <Unicode>vnd anhören ob vnnd wollernempter</Unicode>
                </TextEquiv>
            </TextLine>
            <TextLine id="r1l22" custom="readingOrder {index:21;} person {offset:12; length:17;} place {offset:33; length:4; continued:true;}">
                <Coords points="1087,1731 1110,1716 1154,1749 1272,1708 1844,1704 1843,1661 1085,1681"/>
                <Baseline points="1092,1710 1129,1709 1166,1707 1203,1706 1241,1704 1278,1704 1315,1703 1353,1703 1390,1701 1427,1701 1465,1701 1502,1700 1539,1700 1576,1698 1614,1698 1651,1697 1688,1695 1726,1694 1763,1692 1800,1690 1838,1688"/>
                <TextEquiv>
                    <Unicode>herren hatt Niclaus Sonnentro zu Mar¬</Unicode>
                </TextEquiv>
            </TextLine>
            <TextLine id="r1l23" custom="readingOrder {index:22;} place {offset:0; length:3; continued:true;}">
                <Coords points="1090,1773 1552,1751 1668,1787 1724,1746 1838,1735 1836,1694 1797,1693 1755,1714 1640,1695 1543,1729 1519,1705 1472,1732 1291,1717 1200,1740 1145,1704 1088,1722"/>
                <Baseline points="1095,1764 1131,1759 1168,1757 1205,1754 1242,1752 1279,1751 1316,1751 1352,1751 1389,1749 1426,1749 1463,1751 1500,1750 1537,1749 1574,1749 1610,1749 1647,1748 1684,1746 1721,1744 1758,1741 1795,1736 1832,1731"/>
                <TextEquiv>
                    <Unicode>zie mit der martten bekennt vnd</Unicode>
                </TextEquiv>
            </TextLine>
            <TextLine id="r1l24" custom="readingOrder {index:23;}">
                <Coords points="1079,1824 1095,1821 1128,1832 1142,1826 1177,1846 1196,1841 1234,1810 1259,1826 1285,1829 1296,1825 1296,1771 1276,1781 1260,1777 1249,1787 1236,1777 1221,1782 1194,1764 1159,1769 1142,1755 1102,1788 1079,1794"/>
                <Baseline points="1085,1811 1110,1812 1136,1812 1161,1811 1187,1811 1213,1811 1238,1811 1264,1812 1290,1812"/>
                <TextEquiv>
                    <Unicode>verzachen.</Unicode>
                </TextEquiv>
            </TextLine>
            <TextLine id="r1l25" custom="readingOrder {index:24;}">
                <Coords points="1074,1928 1282,1958 1332,1927 1446,1953 1519,1927 1569,1952 1641,1910 1745,1941 1814,1920 1812,1856 1711,1876 1629,1852 1546,1882 1209,1901 1139,1871 1073,1887"/>
                <Baseline points="1080,1923 1116,1923 1152,1923 1189,1925 1225,1925 1262,1925 1298,1925 1334,1925 1371,1923 1407,1923 1444,1922 1480,1920 1516,1919 1553,1919 1589,1917 1626,1914 1662,1913 1698,1910 1735,1907 1771,1904 1808,1901"/>
                <TextEquiv>
                    <Unicode>wie das er sonangerächen deßen das myn</Unicode>
                </TextEquiv>
            </TextLine>
            <TextLine id="r1l26" custom="readingOrder {index:25;}">
                <Coords points="1096,2007 1149,1986 1230,2012 1289,1982 1347,2007 1454,2009 1482,1988 1555,2011 1648,1971 1796,1974 1795,1924 1727,1945 1627,1927 1569,1952 1390,1931 1306,1969 1255,1945 1094,1945"/>
                <Baseline points="1101,1980 1135,1980 1169,1980 1204,1980 1238,1982 1273,1982 1307,1982 1342,1982 1376,1981 1411,1980 1445,1980 1479,1979 1514,1979 1548,1977 1583,1975 1617,1972 1652,1970 1686,1967 1721,1964 1755,1959 1790,1953"/>
                <TextEquiv>
                    <Unicode>gnädig herren schuldtheiß ghätt wand</Unicode>
                </TextEquiv>
            </TextLine>
            <TextLine id="r1l27" custom="readingOrder {index:26;}">
                <Coords points="1097,2037 1153,2062 1412,2021 1458,2041 1644,2019 1775,2040 1822,2021 1820,1957 1736,1990 1648,1972 1547,2009 1482,1988 1368,2012 1288,1984 1228,2016 1149,1986 1096,2007"/>
                <Baseline points="1103,2030 1138,2031 1174,2031 1209,2031 1245,2031 1281,2031 1316,2031 1352,2030 1387,2030 1423,2028 1459,2028 1494,2026 1530,2025 1565,2023 1601,2022 1637,2020 1672,2017 1708,2014 1743,2011 1779,2008 1815,2004"/>
                <TextEquiv>
                    <Unicode>burger ime verchinens Sammers syn</Unicode>
                </TextEquiv>
            </TextLine>
            <TextLine id="r1l28" custom="readingOrder {index:27;}">
                <Coords points="1095,2096 1305,2075 1376,2100 1441,2069 1772,2085 1854,2053 1853,2027 1670,2029 1630,2051 1449,2045 1413,2021 1337,2052 1268,2035 1222,2059 1094,2054"/>
                <Baseline points="1101,2076 1138,2076 1175,2078 1212,2078 1250,2079 1287,2079 1324,2078 1362,2078 1399,2077 1436,2076 1474,2075 1511,2073 1548,2070 1585,2069 1623,2067 1660,2064 1697,2062 1735,2060 1772,2057 1809,2055 1847,2051"/>
                <TextEquiv>
                    <Unicode>verwurckt labent us gnad vnnd berm¬</Unicode>
                </TextEquiv>
            </TextLine>
            <TextLine id="r1l29" custom="readingOrder {index:28;}">
                <Coords points="1101,2149 1322,2162 1411,2129 1469,2149 1605,2118 1750,2123 1816,2102 1816,2072 1766,2086 1711,2066 1588,2099 1464,2076 1355,2112 1272,2090 1217,2110 1099,2100"/>
                <Baseline points="1106,2127 1141,2129 1176,2130 1211,2132 1247,2132 1282,2131 1317,2130 1352,2130 1388,2129 1423,2127 1458,2126 1493,2123 1529,2121 1564,2119 1599,2117 1634,2115 1670,2113 1705,2110 1740,2109 1775,2106 1811,2105"/>
                <TextEquiv>
                    <Unicode>hertzigkheit geschänkt an ein mora</Unicode>
                </TextEquiv>
            </TextLine>
            <TextLine id="r1l30" custom="readingOrder {index:29;}">
                <Coords points="1100,2198 1194,2187 1286,2219 1333,2191 1566,2173 1602,2206 1664,2167 1774,2176 1817,2151 1815,2103 1616,2150 1098,2152"/>
                <Baseline points="1106,2180 1141,2181 1176,2183 1211,2183 1247,2183 1282,2183 1317,2183 1352,2181 1388,2181 1423,2179 1458,2177 1493,2176 1529,2174 1564,2171 1599,2169 1634,2166 1670,2164 1705,2162 1740,2159 1775,2157 1811,2156"/>
                <TextEquiv>
                    <Unicode>Fru ongeehas or 8 tag hinden by</Unicode>
                </TextEquiv>
            </TextLine>
            <TextLine id="r1l31" custom="readingOrder {index:30;} person {offset:17; length:16;}">
                <Coords points="1104,2239 1230,2246 1273,2223 1455,2254 1489,2224 1590,2223 1666,2254 1739,2210 1845,2218 1843,2155 1605,2204 1564,2174 1481,2195 1432,2177 1339,2214 1102,2201"/>
                <Baseline points="1109,2229 1145,2229 1181,2229 1218,2229 1254,2229 1291,2228 1327,2228 1364,2228 1400,2226 1437,2226 1473,2225 1509,2225 1546,2223 1582,2221 1619,2220 1655,2218 1692,2215 1728,2213 1765,2210 1801,2206 1838,2202"/>
                <TextEquiv>
                    <Unicode>der grent in her Johanns Steigers sammer</Unicode>
                </TextEquiv>
            </TextLine>
            <TextLine id="r1l32" custom="readingOrder {index:31;}">
                <Coords points="1103,2299 1257,2275 1498,2280 1534,2310 1604,2315 1665,2277 1708,2307 1820,2268 1820,2237 1462,2261 1351,2231 1304,2249 1272,2223 1102,2250"/>
                <Baseline points="1109,2283 1144,2280 1179,2279 1214,2276 1250,2276 1285,2274 1320,2274 1355,2274 1391,2276 1426,2276 1461,2276 1496,2277 1532,2277 1567,2277 1602,2277 1637,2276 1673,2274 1708,2272 1743,2270 1778,2266 1814,2261"/>
                <TextEquiv>
                    <Unicode>haß vor dem vnderen thos gestigen.</Unicode>
                </TextEquiv>
            </TextLine>
            <TextEquiv>
                <Unicode>Deßglychen habe er wa ein schufflen sene
ehner heuwen in is huß gebracht
man es nochmalen eiden wirde
Berners vach verschienens frytags w
ein kupfferin schwenekberki sampt
einem sandtberke, achte warl iy so gedacht
herr steigers slumes hab abermalen
zugebracht, daßelbig habe sy dem
Tupffer Schmid sy dem Oberen thor
vn khorfft
letstlichen auch ein tryfuß glycher gstelt
ngebracht, derselbich aber lige noch
in irem huß. Hienaben abes will
sy nit bekhandtlich syn, das ey iren
Sam darzu gewisen oder gestriben, wa
sy aber inne dansn abgemant, er wa
alzye geantwortet, sy stell sy nur
nnst allwägen so lätz.
Jucaus Sonenfro
uff obgedachtem jar unnd tag in bysyn
vnd anhören ob vnnd wollernempter
herren hatt Niclaus Sonnentro zu Mar¬
zie mit der martten bekennt vnd
verzachen.
wie das er sonangerächen deßen das myn
gnädig herren schuldtheiß ghätt wand
burger ime verchinens Sammers syn
verwurckt labent us gnad vnnd berm¬
hertzigkheit geschänkt an ein mora
Fru ongeehas or 8 tag hinden by
der grent in her Johanns Steigers sammer
haß vor dem vnderen thos gestigen.</Unicode>
            </TextEquiv>
        </TextRegion>
        <TextRegion orientation="0.0" id="r2" custom="readingOrder {index:1;}">
            <Coords points="1884,60 1884,1488 2882,1488 2882,60"/>
            <TextLine id="r2l1" custom="readingOrder {index:0;}">
                <Coords points="2743,109 2753,105 2776,118 2792,107 2818,109 2814,27 2805,26 2801,30 2762,14 2751,24 2739,26"/>
                <Baseline points="2748,90 2779,87 2811,87"/>
                <TextEquiv>
                    <Unicode>69</Unicode>
                </TextEquiv>
            </TextLine>
            <TextLine id="r2l2" custom="readingOrder {index:1;}">
                <Coords points="1881,409 2241,305 2477,276 2519,296 2551,257 2787,241 2793,196 2318,232 2216,281 2081,285 1875,374"/>
                <Baseline points="1884,396 1929,380 1974,363 2020,349 2065,338 2111,326 2156,317 2201,309 2247,301 2292,295 2338,287 2383,283 2428,277 2474,271 2519,266 2565,261 2610,254 2655,248 2701,240 2746,233 2792,224"/>
                <TextEquiv>
                    <Unicode>und alda mit einem siell, so ur mit im getragen</Unicode>
                </TextEquiv>
            </TextLine>
            <TextLine id="r2l3" custom="readingOrder {index:2;}">
                <Coords points="1912,443 1972,449 2016,405 2073,429 2115,371 2384,332 2513,379 2617,310 2812,284 2769,230 2472,304 2141,326 1905,401"/>
                <Baseline points="1917,438 1961,422 2005,408 2050,395 2094,384 2138,373 2183,364 2227,356 2271,349 2316,342 2360,336 2404,330 2449,325 2493,320 2537,314 2582,309 2626,303 2670,297 2715,292 2759,285 2804,276"/>
                <TextEquiv>
                    <Unicode>in schafft groffnet vnnd daruß genommmen</Unicode>
                </TextEquiv>
            </TextLine>
            <TextLine id="r2l4" custom="readingOrder {index:3;}">
                <Coords points="1904,502 1941,485 1963,495 1975,482 2024,492 2091,452 2159,449 2141,378 2121,403 2099,394 2082,422 2063,427 2028,408 2001,406 1974,448 1947,445 1897,475"/>
                <Baseline points="1907,488 1933,483 1960,476 1987,469 2014,462 2040,453 2067,445 2094,439 2121,435 2148,432"/>
                <TextEquiv>
                    <Unicode>o st</Unicode>
                </TextEquiv>
            </TextLine>
            <TextLine id="r2l5" custom="readingOrder {index:4;}">
                <Coords points="1904,626 2206,535 2839,487 2834,419 2733,448 2676,410 2539,478 2385,457 2239,472 2097,531 1891,533"/>
                <Baseline points="1907,602 1953,589 1999,578 2046,568 2092,558 2138,550 2185,542 2231,534 2277,528 2324,521 2370,516 2416,511 2463,506 2509,501 2555,497 2602,492 2648,488 2694,483 2741,478 2787,474 2834,468"/>
                <TextEquiv>
                    <Unicode>Ein kürfferin wader Kechell sampt dem deckel¬</Unicode>
                </TextEquiv>
            </TextLine>
            <TextLine id="r2l6" custom="readingOrder {index:5;} place {offset:30; length:9;}">
                <Coords points="1927,668 2079,622 2197,649 2253,603 2342,622 2419,578 2490,598 2528,559 2665,548 2726,576 2725,501 2410,551 2332,533 2271,575 2205,536 2140,592 2009,575 1921,628"/>
                <Baseline points="1931,653 1970,642 2010,634 2049,625 2089,618 2129,611 2168,605 2208,597 2247,593 2287,587 2327,582 2366,577 2406,572 2445,568 2485,563 2525,558 2564,553 2604,548 2643,542 2683,536 2723,530"/>
                <TextEquiv>
                    <Unicode>in klicfternie schwencke vnnd handtberk</Unicode>
                </TextEquiv>
            </TextLine>
            <TextLine id="r2l7" custom="readingOrder {index:6;}">
                <Coords points="1915,714 1985,733 2119,675 2151,694 2245,654 2399,661 2440,626 2558,650 2623,599 2760,598 2792,582 2786,540 2726,573 2615,554 2533,596 2418,579 2342,622 2144,601 2114,635 1987,639 1910,685"/>
                <Baseline points="1920,708 1963,699 2006,689 2049,681 2093,672 2136,665 2179,658 2223,651 2266,646 2309,641 2353,635 2396,630 2439,624 2482,619 2526,614 2569,609 2612,605 2656,598 2699,593 2742,588 2786,582"/>
                <TextEquiv>
                    <Unicode>in zuryzug. Lin tryfuß ein häli unnd</Unicode>
                </TextEquiv>
            </TextLine>
            <TextLine id="r2l8" custom="readingOrder {index:7;}">
                <Coords points="1921,768 2017,781 2090,733 2228,757 2318,719 2521,709 2569,674 2751,684 2810,658 2803,603 2623,599 2518,658 2249,655 2190,694 1916,729"/>
                <Baseline points="1926,762 1969,752 2013,740 2057,732 2101,724 2144,718 2188,711 2232,705 2276,700 2319,696 2363,691 2407,687 2451,683 2494,678 2538,674 2582,671 2626,664 2669,659 2713,653 2757,646 2801,638"/>
                <TextEquiv>
                    <Unicode>best noch ein scheiden, datuo ein maßer vnnd</Unicode>
                </TextEquiv>
            </TextLine>
            <TextLine id="r2l9" custom="readingOrder {index:8;}">
                <Coords points="1922,835 1945,844 1980,807 2003,815 2020,809 2029,815 2051,804 2061,811 2086,789 2130,805 2121,742 2110,742 2089,764 2054,755 2020,781 2004,783 1985,770 1959,777 1946,771 1917,805"/>
                <Baseline points="1925,818 1953,813 1981,807 2009,801 2038,796 2066,791 2094,788 2123,785"/>
                <TextEquiv>
                    <Unicode>geriend</Unicode>
                </TextEquiv>
            </TextLine>
            <TextLine id="r2l10" custom="readingOrder {index:9;}">
                <Coords points="1915,906 1997,920 2181,857 2552,822 2802,835 2875,812 2870,756 2206,799 2133,842 1973,829 1911,865"/>
                <Baseline points="1919,890 1966,883 2013,876 2061,871 2108,866 2156,861 2203,855 2250,851 2298,847 2345,843 2393,838 2440,834 2487,831 2535,827 2582,822 2630,819 2677,815 2724,810 2772,807 2819,804 2867,800"/>
                <TextEquiv>
                    <Unicode>daßselbig habe er in den Källeruf dem kilchhof</Unicode>
                </TextEquiv>
            </TextLine>
            <TextLine id="r2l11" custom="readingOrder {index:10;} place {offset:12; length:7;}">
                <Coords points="1918,957 2067,921 2125,956 2169,915 2312,892 2523,880 2556,902 2751,853 2747,813 2610,850 2550,825 2470,868 1913,907"/>
                <Baseline points="1923,947 1964,939 2005,931 2046,925 2087,919 2128,915 2169,910 2210,906 2251,902 2292,899 2333,896 2374,893 2415,888 2456,885 2497,882 2538,877 2579,874 2620,868 2661,864 2702,857 2744,849"/>
                <TextEquiv>
                    <Unicode>sstatts off verborg unnd verhimens</Unicode>
                </TextEquiv>
            </TextLine>
            <TextLine id="r2l12" custom="readingOrder {index:11;}">
                <Coords points="1927,1013 2027,979 2805,913 2810,868 2575,904 2526,876 2470,917 2404,891 2233,907 2117,955 1920,953"/>
                <Baseline points="1931,995 1974,987 2018,981 2062,975 2106,969 2150,963 2193,959 2237,954 2281,951 2325,946 2369,942 2412,938 2456,934 2500,931 2544,926 2588,923 2631,919 2675,914 2719,910 2763,904 2807,899"/>
                <TextEquiv>
                    <Unicode>intag den waßen eßel mitt einem viell</Unicode>
                </TextEquiv>
            </TextLine>
            <TextLine id="r2l13" custom="readingOrder {index:12;}">
                <Coords points="1921,1056 2133,1024 2202,1045 2242,1014 2398,1034 2536,973 2662,1001 2700,968 2784,961 2781,930 2711,910 2535,956 2368,942 2330,967 2201,960 2138,1003 1916,1014"/>
                <Baseline points="1925,1043 1967,1038 2010,1034 2052,1028 2095,1023 2138,1019 2180,1014 2223,1011 2265,1005 2308,1002 2351,997 2393,993 2436,989 2478,984 2521,980 2564,976 2606,972 2649,966 2691,963 2734,958 2777,953"/>
                <TextEquiv>
                    <Unicode>vrschlag, in ein shutten gethan, vnnd dem</Unicode>
                </TextEquiv>
            </TextLine>
            <TextLine id="r2l14" custom="readingOrder {index:13;}">
                <Coords points="1931,1116 1976,1123 2028,1101 2075,1118 2115,1074 2191,1097 2246,1062 2326,1072 2321,1026 2299,1020 2277,1037 2248,1023 2227,1043 2189,1046 2155,1031 2091,1047 2060,1029 2036,1041 2024,1032 1979,1066 1956,1049 1926,1065"/>
                <Baseline points="1935,1094 1960,1089 1986,1086 2011,1083 2037,1080 2062,1077 2088,1074 2113,1071 2139,1070 2164,1067 2190,1065 2215,1062 2241,1060 2266,1058 2292,1056 2318,1053"/>
                <TextEquiv>
                    <Unicode>soige heim getragen</Unicode>
                </TextEquiv>
            </TextLine>
            <TextLine id="r2l15" custom="readingOrder {index:14;}">
                <Coords points="1920,1186 2172,1155 2241,1176 2622,1107 2675,1138 2706,1101 2785,1121 2844,1099 2840,1046 2470,1107 2277,1059 2189,1127 1915,1124"/>
                <Baseline points="1925,1163 1970,1160 2016,1158 2061,1155 2107,1152 2153,1150 2198,1147 2244,1143 2289,1140 2335,1137 2381,1133 2426,1130 2472,1125 2517,1122 2563,1118 2609,1113 2654,1109 2700,1105 2745,1099 2791,1094 2837,1089"/>
                <TextEquiv>
                    <Unicode>In mutter aber habt Inne meinal getragt</Unicode>
                </TextEquiv>
            </TextLine>
            <TextLine id="r2l16" custom="readingOrder {index:15;}">
                <Coords points="1935,1225 2071,1199 2199,1234 2247,1196 2670,1159 2737,1189 2786,1146 2890,1158 2886,1101 1932,1192"/>
                <Baseline points="1940,1211 1987,1207 2034,1204 2081,1202 2128,1198 2175,1195 2222,1191 2269,1189 2316,1185 2363,1181 2411,1178 2458,1174 2505,1170 2552,1166 2599,1162 2646,1158 2693,1154 2740,1149 2787,1145 2834,1139 2882,1133"/>
                <TextEquiv>
                    <Unicode>wo i daßelbigen genommen unnd der unthreüet</Unicode>
                </TextEquiv>
            </TextLine>
            <TextLine id="r2l17" custom="readingOrder {index:16;}">
                <Coords points="1923,1294 1985,1312 2117,1273 2392,1280 2504,1235 2593,1248 2744,1215 2741,1187 2659,1170 2507,1223 2458,1200 2141,1248 2066,1204 2023,1246 1919,1247"/>
                <Baseline points="1928,1281 1968,1279 2009,1277 2049,1274 2090,1271 2130,1268 2171,1265 2211,1263 2252,1260 2292,1257 2333,1254 2373,1251 2414,1249 2454,1245 2495,1242 2535,1239 2576,1236 2616,1232 2657,1228 2697,1225 2738,1220"/>
                <TextEquiv>
                    <Unicode>die hauwen unnd schufflen so es mit imme</Unicode>
                </TextEquiv>
            </TextLine>
            <TextLine id="r2l18" custom="readingOrder {index:17;}">
                <Coords points="1934,1361 2444,1311 2545,1333 2603,1297 2672,1320 2732,1281 2822,1280 2815,1228 2767,1255 2673,1235 2586,1273 2512,1249 2411,1287 2333,1268 1930,1306"/>
                <Baseline points="1937,1331 1983,1329 2029,1328 2075,1326 2122,1323 2168,1322 2214,1319 2260,1316 2307,1312 2353,1308 2399,1305 2445,1301 2492,1297 2538,1293 2584,1289 2630,1285 2677,1282 2723,1277 2769,1274 2816,1269"/>
                <TextEquiv>
                    <Unicode>heingebracht, synnds zuuos syn gewäsen.</Unicode>
                </TextEquiv>
            </TextLine>
            <TextLine id="r2l19" custom="readingOrder {index:18;}">
                <Coords points="1932,1449 2284,1415 2340,1440 2409,1402 2631,1391 2692,1413 2784,1384 2781,1344 2692,1332 2646,1363 2605,1337 2255,1395 1926,1365"/>
                <Baseline points="1937,1428 1979,1427 2021,1425 2063,1423 2105,1421 2147,1418 2189,1415 2231,1412 2273,1410 2315,1406 2357,1404 2399,1400 2441,1397 2483,1393 2525,1391 2567,1386 2609,1383 2651,1380 2693,1377 2735,1374 2777,1370"/>
                <TextEquiv>
                    <Unicode>Ist erstlich lär demnach mit dem kleinsten</Unicode>
                </TextEquiv>
            </TextLine>
            <TextLine id="r2l20" custom="readingOrder {index:19;}">
                <Coords points="1957,1499 2015,1476 2087,1507 2146,1466 2237,1484 2289,1455 2358,1465 2353,1408 2326,1423 2234,1426 2217,1440 2095,1427 2045,1456 1954,1459"/>
                <Baseline points="1961,1478 1987,1478 2013,1478 2039,1475 2065,1475 2091,1472 2117,1470 2143,1467 2169,1464 2195,1462 2221,1459 2247,1456 2273,1454 2299,1452 2325,1451 2351,1451"/>
                <TextEquiv>
                    <Unicode>tein uffzot werden.</Unicode>
                </TextEquiv>
            </TextLine>
            <TextEquiv>
                <Unicode>69
und alda mit einem siell, so ur mit im getragen
in schafft groffnet vnnd daruß genommmen
o st
Ein kürfferin wader Kechell sampt dem deckel¬
in klicfternie schwencke vnnd handtberk
in zuryzug. Lin tryfuß ein häli unnd
best noch ein scheiden, datuo ein maßer vnnd
geriend
daßselbig habe er in den Källeruf dem kilchhof
sstatts off verborg unnd verhimens
intag den waßen eßel mitt einem viell
vrschlag, in ein shutten gethan, vnnd dem
soige heim getragen
In mutter aber habt Inne meinal getragt
wo i daßelbigen genommen unnd der unthreüet
die hauwen unnd schufflen so es mit imme
heingebracht, synnds zuuos syn gewäsen.
Ist erstlich lär demnach mit dem kleinsten
tein uffzot werden.</Unicode>
            </TextEquiv>
        </TextRegion>
    </Page>
</PcGts>
