3024 4032
941 127 1848 286 eigt an. Er könne vnnd welle von
944 201 1837 336 sone meynung nit abstan. und ist noch
953 251 1844 400 malen bekandtlich alls verschines jan
916 315 1799 413 das so diers kilch alhis, nit i
926 353 1838 461 von Ehesterlichs kilchen halbe wee
939 418 1825 533 das myite 6 zu jar vordnn vg
932 481 1786 560 eptlönffig vermelden wedende.
940 689 1850 824 Ob glychwol Hanns Bumann sich hieuor
958 777 1813 881 grund unnd ustrückenlichenn entschloßem
954 849 1819 946 onn spnen Irthinnenn vnnd gefaßete der
952 903 1875 1001 der Toüffers halb inn keynen wäg abzustan,
959 953 1822 1055 sonnders by deselbigenn bs an syn lund
977 1018 1851 1108 andthafftigklich zuneblybenn. Hat e doch
965 1080 1833 1165 geftrigs 27 augstmonats diß 1601 jars
948 1131 1836 1221 Inn bysen der vesten frommen, finnemmenn
947 1196 1843 1286 ersamen wysen herenn Johans Lennders
975 1234 1803 1333 deß Rhats Hans Frantz Dilliers vnnd
982 1293 1854 1388 osua vonn Mülinens de Barzeen sielaus
974 1357 1849 1438 von Mulmens Grosweybels, (nach dem
983 1419 1856 1478 er uff besuelch myner  s und oberer gannn
956 1465 1864 1561 marzeli gefürt worden) daselbst one marter
996 1525 1876 1614 ich dahin begebenn, vnnd bewegenn laßen
980 1574 1880 1670 das er an godtsstatt glopt zugesagt unnd
983 1633 1850 1733 vesprochenn. Er hoch vnnd mehrgenampt
985 1703 1862 1779 er gnaden, als eyner krommen von got dem
999 1747 1889 1836 almechtigen yngesetzten oberkeyt uff gotes
995 1807 1903 1895 wort alts und meirs testamens wolgegründ
1011 1859 1892 1934 ter Reformation, satzungen Policien oro
1005 1909 1845 2001 nungen und christenlichen mandatenn
1004 1965 1882 2058 getruwlichen ghorsammenn. Die predigen
995 2019 1893 2109 Heligs enangelmens mit der christenlichen
1004 2073 1866 2170 gmeynd, nach altem bruch besuch
1003 2115 1896 2220 zur kilchen sich verfugen, die sacrament
1010 2186 1900 2292 wie sy von Ghristo unseem heren yngesetz
1012 2235 1844 2357 unnd zu syne gedächtnuß zu bruchen unns
1022 2306 1897 2409 gebotten worden flyßig zubegan. firnem
1003 2365 1896 2477 ich aber  der verfürischen sert
1790 2483 1855 2553 de
1976 -8 2933 235 w
1971 79 2913 284 fmohin genntzlich unnd allerding by guten
1983 142 2892 344 hrieen ehren unnd gleuben zuennzuihen
1975 169 2988 395 inn ire winckel versammlungen, noch sonst zu inen
1980 241 2988 421 niemanne vefügen, sonnde als inem vnderthaw
1984 305 2860 480 gepüit vner gnaden ghorsammen leysten wille.
1965 305 2961 527 wie er dan diß alles zue statten mynen .
1983 398 2896 578 Großwybel ann erdtsstadt, inn die
1986 503 2338 617 hand glopt hat
2040 513 2878 709 Dise Buman soh denn versprochenen eyd
2051 588 2845 748 am chorgricht thun, wo nit wid erumb
2089 661 2818 815 zamgfaungenschafft gelegt worden.
2596 711 2662 769 ar
2355 746 2426 784 obes
1998 699 2967 908 gat uff 28 augusti den lydvor bricht gethan
2341 828 2409 880 1601
2085 1014 2694 1142 Abraham Werdmuller.
1949 1085 2027 1155 124
1994 1148 2917 1262 uff monntag den 7. hepstmonats 1601 jars
2015 1223 2979 1322 Ist Abraham Wedmülle von Copringenn iun
2014 1278 2991 1389 sysy de frommen fürnemmen ersammen sogt ein
2008 1337 2975 1433 herenn Alepande Huses deß Rhats, Peter
2009 1404 2981 1477 Hagelsteyns der Burgeer Kiclans von Müliens
2023 1450 2974 1533 Großwybels sampt etlichen stryblen in gtz
2007 1505 3019 1617 und oberen zu Marheli pynlich exammiert
2031 1564 2649 1660 unnd flyßig befragt worden
2024 1631 2990 1716 warumb e vber gethane glüpt die Wyn, vnd
2027 1700 2979 1773 wirtslüse zumyden selbige sdtharofftmaln
2044 1731 2991 1822 besucht unnd also dardurch syne und unseren
2038 1788 2969 1885 gz und ober mandat unnd bewelch über
2055 1832 2169 1887 ochen
2033 1852 2985 1991 lrögt ann Es habind inne etliche gsellen
2040 1925 2973 2029 zum wyn geführt, dardursh er sollich gebott
2041 1969 2995 2082 übertretten, sye Ime leyd, bittende Ir gnaden
2039 2034 2978 2141 vmb verziehung, Er welle sölliches nit mehr
2038 2069 2119 2149 thun
2034 2148 3004 2257 hm übrigen als e befragt worden, Was inne
2039 2211 3020 2331 unnd anndere synes glychen bewegt unnd ve
2005 2261 3002 2395 vrsachet, dem alten prediranten zu Coppange
2042 2299 2996 2438 zu tratz schmach und schand (ui gmüsen und
2024 2369 2991 2501 kenerent vor u g zumelden) abgangene und
2024 2408 2661 2534 vedorbne Corpel, inn syn
2671 2447 3028 2577 hof zuweffen
2755 2546 2983 2631 Jeggt an
2776 2614 3021 2679 vrneldet
