3024 4032
801 296 918 355 uff der
811 340 935 390 hinderen
831 374 952 443 heitzemat
943 151 1813 293 Item, so hatt er bekenndt, das vo schine
954 220 1812 350 Wuditers nach dem eo inn spirs schwaren
981 289 1797 414 namen etwas holtzes, so der gschnehe
1001 344 1794 457 idertruckt) ufgenachet. habe er
994 410 1815 566 vnn Bogenn sampt eyne daby gewesnen
969 476 1816 620 windenn uß dem schützemhns gestolen
983 552 1771 678 unnd selbigen Peter Wekenn, so
980 622 1801 735 jethund mit ime ihnn baunden lige
1586 703 1632 748 och
1007 693 1790 826 Ampt eynem Brief, sibenns kronen
994 755 1783 893 Innhaltennde, vmb vier Kronen
995 842 1187 943 versetzt.
976 1007 1816 1132 Vorners zeygt er ann, das vngfarlich
1014 1074 1822 1185 vor ynem Monat eynes abenndts
1677 1147 1840 1198 de schutz einer
998 1136 1804 1258 handt, er uß eynem schafft ein
1011 1230 1810 1328 musguistenn und uß yysnem anderen
1022 1287 1774 1392 ien hanndvor entzuckt, die gan
1020 1352 1810 1477 Frybung tragen. Die musgneten
1044 1412 1797 1521 ynem kupfferschmid by dem Barn
953 1408 1006 1524 al
851 1489 1005 1571 umb 3l
1046 1480 1801 1586 hor worhafft, vnnd die salb uchsenn
1052 1553 1818 1660 inem nachpmen daselbst, den e2
1048 1610 1808 1729 aber mi bekenne, vmb zwen guldi
1028 1670 1795 1777 könfflich hingabenn. Welche
1058 1746 1857 1835 tuck aber ime noch nit bezalt worden
1028 1881 1854 2023 Denne habe er obgesagtem Herrn
1047 1984 1816 2087 Muschafennschaffer Mellen in
1039 2043 1796 2125 Dynem zummethus uff dem altenberg
1060 2118 1858 2222 gelegen, ab eynem gießfaßschefftli
917 2175 1885 2278 schloßgebroch. Das abe Morff obgemelte
1026 2224 1421 2332 jene genomenn.
2791 -11 2866 47 4
1910 56 2820 249 übrigen ist nouch befragt worden.
1944 98 2807 282 was ursachenn er sich mit veeerennt
1879 160 2844 381 iavg zumelden) Inn den ehegrabenn w
1904 206 2877 437 hoffenn, unnd warumb er sich dahin begaben
1866 306 2573 512 alen und
1893 362 2909 575 ach deme abemafenn, durch din stuta, so wolen als
1903 445 2904 628 ouch anndere bericht yngenommen, man worde jnne
1910 504 2900 687 sachen vnnd gefencklich vnzuch laßen. Haben
1916 571 2906 742 r veschiner nacht sich hinwäge machn wellen,
1904 656 2849 807 derhalbenn sich frny zum tha verfügt, Wann
1913 696 2780 867 abe das beschloßen gsen, sye er hin ob
2391 808 2550 853 ganngen
1900 751 2874 943 Im das fünste gaßli gangen durch e loch
1922 840 2853 1020 bgestigeen, alda unntzil uff dee abend
1907 925 2017 978 daryi
1919 930 2809 1070 wartenn, vnnd alsdan sener glegen heyt nach
1921 988 2889 1160 hinweg fluchen wellenn, darum e agriff
1931 1092 2865 1232 vnnd geftenncklich vnn zogenn wordenn.
1911 1137 2865 1301 Sonnst ist e nit anred noch bekandtlich
1941 1227 2821 1339 das e ynche gsellsthafften ghept, noch
1907 1322 2607 1430 wener diebstel eegangen habe
