<?xml version="1.0" encoding="UTF-8" standalone="yes"?>
<PcGts xmlns="http://schema.primaresearch.org/PAGE/gts/pagecontent/2013-07-15" xmlns:xsi="http://www.w3.org/2001/XMLSchema-instance" xsi:schemaLocation="http://schema.primaresearch.org/PAGE/gts/pagecontent/2013-07-15 http://schema.primaresearch.org/PAGE/gts/pagecontent/2013-07-15/pagecontent.xsd">
    <Metadata>
        <Creator>prov=University of Rostock/Institute of Mathematics/CITlab|PLANET AI GmbH/Gundram Leifert/gundram.leifert@planet-ai.de:name=German_Kurrent_XVI-XVIII_M1(htr_id=19584)::::v=2.6.7
prov=University of Rostock/Institute of Mathematics/CITlab|PLANET AI GmbH/Tobias Gruening/tobias.gruening@planet-ai.de:name=de.uros.citlab.module.baseline2polygon.B2PSeamMultiOriented:v=2.6.7
prov=University of Rostock/Institute of Mathematics/CITlab|PLANET AI GmbH/Tobias Gruening/tobias.gruening@planet-ai.de:name=/net_tf/LA73_249_0mod360.pb:de.uros.citlab.segmentation.CITlab_LA_ML:v=2.6.7
Transkribus</Creator>
        <Created>2021-02-10T20:29:44.777+01:00</Created>
        <LastChange>2022-09-12T14:11:06.314+02:00</LastChange>
        <TranskribusMetadata docId="1334806" pageId="52358302" pageNr="22" tsid="114639994" status="IN_PROGRESS" userId="9570" imgUrl="https://files.transkribus.eu/Get?id=PEOJRMKRQVIHKIPFUJVVZEKK&amp;fileType=view" xmlUrl="https://files.transkribus.eu/Get?id=FGCCUNLWUKTQMCVIPPMAYLHN" imageId="19931116"/>
    </Metadata>
    <Page imageFilename="IMG_8815.jpg" imageWidth="3024" imageHeight="4032">
        <ReadingOrder>
            <OrderedGroup id="ro_1687513846728" caption="Regions reading order">
                <RegionRefIndexed index="0" regionRef="r1"/>
                <RegionRefIndexed index="1" regionRef="r2"/>
                <RegionRefIndexed index="2" regionRef="r3"/>
                <RegionRefIndexed index="3" regionRef="r4"/>
                <RegionRefIndexed index="4" regionRef="r5"/>
            </OrderedGroup>
        </ReadingOrder>
        <TextRegion orientation="0.0" id="r1" custom="readingOrder {index:0;}">
            <Coords points="842,1357 842,1510 905,1510 905,1357"/>
            <TextLine id="r1l1" custom="readingOrder {index:0;}">
                <Coords points="835,1472 844,1471 859,1484 864,1481 883,1495 909,1494 915,1384 898,1387 880,1375 857,1376 853,1371 840,1370"/>
                <Baseline points="842,1457 873,1458 905,1460"/>
                <TextEquiv>
                    <Unicode>E</Unicode>
                </TextEquiv>
            </TextLine>
            <TextEquiv>
                <Unicode>E</Unicode>
            </TextEquiv>
        </TextRegion>
        <TextRegion orientation="0.0" id="r2" custom="readingOrder {index:1;}">
            <Coords points="893,1982 893,2466 993,2466 993,1982"/>
            <TextLine id="r2l1" custom="readingOrder {index:0;}">
                <Coords points="927,2043 940,2042 944,2046 947,2042 955,2048 960,2044 967,2046 970,2041 976,2040 963,1960 947,1963 933,1974 928,1972 926,1975 915,1975"/>
                <Baseline points="929,2021 965,2015"/>
                <TextEquiv>
                    <Unicode></Unicode>
                </TextEquiv>
            </TextLine>
            <TextLine id="r2l2" custom="readingOrder {index:1;}">
                <Coords points="887,2090 902,2096 913,2087 926,2089 938,2083 971,2102 980,2098 992,2100 987,2029 977,2031 964,2045 955,2048 949,2043 927,2045 904,2029 884,2038"/>
                <Baseline points="893,2084 923,2081 953,2078 984,2079"/>
                <TextEquiv>
                    <Unicode>136</Unicode>
                </TextEquiv>
            </TextLine>
            <TextLine id="r2l3" custom="readingOrder {index:2;}">
                <Coords points="908,2353 935,2356 948,2362 957,2355 969,2355 979,2349 987,2351 987,2310 969,2309 964,2304 944,2313 942,2310 938,2312 926,2300 918,2305 908,2305"/>
                <Baseline points="914,2349 947,2349 980,2349"/>
                <TextEquiv>
                    <Unicode>137</Unicode>
                </TextEquiv>
            </TextLine>
            <TextLine id="r2l4" custom="readingOrder {index:3;}">
                <Coords points="960,2487 973,2488 978,2484 986,2487 1007,2482 982,2347 971,2352 958,2372 940,2379"/>
                <Baseline points="960,2448 993,2442"/>
                <TextEquiv>
                    <Unicode></Unicode>
                </TextEquiv>
            </TextLine>
            <TextEquiv>
                <Unicode>
136
137
</Unicode>
            </TextEquiv>
        </TextRegion>
        <TextRegion orientation="0.0" id="r3" custom="readingOrder {index:2;}">
            <Coords points="944,163 944,2527 1890,2527 1890,163"/>
            <TextLine id="r3l1" custom="readingOrder {index:0;}">
                <Coords points="937,191 1188,234 1467,215 1539,249 1631,233 1672,267 1735,243 1840,275 1847,179 1815,167 1577,203 1251,125 1127,145 945,90"/>
                <Baseline points="944,189 988,191 1032,192 1077,194 1121,195 1166,196 1210,198 1255,200 1299,203 1344,204 1388,207 1432,211 1477,215 1521,220 1566,224 1610,229 1655,236 1699,242 1744,251 1788,259 1833,269"/>
                <TextEquiv>
                    <Unicode>Das vo aber ihme, alle die wyl vo hasnagt</Unicode>
                </TextEquiv>
            </TextLine>
            <TextLine id="r3l2" custom="readingOrder {index:1;}">
                <Coords points="943,260 1244,292 1356,272 1475,311 1543,285 1759,334 1839,330 1841,305 1737,243 1565,263 1506,224 1370,249 947,203"/>
                <Baseline points="950,254 994,254 1038,255 1082,255 1126,257 1170,258 1214,260 1259,261 1303,263 1347,266 1391,268 1435,270 1479,275 1523,279 1568,284 1612,288 1656,294 1700,301 1744,308 1788,315 1833,323"/>
                <TextEquiv>
                    <Unicode>Inn banden gelegenn, getronpt. Wann</Unicode>
                </TextEquiv>
            </TextLine>
            <TextLine id="r3l3" custom="readingOrder {index:2;}">
                <Coords points="975,332 1021,360 1192,336 1291,379 1409,327 1658,397 1706,363 1830,398 1832,362 1695,303 1541,285 1478,314 1219,276 1110,306 1027,265 979,284"/>
                <Baseline points="983,323 1025,323 1067,323 1109,323 1151,323 1193,324 1235,326 1277,327 1319,330 1361,332 1403,334 1445,338 1487,340 1529,344 1571,348 1613,352 1655,359 1697,364 1739,370 1781,377 1824,384"/>
                <TextEquiv>
                    <Unicode>so inne blandlod und usgegoßnenn</Unicode>
                </TextEquiv>
            </TextLine>
            <TextLine id="r3l4" custom="readingOrder {index:3;}">
                <Coords points="941,397 1198,390 1297,428 1515,415 1854,461 1858,397 1707,363 1663,397 1595,365 1517,381 1408,327 1292,379 1226,348 1100,371 945,335"/>
                <Baseline points="948,384 993,384 1038,385 1083,386 1128,386 1173,386 1218,386 1263,387 1308,387 1353,389 1398,390 1443,393 1488,396 1533,399 1578,404 1623,409 1668,415 1713,423 1758,430 1803,440 1848,452"/>
                <TextEquiv>
                    <Unicode>irdenn halb, entschlsäche ode</Unicode>
                </TextEquiv>
            </TextLine>
            <TextLine id="r3l5" custom="readingOrder {index:4;}">
                <Coords points="960,483 1487,465 1584,497 1728,486 1828,533 1883,523 1886,484 1640,435 1250,434 1192,394 965,417"/>
                <Baseline points="969,443 1014,447 1059,450 1105,453 1150,456 1196,457 1241,458 1286,459 1332,461 1377,462 1423,464 1468,465 1513,467 1559,470 1604,473 1650,478 1695,483 1740,489 1786,496 1831,504 1877,516"/>
                <TextEquiv>
                    <Unicode>habe iis unrecht gethan, werde zachtes</Unicode>
                </TextEquiv>
            </TextLine>
            <TextLine id="r3l6" custom="readingOrder {index:5;}">
                <Coords points="1301,506 1381,492 1447,513 1631,509 1751,546 1764,483 1736,497 1637,477 1537,491 1473,465 1446,488 1303,461"/>
                <Baseline points="1308,494 1334,496 1360,498 1386,499 1413,500 1439,501 1465,503 1492,503 1518,504 1544,506 1570,506 1597,508 1623,510 1649,512 1676,514 1702,518 1728,522 1755,527"/>
                <TextEquiv>
                    <Unicode>syr durch dane nit beschechen</Unicode>
                </TextEquiv>
            </TextLine>
            <TextLine id="r3l7" custom="readingOrder {index:6;}">
                <Coords points="975,515 1108,551 1156,528 1187,541 1235,526 1325,563 1362,538 1458,553 1509,537 1510,512 1381,491 1283,515 1214,477 1091,499 1050,479 976,483"/>
                <Baseline points="981,512 1007,514 1033,515 1059,517 1085,518 1111,520 1137,521 1163,522 1189,524 1215,524 1242,525 1268,527 1294,527 1320,528 1346,528 1372,530 1398,530 1424,530 1450,530 1476,530 1503,530"/>
                <TextEquiv>
                    <Unicode>wordenn etc. Das habe</Unicode>
                </TextEquiv>
            </TextLine>
            <TextLine id="r3l8" custom="readingOrder {index:7;}">
                <Coords points="1564,563 1630,571 1654,551 1670,551 1705,574 1765,587 1781,577 1849,573 1854,526 1803,548 1762,542 1754,532 1727,541 1718,530 1700,533 1686,514 1666,525 1651,511 1569,514"/>
                <Baseline points="1572,543 1599,545 1626,547 1653,549 1680,552 1707,556 1734,559 1761,561 1788,565 1815,568 1842,572"/>
                <TextEquiv>
                    <Unicode>gethann unnd</Unicode>
                </TextEquiv>
            </TextLine>
            <TextLine id="r3l9" custom="readingOrder {index:8;}">
                <Coords points="993,603 1077,583 1189,625 1241,598 1465,598 1607,637 1685,619 1732,656 1837,644 1841,576 1627,596 1555,558 1360,539 1320,565 1237,527 996,551"/>
                <Baseline points="1001,579 1042,581 1083,583 1125,585 1166,586 1208,588 1249,590 1291,590 1332,591 1374,594 1415,596 1456,597 1498,600 1539,603 1581,606 1622,609 1664,613 1705,618 1747,623 1788,628 1830,635"/>
                <TextEquiv>
                    <Unicode>wede sich nit erfindenn, dan das Im</Unicode>
                </TextEquiv>
            </TextLine>
            <TextLine id="r3l10" custom="readingOrder {index:9;}">
                <Coords points="983,668 1164,656 1239,697 1292,661 1447,650 1651,718 1684,698 1832,722 1834,675 1743,667 1687,621 1601,640 1464,598 1411,635 1359,598 1297,634 1246,598 1190,633 1140,605 986,617"/>
                <Baseline points="990,647 1031,648 1073,649 1115,650 1157,651 1199,651 1240,653 1282,654 1324,654 1366,656 1408,657 1449,659 1491,662 1533,665 1575,668 1617,673 1658,676 1700,682 1742,688 1784,695 1826,702"/>
                <TextEquiv>
                    <Unicode>nie maltenn iem sem kommen. Sie ouch</Unicode>
                </TextEquiv>
            </TextLine>
            <TextLine id="r3l11" custom="readingOrder {index:10;}">
                <Coords points="977,720 1153,712 1234,768 1398,739 1436,782 1481,764 1595,801 1703,764 1819,809 1895,794 1901,699 1777,742 1520,664 1292,660 1241,697 1059,660 979,686"/>
                <Baseline points="984,710 1029,712 1074,714 1119,716 1165,717 1210,719 1255,720 1300,723 1346,725 1391,726 1436,731 1481,734 1527,736 1572,740 1617,744 1662,749 1708,753 1753,759 1798,765 1843,771 1889,779"/>
                <TextEquiv>
                    <Unicode>one die amptsluth zur kehi nit gangen, ec.</Unicode>
                </TextEquiv>
            </TextLine>
            <TextLine id="r3l12" custom="readingOrder {index:11;}">
                <Coords points="944,796 1050,789 1187,841 1253,800 1395,808 1542,861 1609,839 1718,870 1833,852 1835,821 1649,786 1564,804 1481,766 1439,780 1401,739 1186,776 1138,732 949,718"/>
                <Baseline points="951,785 994,785 1038,786 1082,788 1126,789 1170,791 1213,792 1257,795 1301,800 1345,802 1389,806 1432,809 1476,812 1520,816 1564,819 1608,823 1651,826 1695,830 1739,833 1783,835 1827,837"/>
                <TextEquiv>
                    <Unicode>Burel Ir gnadenn vmb vorzyehung, dan</Unicode>
                </TextEquiv>
            </TextLine>
            <TextLine id="r3l13" custom="readingOrder {index:12;}">
                <Coords points="989,866 1071,860 1158,909 1274,878 1394,927 1484,886 1810,936 1814,873 1781,851 1573,874 1319,824 1275,855 1224,830 1106,841 1055,790 995,786"/>
                <Baseline points="996,857 1036,858 1076,860 1117,862 1157,864 1198,866 1238,869 1279,872 1319,875 1360,878 1400,881 1440,883 1481,887 1521,890 1562,893 1602,896 1643,899 1683,902 1724,905 1764,906 1805,909"/>
                <TextEquiv>
                    <Unicode>das er solche repgration begärt, sye</Unicode>
                </TextEquiv>
            </TextLine>
            <TextLine id="r3l14" custom="readingOrder {index:13;}">
                <Coords points="980,940 1499,961 1561,1004 1622,971 1677,999 1853,1000 1855,954 1702,907 1633,946 1572,916 1348,925 1294,885 1154,913 984,886"/>
                <Baseline points="987,926 1030,926 1073,927 1116,928 1159,930 1202,932 1245,934 1288,938 1331,941 1374,946 1417,950 1460,952 1503,956 1546,961 1589,964 1632,968 1675,971 1718,975 1761,977 1804,980 1848,981"/>
                <TextEquiv>
                    <Unicode>er darumb es zur verwißen a vm¬</Unicode>
                </TextEquiv>
            </TextLine>
            <TextLine id="r3l15" custom="readingOrder {index:14;}">
                <Coords points="1000,1007 1603,1030 1838,1083 1892,1075 1897,1017 1831,1029 1644,974 1527,1012 1367,964 1160,980 1005,946"/>
                <Baseline points="1008,995 1054,995 1100,996 1146,998 1193,1001 1239,1003 1285,1007 1331,1010 1378,1013 1424,1018 1470,1022 1516,1027 1563,1031 1609,1035 1655,1039 1701,1044 1748,1047 1794,1050 1840,1053 1887,1055"/>
                <TextEquiv>
                    <Unicode>achet wordenn, bereidtem fasnacht nach</Unicode>
                </TextEquiv>
            </TextLine>
            <TextLine id="r3l16" custom="readingOrder {index:15;}">
                <Coords points="1001,1108 1213,1075 1366,1098 1410,1133 1570,1108 1652,1146 1734,1117 1796,1162 1891,1169 1895,1089 1712,1096 1609,1031 1212,1051 1009,1004"/>
                <Baseline points="1011,1067 1054,1067 1098,1068 1142,1070 1186,1073 1230,1075 1273,1077 1317,1081 1361,1084 1405,1088 1449,1091 1492,1095 1536,1100 1580,1103 1624,1109 1668,1112 1711,1116 1755,1120 1799,1124 1843,1128 1887,1131"/>
                <TextEquiv>
                    <Unicode>zustellenn und deßwegen zum rechten</Unicode>
                </TextEquiv>
            </TextLine>
            <TextLine id="r3l17" custom="readingOrder {index:16;}">
                <Coords points="986,1156 1476,1168 1564,1175 1618,1220 1692,1194 1856,1215 1834,1156 1725,1126 1674,1159 1571,1109 1388,1150 1127,1086 1072,1129 988,1129"/>
                <Baseline points="993,1154 1035,1154 1078,1154 1121,1155 1164,1155 1207,1157 1250,1158 1293,1160 1336,1162 1379,1164 1422,1167 1464,1169 1507,1171 1550,1173 1593,1175 1636,1178 1679,1180 1722,1181 1765,1183 1808,1185 1851,1185"/>
                <TextEquiv>
                    <Unicode>Inne zueonordeenn. Got den Herein</Unicode>
                </TextEquiv>
            </TextLine>
            <TextLine id="r3l18" custom="readingOrder {index:17;}">
                <Coords points="1001,1231 1160,1229 1245,1271 1419,1275 1563,1232 1630,1285 1778,1276 1766,1211 1467,1215 1441,1191 1389,1211 1285,1179 1196,1204 1104,1165 1003,1175"/>
                <Baseline points="1008,1220 1046,1221 1084,1221 1122,1223 1161,1224 1199,1225 1237,1226 1275,1228 1314,1229 1352,1230 1390,1232 1428,1233 1467,1235 1505,1236 1543,1238 1581,1239 1620,1241 1658,1242 1696,1244 1734,1244 1773,1245"/>
                <TextEquiv>
                    <Unicode>umb vier g wolstand bittende.</Unicode>
                </TextEquiv>
            </TextLine>
            <TextLine id="r3l19" custom="readingOrder {index:18;} person {offset:0; length:16;}">
                <Coords points="1127,1370 1214,1396 1262,1367 1383,1375 1466,1411 1548,1386 1606,1428 1774,1428 1780,1318 1682,1302 1580,1329 1536,1298 1443,1333 1378,1301 1289,1309 1240,1271 1130,1317"/>
                <Baseline points="1134,1361 1165,1361 1197,1361 1229,1362 1261,1363 1293,1364 1324,1366 1356,1368 1388,1371 1420,1373 1452,1376 1483,1378 1515,1380 1547,1382 1579,1383 1611,1385 1642,1386 1674,1388 1706,1389 1738,1389 1770,1388"/>
                <TextEquiv>
                    <Unicode>Francon Blanghod</Unicode>
                </TextEquiv>
            </TextLine>
            <TextLine id="r3l20" custom="readingOrder {index:19;}">
                <Coords points="1000,1511 1075,1474 1139,1517 1533,1498 1593,1532 1799,1511 1831,1537 1896,1521 1898,1449 1825,1474 1664,1439 1415,1465 1275,1413 1079,1438 1003,1401"/>
                <Baseline points="1007,1475 1051,1476 1095,1478 1139,1479 1183,1481 1227,1484 1271,1485 1316,1487 1360,1489 1404,1491 1448,1493 1492,1494 1536,1496 1580,1497 1625,1499 1669,1499 1713,1500 1757,1500 1801,1500 1845,1500 1890,1500"/>
                <TextEquiv>
                    <Unicode>Ist uff 7 januarii 1602 synes getragnn</Unicode>
                </TextEquiv>
            </TextLine>
            <TextLine id="r3l21" custom="readingOrder {index:20;}">
                <Coords points="1004,1563 1109,1577 1167,1549 1325,1591 1423,1549 1761,1590 1880,1574 1882,1534 1646,1509 1593,1532 1539,1498 1502,1528 1441,1498 1388,1526 1116,1521 1044,1487 1007,1507"/>
                <Baseline points="1011,1542 1054,1542 1097,1544 1140,1544 1183,1545 1226,1547 1269,1550 1313,1552 1356,1554 1399,1557 1442,1559 1485,1561 1528,1563 1571,1566 1615,1568 1658,1569 1701,1571 1744,1571 1787,1571 1830,1571 1874,1571"/>
                <TextEquiv>
                    <Unicode>statthalte ampts entsetzt</Unicode>
                </TextEquiv>
            </TextLine>
            <TextLine id="r3l22" custom="readingOrder {index:21;}">
                <Coords points="1000,1626 1110,1648 1415,1620 1508,1662 1564,1629 1644,1657 1856,1646 1835,1572 1672,1611 1510,1558 1331,1594 1274,1570 1001,1575"/>
                <Baseline points="1007,1614 1049,1612 1091,1611 1133,1611 1175,1611 1217,1611 1259,1613 1302,1613 1344,1614 1386,1616 1428,1617 1470,1619 1512,1620 1554,1622 1597,1623 1639,1625 1681,1626 1723,1627 1765,1628 1807,1628 1850,1628"/>
                <TextEquiv>
                    <Unicode> Notarial kunfft unntzu uf gnad</Unicode>
                </TextEquiv>
            </TextLine>
            <TextLine id="r3l23" custom="readingOrder {index:22;}">
                <Coords points="1025,1681 1190,1682 1289,1719 1350,1688 1438,1722 1548,1686 1877,1713 1891,1666 1559,1636 1508,1662 1382,1621 1301,1648 1025,1633"/>
                <Baseline points="1031,1671 1073,1671 1116,1671 1158,1673 1201,1673 1244,1674 1286,1674 1329,1676 1372,1676 1414,1677 1457,1677 1500,1679 1542,1679 1585,1680 1628,1682 1670,1682 1713,1683 1756,1683 1798,1685 1841,1685 1884,1686"/>
                <TextEquiv>
                    <Unicode>myne s s stillgestelt worden. Sol allen</Unicode>
                </TextEquiv>
            </TextLine>
            <TextLine id="r3l24" custom="readingOrder {index:23;} person {offset:24; length:13;}">
                <Coords points="1000,1758 1081,1736 1885,1777 1877,1705 1591,1691 1549,1722 1401,1724 1330,1695 1230,1723 1002,1692"/>
                <Baseline points="1007,1740 1050,1739 1094,1737 1137,1737 1181,1737 1224,1737 1268,1737 1311,1737 1355,1739 1398,1739 1442,1740 1486,1742 1529,1743 1573,1743 1616,1745 1660,1746 1703,1748 1747,1749 1790,1751 1834,1751 1878,1752"/>
                <TextEquiv>
                    <Unicode>costen, so mit ihme und Hans fasnacht</Unicode>
                </TextEquiv>
            </TextLine>
            <TextLine id="r3l25" custom="readingOrder {index:24;}">
                <Coords points="1025,1845 1114,1824 1188,1828 1218,1803 1288,1793 1352,1825 1395,1827 1414,1818 1414,1767 1392,1762 1354,1780 1264,1753 1211,1770 1166,1747 1122,1779 1073,1753 1024,1764"/>
                <Baseline points="1031,1799 1056,1800 1081,1800 1106,1800 1131,1800 1156,1800 1181,1799 1206,1799 1231,1798 1256,1797 1281,1797 1306,1797 1331,1797 1356,1797 1381,1798 1407,1800"/>
                <TextEquiv>
                    <Unicode>Egangs abtragen.</Unicode>
                </TextEquiv>
            </TextLine>
            <TextLine id="r3l26" custom="readingOrder {index:25;} person {offset:0; length:13;}">
                <Coords points="1166,1969 1301,1919 1372,1924 1394,1903 1497,1968 1537,1941 1659,1950 1684,1940 1684,1829 1592,1871 1527,1866 1458,1828 1349,1881 1247,1828 1166,1846"/>
                <Baseline points="1172,1928 1197,1925 1222,1922 1247,1920 1273,1918 1298,1916 1323,1916 1348,1916 1374,1914 1399,1914 1424,1914 1449,1916 1475,1916 1500,1916 1525,1917 1550,1919 1576,1920 1601,1920 1626,1922 1651,1923 1677,1925"/>
                <TextEquiv>
                    <Unicode>Hans Pasnacht</Unicode>
                </TextEquiv>
            </TextLine>
            <TextLine id="r3l27" custom="readingOrder {index:26;}">
                <Coords points="1040,2026 1071,2039 1116,2010 1184,2033 1230,2010 1609,2042 1673,2022 1775,2058 1857,2030 1858,2004 1627,1941 1381,1985 1229,1954 1041,1964"/>
                <Baseline points="1047,2012 1087,2011 1127,2010 1167,2010 1207,2010 1247,2010 1287,2010 1328,2012 1368,2012 1408,2012 1448,2013 1488,2015 1528,2016 1568,2018 1609,2019 1649,2020 1689,2021 1729,2022 1769,2025 1809,2027 1850,2028"/>
                <TextEquiv>
                    <Unicode>ist uff obgemelte tag und jar ff en</Unicode>
                </TextEquiv>
            </TextLine>
            <TextLine id="r3l28" custom="readingOrder {index:27;}">
                <Coords points="1036,2100 1145,2077 1236,2104 1413,2069 1802,2088 1825,2053 1501,2044 1433,2019 1274,2051 1226,2010 1136,2045 1036,2026"/>
                <Baseline points="1043,2069 1081,2069 1120,2069 1159,2069 1198,2069 1236,2069 1275,2069 1314,2069 1353,2069 1391,2069 1430,2069 1469,2069 1508,2070 1546,2070 1585,2070 1624,2072 1663,2072 1701,2073 1740,2075 1779,2076 1818,2076"/>
                <TextEquiv>
                    <Unicode>getschworen vrphed, wie e das hie vor</Unicode>
                </TextEquiv>
            </TextLine>
            <TextLine id="r3l29" custom="readingOrder {index:28;}">
                <Coords points="1017,2158 1100,2170 1159,2140 1342,2161 1542,2132 1607,2163 1787,2174 1821,2162 1821,2097 1603,2106 1416,2071 1342,2104 1275,2081 1198,2109 1125,2087 1017,2103"/>
                <Baseline points="1023,2132 1062,2130 1102,2129 1141,2129 1181,2127 1220,2127 1260,2127 1299,2126 1339,2126 1378,2126 1418,2126 1458,2127 1497,2127 1537,2128 1576,2129 1616,2130 1655,2131 1695,2132 1734,2133 1774,2135 1814,2136"/>
                <TextEquiv>
                    <Unicode>geschworen ohrpt us und ledig gelaße</Unicode>
                </TextEquiv>
            </TextLine>
            <TextLine id="r3l30" custom="readingOrder {index:29;} person {offset:0; length:15;}">
                <Coords points="1166,2262 1458,2256 1482,2273 1578,2266 1632,2304 1694,2282 1742,2297 1769,2288 1772,2180 1445,2220 1409,2189 1368,2216 1282,2221 1229,2183 1168,2185"/>
                <Baseline points="1172,2247 1201,2247 1231,2249 1260,2249 1290,2250 1319,2250 1349,2250 1378,2251 1408,2252 1437,2252 1467,2253 1497,2253 1526,2255 1556,2255 1585,2256 1615,2256 1644,2258 1674,2259 1703,2261 1733,2262 1763,2264"/>
                <TextEquiv>
                    <Unicode>George Barnason von</Unicode>
                </TextEquiv>
            </TextLine>
            <TextLine id="r3l31" custom="readingOrder {index:30;} person {offset:0; length:13;}">
                <Coords points="1201,2333 1499,2346 1584,2329 1635,2350 1658,2345 1660,2292 1596,2259 1567,2286 1493,2277 1477,2290 1436,2256 1331,2270 1313,2255 1266,2273 1232,2254 1203,2262"/>
                <Baseline points="1209,2297 1235,2299 1261,2300 1287,2302 1313,2303 1339,2303 1365,2304 1391,2304 1417,2304 1444,2304 1470,2305 1496,2306 1522,2306 1548,2307 1574,2309 1600,2310 1626,2312 1653,2315"/>
                <TextEquiv>
                    <Unicode>Vanla Frauore</Unicode>
                </TextEquiv>
            </TextLine>
            <TextLine id="r3l32" custom="readingOrder {index:31;}">
                <Coords points="1030,2387 1074,2367 1348,2432 1439,2399 1831,2422 1862,2415 1864,2376 1772,2355 1615,2382 1396,2332 1287,2364 1091,2338 1034,2304"/>
                <Baseline points="1038,2366 1078,2371 1119,2375 1160,2379 1201,2382 1242,2386 1283,2388 1324,2391 1365,2393 1406,2395 1447,2396 1487,2398 1528,2399 1569,2400 1610,2401 1651,2402 1692,2402 1733,2403 1774,2403 1815,2403 1856,2403"/>
                <TextEquiv>
                    <Unicode>Ist uff gedachten tag unnd jmr mit dem</Unicode>
                </TextEquiv>
            </TextLine>
            <TextLine id="r3l33" custom="readingOrder {index:32;}">
                <Coords points="1057,2446 1197,2438 1246,2460 1401,2456 1444,2480 1580,2455 1764,2466 1764,2440 1711,2428 1346,2431 1061,2376"/>
                <Baseline points="1065,2421 1099,2425 1134,2428 1168,2431 1203,2434 1238,2436 1272,2440 1307,2442 1342,2445 1376,2448 1411,2450 1446,2452 1480,2454 1515,2456 1550,2457 1584,2459 1619,2460 1654,2460 1688,2462 1723,2462 1758,2462"/>
                <TextEquiv>
                    <Unicode>lyd uß myner gnädigen h stetten</Unicode>
                </TextEquiv>
            </TextLine>
            <TextLine id="r3l34" custom="readingOrder {index:33;}">
                <Coords points="1059,2489 1146,2491 1206,2527 1401,2511 1497,2544 1741,2517 1811,2544 1814,2492 1777,2474 1711,2495 1629,2468 1588,2492 1481,2466 1390,2485 1200,2438 1063,2444"/>
                <Baseline points="1068,2465 1104,2470 1141,2474 1178,2479 1215,2482 1252,2487 1289,2490 1326,2494 1363,2498 1400,2501 1437,2504 1473,2507 1510,2510 1547,2512 1584,2513 1621,2514 1658,2516 1695,2517 1732,2517 1769,2517 1806,2517"/>
                <TextEquiv>
                    <Unicode>landen und gepreten verwisen worden</Unicode>
                </TextEquiv>
            </TextLine>
            <TextEquiv>
                <Unicode>Das vo aber ihme, alle die wyl vo hasnagt
Inn banden gelegenn, getronpt. Wann
so inne blandlod und usgegoßnenn
irdenn halb, entschlsäche ode
habe iis unrecht gethan, werde zachtes
syr durch dane nit beschechen
wordenn etc. Das habe
gethann unnd
wede sich nit erfindenn, dan das Im
nie maltenn iem sem kommen. Sie ouch
one die amptsluth zur kehi nit gangen, ec.
Burel Ir gnadenn vmb vorzyehung, dan
das er solche repgration begärt, sye
er darumb es zur verwißen a vm¬
achet wordenn, bereidtem fasnacht nach
zustellenn und deßwegen zum rechten
Inne zueonordeenn. Got den Herein
umb vier g wolstand bittende.
Francon Blanghod
Ist uff 7 januarii 1602 synes getragnn
statthalte ampts entsetzt
 Notarial kunfft unntzu uf gnad
myne s s stillgestelt worden. Sol allen
costen, so mit ihme und Hans fasnacht
Egangs abtragen.
Hans Pasnacht
ist uff obgemelte tag und jar ff en
getschworen vrphed, wie e das hie vor
geschworen ohrpt us und ledig gelaße
George Barnason von
Vanla Frauore
Ist uff gedachten tag unnd jmr mit dem
lyd uß myner gnädigen h stetten
landen und gepreten verwisen worden</Unicode>
            </TextEquiv>
        </TextRegion>
        <TextRegion orientation="0.0" id="r4" custom="readingOrder {index:3;}">
            <Coords points="1938,167 1938,332 2001,332 2001,167"/>
            <TextLine id="r4l1" custom="readingOrder {index:0;}">
                <Coords points="1936,298 1950,292 1959,279 1967,283 1978,275 1992,273 1996,266 2007,266 1998,230 1988,230 1975,223 1970,224 1968,228 1961,224 1956,231 1949,231 1945,237 1941,235 1938,240 1923,245"/>
                <Baseline points="1938,282 1969,270 2001,267"/>
                <TextEquiv>
                    <Unicode>133</Unicode>
                </TextEquiv>
            </TextLine>
            <TextEquiv>
                <Unicode>133</Unicode>
            </TextEquiv>
        </TextRegion>
        <TextRegion orientation="0.0" id="r5" custom="readingOrder {index:4;}">
            <Coords points="1992,35 1992,2896 3030,2896 3030,35"/>
            <TextLine id="r5l1" custom="readingOrder {index:0;}">
                <Coords points="2921,66 2935,66 2960,77 2964,75 2969,77 2973,73 2979,73 2979,14 2968,17 2962,12 2957,16 2949,13 2943,19 2938,18 2933,22 2921,19"/>
                <Baseline points="2928,60 2973,60"/>
                <TextEquiv>
                    <Unicode>21</Unicode>
                </TextEquiv>
            </TextLine>
            <TextLine id="r5l2" custom="readingOrder {index:1;} person {offset:0; length:11;} place {offset:16; length:7;}">
                <Coords points="2118,254 2180,223 2386,228 2487,183 2596,203 2660,169 2718,190 2856,167 2843,53 2621,95 2590,74 2538,119 2472,87 2367,130 2104,129"/>
                <Baseline points="2121,216 2157,214 2193,209 2229,205 2266,201 2302,198 2338,193 2374,189 2411,185 2447,180 2483,176 2519,172 2556,166 2592,163 2628,159 2664,155 2701,151 2737,147 2773,144 2809,142 2846,138"/>
                <TextEquiv>
                    <Unicode>Peter roget von Lunoros</Unicode>
                </TextEquiv>
            </TextLine>
            <TextLine id="r5l3" custom="readingOrder {index:2;} person {offset:9; length:11;} place {offset:26; length:7;}">
                <Coords points="2017,398 2763,282 2905,291 3030,266 3028,237 2410,267 2237,322 2006,312"/>
                <Baseline points="2021,381 2071,375 2121,368 2171,361 2221,354 2271,348 2321,341 2371,335 2421,328 2471,322 2522,315 2572,309 2622,302 2672,296 2722,290 2772,284 2822,278 2872,272 2922,267 2972,261 3023,255"/>
                <TextEquiv>
                    <Unicode>Nach dem Peter Roget vonn Lumomos hievor</Unicode>
                </TextEquiv>
            </TextLine>
            <TextLine id="r5l4" custom="readingOrder {index:3;}">
                <Coords points="2030,456 2314,385 2495,397 2860,320 2997,326 3011,274 2762,282 2550,336 2465,319 2373,361 2253,347 2022,398"/>
                <Baseline points="2033,431 2081,423 2130,414 2179,407 2228,399 2276,391 2325,385 2374,377 2423,370 2471,364 2520,357 2569,351 2618,344 2666,339 2715,333 2764,327 2813,323 2861,318 2910,314 2959,310 3008,306"/>
                <TextEquiv>
                    <Unicode>durch myne herrenn golgenn imm Hag darnach</Unicode>
                </TextEquiv>
            </TextLine>
            <TextLine id="r5l5" custom="readingOrder {index:4;} person {offset:12; length:21;}">
                <Coords points="2035,487 2385,418 2608,428 2755,377 3011,371 3018,330 2491,398 2313,385 2242,427 2140,409 2031,457"/>
                <Baseline points="2040,474 2088,467 2137,459 2186,452 2234,446 2283,438 2332,432 2380,425 2429,418 2478,413 2527,406 2575,401 2624,395 2673,389 2721,384 2770,379 2819,374 2867,370 2916,365 2965,360 3014,357"/>
                <TextEquiv>
                    <Unicode>auch herenn Hans Rudolff Bachtold, so wolen</Unicode>
                </TextEquiv>
            </TextLine>
            <TextLine id="r5l6" custom="readingOrder {index:5;} place {offset:8; length:10;} place {offset:31; length:7;}">
                <Coords points="2035,540 2164,500 2364,481 2428,512 2584,454 2655,475 2708,437 2934,424 2929,378 2657,391 2612,428 2385,417 2289,460 2029,483"/>
                <Baseline points="2040,519 2084,513 2128,507 2173,499 2217,493 2261,487 2306,481 2350,476 2394,470 2439,466 2483,460 2527,455 2572,451 2616,447 2660,442 2705,437 2749,433 2793,428 2838,424 2882,419 2927,414"/>
                <TextEquiv>
                    <Unicode>zun der mannenkefi als ouch zu Malzeli</Unicode>
                </TextEquiv>
            </TextLine>
            <TextLine id="r5l7" custom="readingOrder {index:6;}">
                <Coords points="2044,581 2226,585 2403,525 2527,549 2686,503 2732,531 2814,489 2939,505 3010,471 3005,420 2925,404 2808,459 2725,440 2675,477 2623,456 2231,527 2167,498 2039,537"/>
                <Baseline points="2049,573 2096,565 2144,559 2192,551 2239,546 2287,540 2335,535 2382,529 2430,523 2478,518 2526,514 2573,509 2621,505 2669,500 2716,496 2764,490 2812,486 2859,481 2907,477 2955,471 3003,467"/>
                <TextEquiv>
                    <Unicode>durch ihnne geedte faltschen khundtschafft und</Unicode>
                </TextEquiv>
            </TextLine>
            <TextLine id="r5l8" custom="readingOrder {index:7;}">
                <Coords points="2041,634 2147,646 2239,602 2303,627 2493,565 2560,603 2610,554 2666,577 2779,536 2843,562 3034,524 3029,478 2996,479 2036,586"/>
                <Baseline points="2046,621 2095,615 2144,610 2193,604 2242,599 2291,592 2340,586 2389,581 2438,575 2487,570 2536,565 2585,559 2634,554 2683,549 2732,543 2781,539 2830,534 2879,530 2928,525 2977,521 3026,516"/>
                <TextEquiv>
                    <Unicode>daruf gevogter unwysenig wegen Exammeck</Unicode>
                </TextEquiv>
            </TextLine>
            <TextLine id="r5l9" custom="readingOrder {index:8;}">
                <Coords points="2031,694 2100,667 2190,696 2471,628 2595,661 2727,606 2959,605 3019,587 3013,533 2781,574 2609,554 2555,602 2497,576 2283,629 2236,601 2027,658"/>
                <Baseline points="2036,677 2084,670 2133,665 2182,659 2231,653 2279,647 2328,642 2377,636 2426,631 2474,627 2523,622 2572,617 2621,612 2669,608 2718,604 2767,599 2816,594 2864,590 2913,585 2962,581 3011,576"/>
                <TextEquiv>
                    <Unicode>unnd ernstig vermandt worden sich imm grund der</Unicode>
                </TextEquiv>
            </TextLine>
            <TextLine id="r5l10" custom="readingOrder {index:9;}">
                <Coords points="2031,744 2310,708 2375,750 2557,675 2764,665 2824,694 3007,659 3003,614 2912,625 2870,591 2810,636 2371,641 2286,689 2028,706"/>
                <Baseline points="2037,735 2085,730 2133,725 2181,719 2229,713 2277,707 2325,702 2374,696 2422,690 2470,684 2518,680 2566,675 2614,671 2662,666 2711,663 2759,658 2807,656 2855,653 2903,651 2951,648 3000,648"/>
                <TextEquiv>
                    <Unicode>wacheet darüber zurlütrenn, hat er sich doch</Unicode>
                </TextEquiv>
            </TextLine>
            <TextLine id="r5l11" custom="readingOrder {index:10;}">
                <Coords points="2036,802 3014,703 2873,667 2640,718 2532,688 2385,743 2342,711 2186,762 2032,755"/>
                <Baseline points="2042,791 2090,786 2138,781 2186,776 2235,772 2283,767 2331,762 2380,758 2428,753 2476,749 2525,745 2573,740 2621,736 2669,731 2718,727 2766,723 2814,720 2863,716 2911,712 2959,710 3008,707"/>
                <TextEquiv>
                    <Unicode>domalenn daß ein nit bekennen wellen, sonder</Unicode>
                </TextEquiv>
            </TextLine>
            <TextLine id="r5l12" custom="readingOrder {index:11;}">
                <Coords points="2042,865 2578,787 2997,777 2997,732 2882,717 2732,761 2537,754 2280,802 2232,778 2038,819"/>
                <Baseline points="2046,845 2093,839 2140,834 2188,828 2235,824 2282,819 2330,813 2377,810 2424,806 2472,802 2519,798 2566,794 2614,791 2661,788 2708,785 2756,782 2803,779 2850,777 2898,774 2945,771 2993,770"/>
                <TextEquiv>
                    <Unicode>annzeygt, sye nit muder dan das er etliche falen</Unicode>
                </TextEquiv>
            </TextLine>
            <TextLine id="r5l13" custom="readingOrder {index:12;}">
                <Coords points="2048,934 2533,854 2935,859 2965,844 2960,775 2791,784 2716,825 2582,789 2501,837 2388,811 2282,855 2043,872"/>
                <Baseline points="2052,900 2097,894 2142,891 2187,886 2233,883 2278,879 2323,874 2368,871 2414,867 2459,864 2504,860 2549,857 2595,855 2640,851 2685,848 2730,845 2776,842 2821,839 2866,836 2911,834 2957,831"/>
                <TextEquiv>
                    <Unicode>begangen, die aber ihme die heren von Frybtag</Unicode>
                </TextEquiv>
            </TextLine>
            <TextLine id="r5l14" custom="readingOrder {index:13;}">
                <Coords points="1986,977 2870,925 3037,892 3035,853 2584,860 2426,903 2351,877 2191,926 1983,932"/>
                <Baseline points="1992,966 2043,960 2095,954 2147,948 2199,943 2251,939 2303,934 2355,930 2407,927 2459,923 2511,920 2562,916 2614,912 2666,911 2718,906 2770,904 2822,900 2874,897 2926,893 2978,890 3030,885"/>
                <TextEquiv>
                    <Unicode>verzigenn und syn vetteland ime zebrach widrumb</Unicode>
                </TextEquiv>
            </TextLine>
            <TextLine id="r5l15" custom="readingOrder {index:14;}">
                <Coords points="2033,1030 2120,1055 2211,1010 2443,988 2905,989 2938,978 2935,925 2821,920 2772,953 2615,917 2506,962 2388,938 2317,974 2135,960 2031,995"/>
                <Baseline points="2039,1019 2083,1015 2128,1011 2172,1008 2217,1005 2261,1001 2306,998 2350,995 2395,991 2439,988 2484,985 2529,983 2573,980 2618,978 2662,975 2707,974 2751,971 2796,969 2840,968 2885,965 2930,963"/>
                <TextEquiv>
                    <Unicode>urgnüstiget, darumb e dan ei batem ufzulegen</Unicode>
                </TextEquiv>
            </TextLine>
            <TextLine id="r5l16" custom="readingOrder {index:15;}">
                <Coords points="2043,1087 2291,1066 2330,1095 2359,1062 2401,1088 2492,1056 2551,1076 2600,1040 2891,1053 2988,1027 2986,983 2901,1004 2741,973 2662,1024 2442,988 2307,1033 2041,1042"/>
                <Baseline points="2049,1074 2095,1071 2142,1067 2188,1064 2235,1061 2282,1059 2328,1056 2375,1053 2421,1052 2468,1049 2515,1047 2561,1045 2608,1043 2654,1040 2701,1037 2748,1034 2794,1031 2841,1028 2887,1023 2934,1019 2981,1013"/>
                <TextEquiv>
                    <Unicode>habe mit undethäniger pit, man g h well und</Unicode>
                </TextEquiv>
            </TextLine>
            <TextLine id="r5l17" custom="readingOrder {index:16;}">
                <Coords points="2037,1147 2078,1169 2118,1134 2259,1147 2424,1113 2575,1149 2979,1100 2977,1064 2764,1037 2669,1065 2601,1040 2477,1090 2360,1062 2331,1094 2035,1099"/>
                <Baseline points="2043,1131 2089,1129 2135,1127 2182,1124 2228,1122 2275,1120 2321,1117 2368,1113 2414,1111 2461,1109 2507,1106 2553,1104 2600,1101 2646,1099 2693,1098 2739,1095 2786,1094 2832,1093 2879,1092 2925,1092 2972,1091"/>
                <TextEquiv>
                    <Unicode>dasselbig beschicken und nach besichtigung onas</Unicode>
                </TextEquiv>
            </TextLine>
            <TextLine id="r5l18" custom="readingOrder {index:17;}">
                <Coords points="2052,1194 2125,1228 2209,1198 2279,1224 2341,1180 2862,1144 2912,1181 3003,1179 3001,1125 2916,1110 2565,1146 2488,1125 2379,1157 2200,1126 2169,1156 2117,1134 2051,1160"/>
                <Baseline points="2058,1188 2104,1188 2151,1185 2198,1184 2245,1181 2292,1178 2339,1176 2386,1173 2433,1170 2480,1167 2527,1164 2573,1162 2620,1160 2667,1158 2714,1157 2761,1155 2808,1155 2855,1155 2902,1157 2949,1160 2996,1163"/>
                <TextEquiv>
                    <Unicode>nach ir gugfallen gegen ime proredieren laß</Unicode>
                </TextEquiv>
            </TextLine>
            <TextLine id="r5l19" custom="readingOrder {index:18;}">
                <Coords points="2031,1259 2281,1246 2357,1283 2400,1254 2462,1272 2523,1228 2972,1224 2987,1175 2659,1202 2571,1155 2478,1192 2333,1182 2282,1225 2028,1198"/>
                <Baseline points="2037,1250 2084,1248 2131,1247 2178,1245 2226,1242 2273,1241 2320,1239 2367,1236 2415,1234 2462,1230 2509,1228 2556,1226 2604,1223 2651,1222 2698,1220 2745,1218 2793,1217 2840,1215 2887,1215 2934,1215 2982,1215"/>
                <TextEquiv>
                    <Unicode>welches dan beschecht Wann nun gedachte</Unicode>
                </TextEquiv>
            </TextLine>
            <TextLine id="r5l20" custom="readingOrder {index:19;}">
                <Coords points="2050,1337 2251,1306 2383,1334 2557,1289 2694,1286 2756,1323 2835,1284 2939,1308 2957,1217 2800,1250 2706,1224 2508,1243 2462,1272 2345,1243 2047,1259"/>
                <Baseline points="2055,1308 2099,1307 2144,1304 2189,1301 2234,1299 2279,1297 2324,1296 2368,1293 2413,1292 2458,1290 2503,1289 2548,1287 2593,1286 2638,1285 2682,1284 2727,1283 2772,1281 2817,1281 2862,1281 2907,1280 2952,1280"/>
                <TextEquiv>
                    <Unicode>schrybenn hochgenampt ia vbrlifret, ist</Unicode>
                </TextEquiv>
            </TextLine>
            <TextLine id="r5l21" custom="readingOrder {index:20;} person {offset:8; length:5;}">
                <Coords points="2056,1398 2473,1353 2550,1387 2723,1347 2994,1370 3001,1297 2894,1315 2835,1284 2634,1324 2553,1289 2381,1333 2254,1305 2054,1339"/>
                <Baseline points="2061,1373 2107,1370 2154,1367 2201,1365 2248,1362 2294,1361 2341,1359 2388,1358 2435,1355 2481,1353 2528,1352 2575,1352 2622,1350 2668,1349 2715,1347 2762,1345 2809,1344 2855,1342 2902,1340 2949,1338 2996,1335"/>
                <TextEquiv>
                    <Unicode>gesagte Roget uff Samstag den 16 januarii</Unicode>
                </TextEquiv>
            </TextLine>
            <TextLine id="r5l22" custom="readingOrder {index:21;}">
                <Coords points="2129,1401 2138,1400 2148,1406 2156,1398 2164,1396 2170,1403 2177,1405 2191,1403 2195,1406 2205,1403 2207,1366 2198,1365 2193,1370 2178,1371 2172,1376 2167,1372 2157,1371 2153,1366 2143,1373 2139,1370 2130,1371"/>
                <Baseline points="2136,1394 2167,1394 2199,1397"/>
                <TextEquiv>
                    <Unicode></Unicode>
                </TextEquiv>
            </TextLine>
            <TextLine id="r5l23" custom="readingOrder {index:22;} person {offset:32; length:10;}">
                <Coords points="2049,1455 2361,1416 2873,1432 3013,1406 3013,1377 2720,1345 2566,1396 2441,1362 2047,1403"/>
                <Baseline points="2055,1428 2102,1427 2150,1424 2197,1422 2245,1420 2293,1419 2340,1418 2388,1416 2436,1415 2483,1413 2531,1413 2579,1412 2626,1410 2674,1409 2722,1409 2769,1407 2817,1406 2865,1404 2912,1402 2960,1400 3008,1397"/>
                <TextEquiv>
                    <Unicode>diß 1601 jars durch gemelten s. Grichtolde</Unicode>
                </TextEquiv>
            </TextLine>
            <TextLine id="r5l24" custom="readingOrder {index:23;} person {offset:15; length:15;}">
                <Coords points="2051,1498 2989,1482 2988,1440 2833,1423 2571,1445 2358,1420 2050,1454"/>
                <Baseline points="2057,1490 2103,1485 2149,1480 2195,1476 2242,1472 2288,1470 2334,1467 2380,1466 2427,1464 2473,1464 2519,1463 2565,1463 2612,1464 2658,1464 2704,1466 2750,1466 2797,1467 2843,1469 2889,1470 2935,1471 2982,1472"/>
                <TextEquiv>
                    <Unicode>deß dhats ober damans de bänge</Unicode>
                </TextEquiv>
            </TextLine>
            <TextLine id="r5l25" custom="readingOrder {index:24;} person {offset:6; length:23;}">
                <Coords points="2027,1558 2137,1541 2308,1573 2746,1530 2816,1557 2927,1538 2927,1508 2630,1484 2569,1507 2470,1475 2380,1507 2026,1500"/>
                <Baseline points="2033,1542 2077,1539 2121,1538 2166,1536 2210,1535 2255,1533 2299,1532 2343,1530 2388,1529 2432,1529 2477,1527 2521,1527 2565,1526 2610,1526 2654,1526 2699,1526 2743,1524 2787,1524 2832,1524 2876,1526 2921,1526"/>
                <TextEquiv>
                    <Unicode>und h Grosweyb elsvon Melinen zu</Unicode>
                </TextEquiv>
            </TextLine>
            <TextLine id="r5l26" custom="readingOrder {index:25;} place {offset:0; length:7;}">
                <Coords points="2042,1628 2374,1587 2563,1628 2677,1584 2739,1619 2950,1581 2889,1543 2768,1569 2696,1535 2486,1567 2042,1556"/>
                <Baseline points="2048,1589 2092,1587 2137,1587 2182,1587 2227,1587 2271,1587 2316,1587 2361,1589 2406,1589 2450,1589 2495,1589 2540,1589 2585,1589 2629,1589 2674,1589 2719,1589 2764,1589 2808,1587 2853,1587 2898,1586 2943,1584"/>
                <TextEquiv>
                    <Unicode>Marzeli vermandt worden anzusepgn 6be</Unicode>
                </TextEquiv>
            </TextLine>
            <TextLine id="r5l27" custom="readingOrder {index:26;}">
                <Coords points="2045,1654 2279,1650 2369,1689 2496,1655 2824,1673 2955,1665 2956,1606 2736,1620 2676,1584 2561,1629 2410,1587 2045,1627"/>
                <Baseline points="2052,1643 2096,1644 2141,1646 2186,1647 2231,1648 2276,1649 2321,1650 2365,1650 2410,1652 2455,1652 2500,1652 2545,1652 2590,1653 2635,1652 2679,1652 2724,1652 2769,1650 2814,1650 2859,1649 2904,1647 2949,1646"/>
                <TextEquiv>
                    <Unicode>nit vor etwas hots faltsche khundschafft</Unicode>
                </TextEquiv>
            </TextLine>
            <TextLine id="r5l28" custom="readingOrder {index:27;}">
                <Coords points="2570,1692 2596,1695 2618,1688 2640,1697 2662,1692 2676,1702 2696,1688 2718,1698 2730,1690 2737,1695 2753,1687 2765,1691 2765,1657 2725,1663 2709,1656 2695,1663 2662,1654 2653,1662 2630,1653 2610,1657 2597,1669 2570,1667"/>
                <Baseline points="2577,1682 2603,1685 2629,1686 2655,1685 2681,1684 2707,1683 2733,1683 2759,1686"/>
                <TextEquiv>
                    <Unicode>und bekendt</Unicode>
                </TextEquiv>
            </TextLine>
            <TextLine id="r5l29" custom="readingOrder {index:28;}">
                <Coords points="2057,1733 2170,1710 2236,1748 2388,1706 2575,1734 2644,1710 2686,1742 2860,1711 2949,1738 2949,1686 2844,1689 2799,1655 2739,1694 2343,1689 2269,1649 2202,1695 2057,1673"/>
                <Baseline points="2063,1704 2107,1706 2151,1707 2195,1709 2239,1710 2283,1712 2327,1712 2371,1714 2415,1715 2459,1716 2503,1716 2547,1718 2591,1718 2635,1718 2679,1718 2723,1718 2767,1716 2811,1716 2855,1714 2899,1712 2943,1710"/>
                <TextEquiv>
                    <Unicode>gredt, hat er vemmeldet, Sye war</Unicode>
                </TextEquiv>
            </TextLine>
            <TextLine id="r5l30" custom="readingOrder {index:29;} person {offset:5; length:13;}">
                <Coords points="2012,1781 2146,1772 2302,1815 2347,1779 2576,1774 2837,1811 2949,1802 2970,1760 2869,1715 2702,1756 2645,1710 2425,1753 2013,1729"/>
                <Baseline points="2018,1770 2065,1770 2112,1770 2159,1770 2207,1770 2254,1770 2301,1770 2348,1772 2396,1772 2443,1773 2490,1775 2537,1775 2585,1776 2632,1778 2679,1779 2726,1781 2774,1782 2821,1784 2868,1785 2915,1787 2963,1788"/>
                <TextEquiv>
                    <Unicode>Dann pete Riehaldt von Enderhin, habe</Unicode>
                </TextEquiv>
            </TextLine>
            <TextLine id="r5l31" custom="readingOrder {index:30;}">
                <Coords points="2047,1850 2234,1831 2308,1858 2393,1828 2975,1871 2976,1827 2887,1805 2527,1812 2432,1778 2143,1812 2049,1780"/>
                <Baseline points="2054,1833 2099,1831 2145,1829 2191,1828 2237,1827 2282,1827 2328,1827 2374,1827 2420,1829 2465,1829 2511,1831 2557,1833 2603,1835 2648,1836 2694,1839 2740,1841 2786,1844 2831,1847 2877,1848 2923,1851 2969,1853"/>
                <TextEquiv>
                    <Unicode>Ine, vonn ines Mitt korns wegn, soe</Unicode>
                </TextEquiv>
            </TextLine>
            <TextLine id="r5l32" custom="readingOrder {index:31;}">
                <Coords points="2051,1911 2296,1887 2658,1928 2689,1906 2775,1931 2933,1916 2934,1870 2863,1856 2818,1887 2605,1840 2291,1865 2234,1832 2053,1848"/>
                <Baseline points="2058,1892 2101,1889 2144,1887 2188,1886 2231,1886 2275,1886 2318,1886 2362,1888 2405,1889 2449,1892 2492,1893 2535,1896 2579,1898 2622,1900 2666,1903 2709,1905 2753,1907 2796,1908 2840,1910 2883,1911 2927,1913"/>
                <TextEquiv>
                    <Unicode>eynem anderen verkoufft, der halunns halb</Unicode>
                </TextEquiv>
            </TextLine>
            <TextLine id="r5l33" custom="readingOrder {index:32;}">
                <Coords points="2133,1926 2142,1925 2147,1930 2161,1930 2161,1894 2152,1894 2151,1892 2148,1892 2144,1896 2139,1894 2133,1894"/>
                <Baseline points="2139,1917 2154,1917"/>
                <TextEquiv>
                    <Unicode></Unicode>
                </TextEquiv>
            </TextLine>
            <TextLine id="r5l34" custom="readingOrder {index:33;}">
                <Coords points="2053,1964 2360,1944 2648,1966 2775,2006 2826,1972 2910,2000 2951,1985 2953,1943 2794,1950 2699,1911 2658,1931 2496,1896 2292,1890 2128,1932 2055,1909"/>
                <Baseline points="2060,1946 2104,1946 2148,1946 2192,1944 2237,1946 2281,1946 2325,1946 2369,1947 2414,1949 2458,1950 2502,1952 2546,1953 2591,1956 2635,1959 2679,1962 2723,1964 2768,1967 2812,1971 2856,1974 2900,1978 2945,1982"/>
                <TextEquiv>
                    <Unicode>abe, wie thür de kouff beschechen, nit des</Unicode>
                </TextEquiv>
            </TextLine>
            <TextLine id="r5l35" custom="readingOrder {index:34;}">
                <Coords points="2060,2018 2169,2008 2258,2043 2380,2010 2518,2062 2569,2029 2665,2070 2856,2044 2958,2081 3013,2072 3017,2009 2912,1975 2845,2013 2647,1967 2354,1991 2063,1955"/>
                <Baseline points="2067,2003 2114,2002 2161,2001 2208,2003 2255,2003 2302,2004 2349,2006 2396,2008 2443,2010 2490,2013 2537,2015 2584,2018 2631,2021 2678,2024 2725,2027 2772,2031 2819,2034 2866,2038 2913,2041 2960,2045 3008,2049"/>
                <TextEquiv>
                    <Unicode>ynen werden können etc. zu deselbigen gewytz</Unicode>
                </TextEquiv>
            </TextLine>
            <TextLine id="r5l36" custom="readingOrder {index:35;}">
                <Coords points="2062,2103 2076,2103 2097,2082 2110,2087 2114,2083 2123,2086 2135,2077 2149,2078 2148,2039 2110,2029 2101,2021 2090,2027 2077,2023 2072,2029 2067,2026 2059,2028"/>
                <Baseline points="2067,2067 2092,2067 2117,2067 2142,2064"/>
                <TextEquiv>
                    <Unicode>d</Unicode>
                </TextEquiv>
            </TextLine>
            <TextLine id="r5l37" custom="readingOrder {index:36;}">
                <Coords points="2152,2066 2311,2111 2459,2078 2888,2120 3001,2096 2848,2050 2643,2064 2569,2029 2428,2041 2350,2009 2254,2043 2154,2014"/>
                <Baseline points="2159,2064 2200,2066 2242,2069 2284,2070 2326,2072 2367,2073 2409,2075 2451,2077 2493,2078 2534,2079 2576,2081 2618,2083 2660,2084 2701,2086 2743,2087 2785,2090 2827,2091 2868,2093 2910,2096 2952,2098 2994,2100"/>
                <TextEquiv>
                    <Unicode>angewisen vnnd gebrucht, mitt imr</Unicode>
                </TextEquiv>
            </TextLine>
            <TextLine id="r5l38" custom="readingOrder {index:37;} person {offset:23; length:10;} person {offset:38; length:8; continued:true;}">
                <Coords points="2058,2150 2259,2131 2363,2167 2484,2142 3024,2184 3013,2128 2785,2121 2741,2092 2060,2102"/>
                <Baseline points="2066,2124 2113,2126 2161,2127 2208,2130 2256,2131 2304,2133 2351,2135 2399,2136 2446,2139 2494,2141 2542,2143 2589,2145 2637,2147 2684,2149 2732,2151 2780,2153 2827,2155 2875,2158 2922,2160 2970,2164 3018,2166"/>
                <TextEquiv>
                    <Unicode>aber habind ouch zügel Petr vowre und Stielans</Unicode>
                </TextEquiv>
            </TextLine>
            <TextLine id="r5l39" custom="readingOrder {index:38;} person {offset:0; length:9; continued:true;}">
                <Coords points="2047,2203 2362,2227 2493,2198 2596,2240 2641,2213 2888,2247 3012,2227 3013,2188 2846,2164 2777,2193 2623,2152 2279,2184 2049,2155"/>
                <Baseline points="2054,2192 2101,2192 2149,2193 2196,2193 2244,2195 2291,2195 2339,2196 2386,2198 2434,2199 2481,2201 2529,2202 2577,2204 2624,2205 2672,2208 2719,2210 2767,2211 2814,2214 2862,2217 2909,2219 2957,2223 3005,2226"/>
                <TextEquiv>
                    <Unicode>Christena von Mür. Disen fale aber habind</Unicode>
                </TextEquiv>
            </TextLine>
            <TextLine id="r5l40" custom="readingOrder {index:39;} place {offset:15; length:8;}">
                <Coords points="2051,2273 2362,2255 2422,2289 2576,2260 2914,2307 2958,2286 2916,2248 2763,2241 2678,2203 2597,2240 2462,2205 2316,2233 2142,2198 2053,2220"/>
                <Baseline points="2058,2256 2102,2256 2147,2256 2191,2256 2236,2256 2281,2256 2325,2257 2370,2258 2415,2258 2459,2258 2504,2259 2549,2261 2593,2262 2638,2264 2683,2266 2727,2269 2772,2271 2817,2275 2861,2279 2906,2284 2951,2288"/>
                <TextEquiv>
                    <Unicode>die herenn von Frybenng nit obermelts</Unicode>
                </TextEquiv>
            </TextLine>
            <TextLine id="r5l41" custom="readingOrder {index:40;}">
                <Coords points="2056,2323 2588,2316 2719,2358 2944,2354 2964,2320 2576,2261 2543,2286 2395,2285 2361,2255 2252,2289 2058,2273"/>
                <Baseline points="2063,2315 2107,2313 2152,2312 2197,2310 2241,2310 2286,2310 2331,2311 2375,2312 2420,2313 2465,2314 2510,2316 2554,2318 2599,2319 2644,2322 2688,2325 2733,2327 2778,2330 2822,2333 2867,2336 2912,2340 2957,2342"/>
                <TextEquiv>
                    <Unicode>patenis und schrybens imm verzigen und das</Unicode>
                </TextEquiv>
            </TextLine>
            <TextLine id="r5l42" custom="readingOrder {index:41;}">
                <Coords points="2033,2375 2247,2407 2473,2377 2757,2402 2758,2361 2609,2320 2457,2350 2260,2319 2034,2336"/>
                <Baseline points="2040,2361 2075,2363 2111,2363 2146,2363 2182,2363 2217,2363 2253,2363 2288,2363 2324,2363 2359,2364 2395,2364 2430,2364 2466,2366 2501,2367 2537,2370 2572,2372 2608,2374 2643,2377 2679,2382 2714,2386 2750,2391"/>
                <TextEquiv>
                    <Unicode>land imme wodeumb geoffnet</Unicode>
                </TextEquiv>
            </TextLine>
            <TextLine id="r5l43" custom="readingOrder {index:42;}">
                <Coords points="2012,2439 2194,2471 2612,2440 2996,2494 2999,2417 2896,2429 2849,2401 2760,2425 2573,2384 2014,2391"/>
                <Baseline points="2018,2432 2066,2430 2115,2430 2163,2430 2212,2430 2261,2430 2309,2432 2358,2432 2406,2432 2455,2433 2504,2435 2552,2436 2601,2438 2649,2441 2698,2444 2747,2447 2795,2451 2844,2455 2892,2461 2941,2466 2990,2472"/>
                <TextEquiv>
                    <Unicode>De Hopei halb ist e gar mit bekadtlich</Unicode>
                </TextEquiv>
            </TextLine>
            <TextLine id="r5l44" custom="readingOrder {index:43;}">
                <Coords points="2036,2533 2052,2536 2062,2531 2070,2538 2082,2540 2113,2514 2129,2525 2148,2527 2148,2477 2123,2470 2099,2481 2086,2481 2068,2465 2053,2475 2036,2472"/>
                <Baseline points="2043,2513 2076,2513 2109,2513 2142,2513"/>
                <TextEquiv>
                    <Unicode>dß</Unicode>
                </TextEquiv>
            </TextLine>
            <TextLine id="r5l45" custom="readingOrder {index:44;}">
                <Coords points="2218,2513 2523,2505 2648,2546 2741,2518 2971,2562 2984,2526 2897,2483 2735,2470 2685,2495 2603,2446 2415,2479 2375,2459 2263,2484 2221,2460"/>
                <Baseline points="2225,2508 2262,2505 2300,2502 2337,2501 2375,2500 2412,2499 2450,2501 2487,2502 2525,2504 2562,2505 2600,2508 2638,2511 2675,2514 2713,2519 2750,2522 2788,2526 2825,2530 2863,2536 2900,2540 2938,2544 2976,2549"/>
                <TextEquiv>
                    <Unicode>car 2 mit den klager. 3 mit den</Unicode>
                </TextEquiv>
            </TextLine>
            <TextLine id="r5l46" custom="readingOrder {index:45;}">
                <Coords points="2045,2565 2744,2578 2872,2635 2987,2604 2989,2557 2742,2525 2646,2546 2487,2508 2046,2533"/>
                <Baseline points="2051,2561 2097,2556 2144,2553 2190,2552 2237,2550 2283,2549 2330,2549 2376,2550 2423,2550 2469,2553 2516,2555 2562,2558 2609,2561 2655,2564 2702,2569 2748,2572 2795,2576 2841,2581 2888,2586 2934,2592 2981,2597"/>
                <TextEquiv>
                    <Unicode>2 kleyn und zur 4 mit den 9 klehwestegs</Unicode>
                </TextEquiv>
            </TextLine>
            <TextLine id="r5l47" custom="readingOrder {index:46;}">
                <Coords points="2083,2644 2149,2621 2193,2617 2250,2634 2309,2608 2331,2618 2410,2610 2405,2557 2320,2578 2306,2568 2241,2573 2206,2595 2139,2551 2076,2563"/>
                <Baseline points="2087,2615 2113,2615 2139,2615 2165,2613 2192,2611 2218,2609 2244,2606 2270,2603 2297,2601 2323,2598 2349,2596 2375,2595 2402,2594"/>
                <TextEquiv>
                    <Unicode>ezogen word.</Unicode>
                </TextEquiv>
            </TextLine>
            <TextLine id="r5l48" custom="readingOrder {index:47;}">
                <Coords points="2050,2742 2345,2758 2505,2723 2843,2783 2854,2722 2790,2729 2676,2672 2552,2688 2502,2660 2319,2703 2181,2645 2123,2680 2052,2678"/>
                <Baseline points="2057,2724 2096,2724 2135,2724 2175,2724 2214,2723 2254,2723 2293,2721 2333,2721 2372,2721 2412,2721 2451,2721 2490,2722 2530,2724 2569,2726 2609,2728 2648,2732 2688,2737 2727,2742 2767,2749 2806,2757 2846,2766"/>
                <TextEquiv>
                    <Unicode>h 3 febeuarii 1602 jahr, ist dise off sy</Unicode>
                </TextEquiv>
            </TextLine>
            <TextLine id="r5l49" custom="readingOrder {index:48;}">
                <Coords points="2058,2785 2328,2776 2434,2801 2535,2780 2568,2809 2648,2791 2686,2825 2871,2826 2874,2769 2777,2792 2619,2734 2551,2761 2423,2728 2345,2758 2062,2737"/>
                <Baseline points="2066,2775 2105,2772 2145,2771 2185,2768 2225,2768 2265,2766 2305,2767 2345,2768 2385,2769 2425,2771 2465,2774 2504,2777 2544,2780 2584,2785 2624,2790 2664,2795 2704,2802 2744,2807 2784,2814 2824,2822 2864,2829"/>
                <TextEquiv>
                    <Unicode>glüpt unnd das e sich uff ehrste myne sh.</Unicode>
                </TextEquiv>
            </TextLine>
            <TextLine id="r5l50" custom="readingOrder {index:49;}">
                <Coords points="2056,2832 2232,2823 2323,2848 2424,2826 2896,2901 2900,2835 2780,2815 2680,2826 2457,2784 2383,2805 2251,2772 2059,2787"/>
                <Baseline points="2063,2826 2104,2822 2145,2820 2187,2819 2228,2817 2270,2817 2311,2819 2352,2819 2394,2821 2435,2823 2477,2826 2518,2829 2559,2833 2601,2838 2642,2843 2684,2847 2725,2853 2766,2857 2808,2864 2849,2869 2891,2876"/>
                <TextEquiv>
                    <Unicode>anforderang gepürlich stellen welle us</Unicode>
                </TextEquiv>
            </TextLine>
            <TextLine id="r5l51" custom="readingOrder {index:50;}">
                <Coords points="2072,2896 2181,2872 2314,2889 2358,2877 2387,2900 2457,2869 2559,2897 2589,2891 2590,2856 2440,2853 2407,2831 2374,2848 2355,2833 2291,2847 2241,2824 2073,2840"/>
                <Baseline points="2079,2870 2104,2870 2129,2869 2154,2868 2179,2868 2204,2867 2229,2867 2255,2867 2280,2867 2305,2867 2330,2867 2355,2867 2380,2867 2405,2868 2431,2870 2456,2871 2481,2872 2506,2874 2531,2877 2556,2880 2582,2885"/>
                <TextEquiv>
                    <Unicode>unnd ledig gelasen worden</Unicode>
                </TextEquiv>
            </TextLine>
            <TextEquiv>
                <Unicode>21
Peter roget von Lunoros
Nach dem Peter Roget vonn Lumomos hievor
durch myne herrenn golgenn imm Hag darnach
auch herenn Hans Rudolff Bachtold, so wolen
zun der mannenkefi als ouch zu Malzeli
durch ihnne geedte faltschen khundtschafft und
daruf gevogter unwysenig wegen Exammeck
unnd ernstig vermandt worden sich imm grund der
wacheet darüber zurlütrenn, hat er sich doch
domalenn daß ein nit bekennen wellen, sonder
annzeygt, sye nit muder dan das er etliche falen
begangen, die aber ihme die heren von Frybtag
verzigenn und syn vetteland ime zebrach widrumb
urgnüstiget, darumb e dan ei batem ufzulegen
habe mit undethäniger pit, man g h well und
dasselbig beschicken und nach besichtigung onas
nach ir gugfallen gegen ime proredieren laß
welches dan beschecht Wann nun gedachte
schrybenn hochgenampt ia vbrlifret, ist
gesagte Roget uff Samstag den 16 januarii

diß 1601 jars durch gemelten s. Grichtolde
deß dhats ober damans de bänge
und h Grosweyb elsvon Melinen zu
Marzeli vermandt worden anzusepgn 6be
nit vor etwas hots faltsche khundschafft
und bekendt
gredt, hat er vemmeldet, Sye war
Dann pete Riehaldt von Enderhin, habe
Ine, vonn ines Mitt korns wegn, soe
eynem anderen verkoufft, der halunns halb

abe, wie thür de kouff beschechen, nit des
ynen werden können etc. zu deselbigen gewytz
d
angewisen vnnd gebrucht, mitt imr
aber habind ouch zügel Petr vowre und Stielans
Christena von Mür. Disen fale aber habind
die herenn von Frybenng nit obermelts
patenis und schrybens imm verzigen und das
land imme wodeumb geoffnet
De Hopei halb ist e gar mit bekadtlich
dß
car 2 mit den klager. 3 mit den
2 kleyn und zur 4 mit den 9 klehwestegs
ezogen word.
h 3 febeuarii 1602 jahr, ist dise off sy
glüpt unnd das e sich uff ehrste myne sh.
anforderang gepürlich stellen welle us
unnd ledig gelasen worden</Unicode>
            </TextEquiv>
        </TextRegion>
    </Page>
</PcGts>
