3024 4032
885 1225 984 1291 130
918 101 1837 274 Deß wegenn sy dann inne inn stattschryber
946 183 1877 348 Brikins hus gfert und entlichen dathin bracht
958 260 1890 424 das ergredt, bekandtlich sye, das er gedach
943 338 1872 467 Blanhod vnrecht gethan, Jedoch mit denen ge¬
931 391 1853 518 dingenn sölliche bekandtnuß eleen das
971 456 1855 584 es jun noch synen erben nüt schaden solle
960 522 1835 644 Ob aber Blauchod darumb yt gschrifft
972 585 1860 725 zugestelt worden, möge eint wüßen und
940 671 1835 781 In sollichem allem habe ine Blawho
979 757 1850 849 mit vilmaltigen anhabt, vermögen unnd
964 783 1858 910 zun fahl er deß an dme ei gebracht und
967 853 1865 978 gredt es schade Ime mit, ware solliches
962 914 1853 1054 ime als enem jung gsellen, nit in
967 985 1234 1068 sam kommen.
1209 1170 1670 1318 Anna Schwartz
1022 1341 1861 1464 uff Samstag 19 decemb 1601 jars
997 1420 1860 1544 Isch Anna Schwartz von deß drittenn fahlers
1003 1499 1887 1613 wegenn, denn sy inn huri begangen, von mynen
1022 1585 1895 1670 ghr unnd oberennstettenn landen, vnd gepiedn
1021 1640 1612 1736 mit dem tod verwisen worden
2934 45 2998 106 18
2139 62 2826 261 Francows Blargchos.
1963 181 2030 246 13
2922 211 3004 256 at
1994 237 3012 404 Imach unnd als dann hievor den 5 decembiis 1601
2017 299 2964 454 Hans Fasnacht vonn Östh der lanndtvogthi Danem
2027 338 3008 512 s von Fentingen jr g gefencklich überschickt
2029 435 3004 568 etlicher diebstälenn, als ouch andern fahrrem
2024 478 3009 642 halb exammiit. Ist er deo bekandtlich. hieneben
2041 539 3028 679 uch durch imne anzeygt wordenn. Dar fraucw
1997 601 3024 773 Rhannchod uff yn syth ime an und zugemuttet
2011 685 3033 811 wider syn schwöste khundtschafft zu reden, welches
2040 748 3021 893 er, inn betrachtung blenchor find fürgabenn,
2035 821 3011 940 solliches fmme unschadlich gethan. Daß wegenn
2028 882 3043 1025 dan gedachter franwia von hochgenampt ig
2032 946 3044 1084 beschribenn, imn pfanngenschafft gelegt Zamstag
2032 1022 3036 1151 5 monats und fahrs obstadt, durch die frommen
2021 1096 3040 1211 fündenden erstienn wysen herren, Cunradt ußg
2036 1173 2909 1262 deß Bhats, Virentz Holtzers vnd Hans
2007 1247 2945 1352 Rudolff Hubers inn bpiesen h rielans
2020 1314 3054 1427 von Mülinens Großweybels, inn die junstl
2042 1382 3030 1486 beschickt Dasnachts, mitt vnd one marte, be¬
2041 1444 2968 1561 khanndt fügäben, ouch wie und welche
2036 1512 3032 1620 gstalt er ihme in thun gefencklich ynzuchen
2048 1576 3007 1678 Caßenn, vnd dahen getrungenn, zebekennen,
2029 1635 3023 1750 das e imme Blanchod unrecht gethan etc. vor
2028 1711 3010 1813 gelasenn und uemandt worden, den grund der
2027 1773 2979 1888 warheyt harbe zuroffnen, was inne doch
2049 1837 2990 1966 bewegt, unnangesechen da zu ösch zienschen
2036 1902 2993 2028 inen vrlüffne handel durch ynen spruch
2051 1969 2993 2082 allerdingen nörteel vnd Vsgewachet gwesen.
2050 2029 3013 2154 bemelten fasnacht iun gfangensthafft zu
2033 2101 2707 2209 veschaffenn Vemeldet er.
2035 2175 2960 2289 Ob glych wol e unnd fasnacht de jenigen
2041 2238 3001 2359 durch inne elüteten shmndtschafft sag halbe
2048 2304 3008 2410 gegen syne schwöster ester inn gehaltenem
2030 2367 2979 2479 sprüch vetragen, sye doch do malen ime
2046 2434 2967 2539 von anzognem fusnacht gröblich unrech
2040 2499 3006 2607 beschechen, dan nach dem hasnacht anzeygt.
2751 2580 2918 2660 habe
