3024 4032
2018 214 2128 301 110
2255 226 2770 370 Steffan Blösch
2122 342 2993 478 Dem nach und als dan (gegenwirtiger)
2105 412 3014 533 Steffann Plösch von Amerswÿl, der Ampt-
2105 465 2958 592 ÿung Arberg, abgefloßner tagen, mÿnen
2128 515 2976 646 gnädigen Herren und Oberen diser Lopplichen
2115 593 2985 696 Statt Bärnn, durch Ir gnaden Amptsman
2117 641 2968 749 mitt vollkommenem bericht, sÿner bishar
2125 698 2978 828 begangenen hochen, schwären lasterlichen
2129 755 2984 853 sachenn und fäleren, ergerlichen Läbenns,
2107 798 2951 920 Handels, und wandes halb, uberschickt,
2113 855 2961 988 und deßwegen die warheyt anzuzeygen
2105 934 2973 1031 vermandt worden, mittnammen, warumb
2126 1005 2972 1109 er sonderbahren personen, mehrmalen ge-
2088 1058 2973 1182 thröüwt, sy zu toden zu erstechen, etlichem
2112 1131 2999 1221 ouch uff dem straßen hinder den boumen
2108 1176 3015 1280 gewartet und offt und dick geredt, Er welle
2122 1248 2950 1328 eynen vmbbringen, oder es muße inne gn
2115 1308 2987 1383 anderer entlyben, da ouch über etliche un-
2118 1350 2948 1453 versechner sachhuekt und schon die streych
2097 1416 2945 1511 ufgehept, sy zuhoupen und mit steynen
2112 1468 2942 1551 zu etlichenn geworffenn, das sy hinder
2117 1532 2924 1616 denn Thürli stockenn schwrin such ei
2815 1581 2929 1669 tht
2120 1594 2285 1661 müßenn.
2088 1638 2957 1724 zu dem ouch chriftenlichen erbarkeyt zu
2095 1705 2939 1785 wider erschrockenlicher wys usgegoßenn,
2111 1769 2931 1823 und offentlich ube beschechne abmanung
2116 1790 2988 1886 gredt, Er habe syn sech uff eyn zumstecken
2111 1860 2874 1950 oder Thirlistock gesteckt ode gesetzt
2094 1908 2933 1978 darumb welle er got den allmechtigen
2101 1962 2931 2043 und den tüfel daruor uns got beware)
2111 2020 2934 2079 louffen lasenn, wellicher der erst darby
2113 2069 2914 2148 soe, derselbig solliche nemenn solle
2580 2170 2988 2237 Honmmats hinfligßendts 1601 jars
2534 2192 2567 2232 e
2141 2205 2979 2288 Darüber ist er uff 22 juti 1601 jars zun
2123 2256 2973 2330 bywäsenn, de odlen vesten kromen, ge
2118 2298 2968 2373 nemmen. fursichtigen ersamen wysen hehren
2118 2353 2949 2434 JoHans Lenders deß derhats Georg von
2148 2403 2915 2493 Vyngartens der Burgeren Kielans von
2733 2480 2965 2556 Mülmens
