3024 4032
975 2481 1018 2539 2
830 96 962 201 149
1075 172 1833 330 argeels felber von Rithi
924 353 1848 530 Uff 1 Apeilis 1602 sind uff benelch neen
896 413 1822 584 gnädig em herrenn und oberemm Scheltheyß
970 488 1796 632 unnd Bhats dise lopplichen statt kain
981 572 1808 715 harnach geschribne prsonen, so zundertheil
979 630 1839 789 dasch de pronolen, zuu thei bich sonst
981 713 1876 849 gefenncklich vnzagen Inn der Mannen kel¬
970 813 1848 942 unnd aiannderen orthen exammied
989 919 1843 1060 vnnd estlichem Margreth Felber vonn
967 1013 1850 1145 hüthen by beigdocff gelegen an zu seyyen
1608 1095 1650 1145 E
992 1080 1862 1203 gemandt worden, warumb ja sich also
987 1140 1880 1273 Inn müßiggang begabe, unnd us was ursah
983 1218 1861 1350 da sich nit ehrlichr handerboyt befloße,
970 1294 1864 1434 leogt unnd vemeldet harüber an. Sy habe
1015 1386 1876 1488 nach Ablybenn Ires Ehemans, welcher Ira
997 1459 1882 1576 funff kind hinderlaßen, sich mit rayen
1028 1521 1831 1645 ert, unnd als sy abgefloßen tagn
1037 1573 1886 1698 alhor kommen, iren den Jacob Hiltbrinr
1026 1652 1869 1783 dem Leueman hebe sachen. habind sy di
1025 1739 1839 1859 profösen ergriffen uungelegt und sy
1040 1810 1893 1919 also bishar inn pfangenschafft ent-
1040 1878 1895 1990 halten worden. Bärnde umb liberation
1034 1951 1824 2044 diewyl sy mit annders dan ehrlichs
1045 2016 1193 2073 begangn.
1012 2012 1881 2143 Dise oft usgelaßen unnd sich ehrlich zhalen vermandt
1794 2066 1889 2128 worden
1182 2088 1791 2214 Langnolff Fidman.
1017 2160 1854 2313 Blycher mndebenmässiger gstalt
1046 2262 1846 2397 hat man Ganngwolffen frid man von
1037 2342 1879 2468 Bosel, so etliche verpten ppigkyt
1058 2403 1840 2530 die e mit tllich perfrundeen Inn de
1043 2469 1867 2603 Hinsel beganger sich haben uomand
1021 2543 1596 2674 dre watheyt zuerclaren
1625 2609 1691 2705 e
1647 2659 1884 2752 daruber
1873 207 1955 278 15
2839 40 2903 123 30
2108 83 2682 269 Benbicht Bott
1965 262 2881 478 I 9 Apprellens zinfeießendts 1602 Jars inn
1937 332 2935 538 Söwahenn annhoren unnd gehennwirtigkeyt, da er ein-
1956 399 2917 604 vestenn krommen, fürsichtigen ersammen, sbysein
1941 478 2907 686 herrnn Gilgenn im Hags deße Bhats vinrenntz
1931 584 2868 753 Holtzers der Bergerenn kielans von Mülmen
1952 645 2909 815 Großweyb els sampt etlichen weyblen myner
1925 757 2569 925 gnädigenn wersenn unnd obwenn
1925 881 2940 1077 hat gegennwirtiger Beundicht tot purtig von
1955 980 2937 1121 Eßach vnuer Burgdorff gelegenn, nachnoßgeunde
1972 1032 2899 1190 durch inne begangene diebstäl unnd verübten
1989 1097 2940 1233 missethattenn zu Marzeli vynlich bekendt, ver
1979 1185 2793 1341 fächenn und mitt der marter bestättiget
1937 1344 2960 1488 nammlichenn unnd deß erstenn als er angefangen
1996 1404 2942 1503 talenn, habe er zu ersingenn eynem lanndtman
2002 1476 2928 1588 uß eynem ofennyynn lob wanns brot vor
2444 1535 2625 1637 A 2 d
1994 1573 2221 1649 unnthrüiret.
2014 1677 2977 1793 arnach mitt hilff synes gesellen, Weltsch Abraham
2014 1741 2948 1842 genampt zu Loch, by Rugsome, als es angfangen
2014 1816 2975 1883 nacht werdenn, mitt eynem biel, so sy daselbsten
2015 1880 2964 1969 genomenen, yn opyehe geöffnet, darus eyn wällen
2014 1952 2928 2038 huch sampt eynem dick empfennig gestolenn,
1995 2015 2961 2076 vonn wellichem galt ime drybatzenn worden
1974 2064 2949 2179 Das thuch aber habind sy by Criswyl inn eynen
1986 2127 2821 2238 Schürli Jnnyn Butdi Strome verstoßen
2003 2255 2913 2377 unnd als sy diß verbracht, syend sy gan ober
2008 2315 2958 2414 scheydegg gangen, alda zwen sppether offnen wellen
2020 2384 2848 2481 aber keyns wags daryn kommenn mögenn.
