3024 4032
952 102 1867 290 Wyter uff dem hof schwanndenn, Pete nür-
979 219 1874 344 busenn Inn syn källe gebrochenn, darus ein
998 283 1859 402 trnk kär, vnnd eyn kanntenn genomenn,
1022 345 1866 471 dselbige zu Granenmact iun deß müller
1012 408 1705 520 Zus geworffen, vnnd ligenn laßenn
959 559 1890 691 Dadannen sye er und syn mitthafft obgemeldt
978 649 1879 759 Inn die thün ganngen (so inn der kilchhöri t
1022 716 1882 845 elwald gelegenen) daselbsten habind sy this
984 773 1892 902 Widerlüseren syn spyehe geöffnet, darus ein
992 858 1874 969 manntel yn Blaue Wamsel etlichen wilch
1001 932 1883 1042 vnnd zwey Lundische parhosenn, Vennthruwett
991 1004 1902 1109 Das harnach mitt eynandern getheylt, dauon zu
1025 1062 1901 1181 gotten de manntlhn Blaue Wamsel
935 1144 1868 1255 vnnd Trilchin thuch sich gezogenn: Welches
1037 1210 1884 1331 abe alles e uff yynem Hof Bumpersmüel
1024 1267 1899 1379 gupt, Inn eyner Sehin, vnde das Thoine
1019 1354 1866 1459 verstoßenn. So harnach widerumb fund
1052 1431 1298 1505 wordenn
1042 1544 1898 1675 Verners habind sy dem weybel zu Triswyl
1012 1639 1893 1733 unnd sonnst noch ibenn zweyenn Joe sppehe
1054 1690 1908 1798 ufbrochenn unnd was für kleyde darun
1039 1761 1905 1858 gsey send durch synen gsellenn. Welte
1047 1818 1798 1926 Abraham gstolenn. Im latarthal
1016 1887 1911 1973 verkoufft, ime abe die wyle alleynn
1064 1958 1868 2041 ghütet, dauon nitzit mitgetheilt worden
1052 2090 1909 2211 wyte uff yner dh cuntzenn genampt
1051 2164 1878 2274 uß synem spyche fünff käs unnd yynn
1048 2249 1902 2343 Blauwenn Tschoppen gestolenn, das alles
1072 2298 1913 2409 habe de stun unntzit ann yn halben kas
1081 2367 1534 2474 widrumb empfangenn.
2883 53 2947 117 31
1915 105 2991 298 Dennethin zu Hasee, sy Burgdorff gelegen
1931 180 3000 365 Niclans Kieneren eynem lanndtman nechtlichen
1969 223 2879 407 wyl mit gunst unnd reunnenntz zumeldenn
1965 331 2361 494 d de pensin
1983 367 2617 546 wes unnd yn lybfars Londisth
1963 454 2398 589 igen alt Landtigti
1981 521 2373 667 war vyberhosen
2008 552 2591 697 hembli ve Eln Bleycht thueh
1964 624 2653 767 by Elen Huschuch un Elen trilch
1985 631 2888 835 Lonndisch und yn mine schirlitz wasel
1973 791 2160 897 enntragen
1937 792 2980 958 Dies aller usgenommenn die hosen so er noch an synem
1974 852 2956 1019 wbrhabe) zu Rugsomdt inn das söne
1982 910 2992 1063 verborgenn, welches ouch nacheidts wideumb
1970 1049 2358 1146 fundenn wordenn.
1992 1203 2965 1330 Item so habe er unnd obanzogner syn gesell
1987 1274 2983 1386 Weltsch abraham gupt zu Bigkenn zwenn
1979 1342 2989 1440 kallegeoffnet, darinnen aber nütit funden
1996 1427 2838 1537 dannöpffel, deo sy etlich genonden.
2016 1553 2867 1652 Verner obernthalb langnonen aß eynem
2021 1612 2914 1714 spyche, denn sy glychsfahls ufgebrochenn
2010 1672 2836 1775 pElen zu schuch 1 par schuch wyber
2020 1732 2957 1851 Juppen sampt ernem schwartzen husthüchiei
1999 1789 2946 1904 rock enntsuckt, daß aber inenn wideumb
2028 1848 2394 1948 abgeragt wordenn.
2291 1910 2379 1979 ei
2562 1898 2668 2036 s
1967 1974 2982 2117 Henne mit hilff synes gsellen enethalb crülsis
2024 2077 2969 2171 aber ynn spyche geoffnet unnd darus e kas
2016 2139 2206 2230 gestolenn.
2003 2210 2981 2399 Item zu Brangensporgers zus eyn Kallen ufbrochen
1997 2317 2757 2411 unnd danus ynn kas eintfrombdet
