3024 4032
821 208 919 279 116
1105 218 1759 345 Jacob Reyrierwann fünringen
863 301 1828 401 hatt jars und tags inn by syn vorgemelten
988 373 1830 474 myne herrenn shäten und bugre hr Machel
981 432 1157 510 bekenndt
959 485 1794 572 Nachdemer inn syne jugendt großen bunge
985 540 1788 624 erlittenn, habe er etliche mah uff dem
963 591 1788 677 drogen inn den stäflen zu syne esettigung
963 638 1558 735 spps unnd annderen genommen.
943 723 1785 830 Rubins stieffvatter ynn hembd, so ime
985 797 1809 893 aber widerumb zugestelt worden entragen.
971 894 1810 1004 Item ynemanndeen, so abe jetzung gstorben
967 966 1456 1049 ve hembd vn miteüwet
942 1053 1811 1170 Wyter yne Wittwen zu frütingen, eyn schaf
990 1129 1836 1219 genommen, welches er zu Thum umb u8 batz
968 1196 1165 1274 vrkoufft.
989 1277 1812 1394 Denes HannsBolwn ouch eynn schaf ent-
1007 1358 1824 1427 tuckt und zu thun Hanns Speri umb
991 1409 1850 1499 vn konen köüfflich hingäben, uß welliche
1000 1459 1791 1555 elößdten gält e dem h. eschachtlan
1003 1508 1584 1611 ynn buß 5 lb pfs bezalt.
985 1611 1852 1722 Item als e dem Hinmenich nachhon Habe
1000 1672 1831 1760 so zu Oberhofen, gn Imnachs gestolen,
997 1723 1713 1825 welche dem meysterwider worden
979 1830 1863 1927 Item so habe e vor gi jaren Christan briese
961 1888 1793 1981 us dem obersibenthaben 3 l veruntruwet
963 1959 1837 2046 Zu wellichem allei abe Inne syn liedeliche
989 2012 1828 2099 Husfrouw die Routiger verena) verursachet
997 2092 1867 2207 sonnst ist so hun keyne mäg bekanndtlich das
985 2171 1855 2258 e sich mit obgeschribnen pesonen, noch andern
982 2218 1888 2310 vepundet, sye ouch niemal by ime gwesi
983 2270 1867 2368 dan allen setliche mal inn wirtshusen
989 2318 1515 2416 da e mit inen gespilt
1774 2423 1822 2489 a
965 2385 1760 2514 diser Meynen ist 19. auguuisti 1601 uff
1766 2482 1872 2554 worden
1013 2475 1764 2567 geschworen vehehed unud ledig gelaßen
995 2730 1880 2829 Ist 1 lar darach mit dem kleynen, vnd zin 3 mal
993 2804 1715 2895 mit den 2. kleyessteyn ufzogen worden
1932 1376 1997 1430 Nota
1931 1425 1993 1497 frag.
2150 157 2214 255 d
2071 171 2883 360 Siclario Suscier von Frntingen.
1920 256 1986 328 117
1949 251 3063 428 Gatglychförmiger gstalt, Jars unnd tags obgemeldt
2022 344 2726 492 zu Marzel bekendt unnd verzechen
2009 358 3003 550 Das Schwartz Peter Rubi Brunnennwald Chusther
1993 435 3000 597 und yne mit yy nem ang Jaggi genampt vonn ansoltunge
2027 498 3040 630 unnd er sich mitt enandeen vebunden und umpflichtet
2010 524 3043 703 imn kuegzuhüch zu stälen, zu rouben und zuworden.
2869 586 2931 642 ite
2026 607 3031 756 unnd ob glych woh Jacob Meynen etliche malngespilt
2034 673 2967 810 habe er inen doch nit gholffen sy mich möntschen angryffen
2035 743 2727 868 sye auc nit byinen disorths gewesen.
2029 823 3019 942 Item als fr Rubi schwartz unnd Brünnenwald voge
2041 860 2950 991 melte thochter by dem zochen tag anngetroffene
2040 927 2968 1048 habind sy iren schanndtliche mit willen mit ira
2007 976 2981 1099 verbracht, ouch sampt unnd sonders sy darzu ge
2019 1044 2968 1160 schwengenn datnach als sy unlydeg worden
2037 1103 2948 1220 schwartz ira mit dem wehr yn seich gäbenn
2031 1152 2965 1290 daruf sy gedachte thochter umbracht und in
2043 1246 2484 1335 das waßer geworffen
2030 1296 3012 1431 erseygt auch amn nach dem sy schon voetzt gsyn, habind
2064 1387 3011 1474 Iren mut willen mit Ira geübt, vnd die anderen de
2071 1439 2523 1543 sochte darzwüschen gehept:
2073 1511 3002 1629 vyte hat eo bekenndt, das er unnd syn gesellen
2056 1593 2979 1663 ann der glütsch by der Nüwenbruge, auch eynn
2054 1640 3036 1734 wybspersonn, so zu boß dahin kommen, gemürdet
2047 1705 3050 1784 unnd darnach inn das wase geworffen habind, welchs
2068 1748 2886 1840 schwartz angriffen, danon sye ihmme in un worden
2066 1837 2983 1943 Item der wybspeson halb so sy by dem hochenstäg
2072 1898 2959 1971 angriffen und etliche hund kommen. ouch das sy
2066 1948 3032 2045 daselbst ire knütel prebiert und daruf peter
2068 1999 2991 2087 Wülen mit steynem bis zu synem has geragt
2056 2051 3012 2144 Am landerstäg uff etliche als auch den heren
2048 2101 2959 2197 von Spietz gewartet so umb zubringen, las de e28
2056 2146 2995 2237 by kubins vericht belyben, dann es allso e
2053 2207 2247 2289 gangen syr
2053 2272 2998 2360 Ders jinges halb den Rübi unnd wo von der hingen
2074 2319 2971 2414 richt eten person genommen, se es war wie Rubi
2074 2355 3000 2461 das sienor bekendt, Aleyn das Bümen ward
2085 2411 2478 2492 auch eynen empfangen
2736 2483 2864 2576 deß
