<?xml version="1.0" encoding="UTF-8" standalone="yes"?>
<PcGts xmlns="http://schema.primaresearch.org/PAGE/gts/pagecontent/2013-07-15" xmlns:xsi="http://www.w3.org/2001/XMLSchema-instance" xsi:schemaLocation="http://schema.primaresearch.org/PAGE/gts/pagecontent/2013-07-15 http://schema.primaresearch.org/PAGE/gts/pagecontent/2013-07-15/pagecontent.xsd">
    <Metadata>
        <Creator>prov=University of Rostock/Institute of Mathematics/CITlab|PLANET AI GmbH/Gundram Leifert/gundram.leifert@planet-ai.de:name=German_Kurrent_XVI-XVIII_M1(htr_id=19584)::::v=2.6.7
prov=University of Rostock/Institute of Mathematics/CITlab|PLANET AI GmbH/Tobias Gruening/tobias.gruening@planet-ai.de:name=de.uros.citlab.module.baseline2polygon.B2PSeamMultiOriented:v=2.6.7
prov=University of Rostock/Institute of Mathematics/CITlab|PLANET AI GmbH/Tobias Gruening/tobias.gruening@planet-ai.de:name=/net_tf/LA73_249_0mod360.pb:de.uros.citlab.segmentation.CITlab_LA_ML:v=2.6.7
Transkribus</Creator>
        <Created>2021-02-10T20:29:45.621+01:00</Created>
        <LastChange>2022-09-12T14:12:23.195+02:00</LastChange>
        <TranskribusMetadata docId="1334806" pageId="52358570" pageNr="66" tsid="114640277" status="IN_PROGRESS" userId="9570" imgUrl="https://files.transkribus.eu/Get?id=KUPBLZEQVYKIMKPDDKBNZIVF&amp;fileType=view" xmlUrl="https://files.transkribus.eu/Get?id=LJNVWSIJZAEGZNELAKQWCCEO" imageId="19931193"/>
    </Metadata>
    <Page imageFilename="IMG_8859.jpg" imageWidth="3024" imageHeight="4032">
        <ReadingOrder>
            <OrderedGroup id="ro_1687513848246" caption="Regions reading order">
                <RegionRefIndexed index="0" regionRef="r1"/>
                <RegionRefIndexed index="1" regionRef="r2"/>
                <RegionRefIndexed index="2" regionRef="r3"/>
                <RegionRefIndexed index="3" regionRef="r4"/>
            </OrderedGroup>
        </ReadingOrder>
        <TextRegion orientation="0.0" id="r1" custom="readingOrder {index:0;}">
            <Coords points="1002,818 1002,968 1032,968 1032,818"/>
            <TextLine id="r1l1" custom="readingOrder {index:0;}">
                <Coords points="996,949 1002,949 1009,944 1017,950 1021,947 1038,949 1038,844 1027,846 1018,852 1012,848 1007,848 1005,851 996,849"/>
                <Baseline points="1002,918 1032,918"/>
                <TextEquiv>
                    <Unicode></Unicode>
                </TextEquiv>
            </TextLine>
            <TextEquiv>
                <Unicode></Unicode>
            </TextEquiv>
        </TextRegion>
        <TextRegion orientation="0.0" id="r2" custom="readingOrder {index:1;}">
            <Coords points="1016,204 1016,2511 1863,2511 1863,204"/>
            <TextLine id="r2l1" custom="readingOrder {index:0;} person {offset:0; length:19; continued:true;}">
                <Coords points="1267,260 1331,236 1432,232 1464,258 1516,245 1560,280 1597,259 1619,275 1713,261 1716,220 1662,193 1622,211 1590,181 1567,200 1478,198 1450,165 1410,188 1366,166 1344,179 1302,144 1276,148"/>
                <Baseline points="1275,227 1300,227 1325,227 1351,228 1376,228 1402,231 1427,231 1452,233 1478,235 1503,238 1529,240 1554,242 1579,245 1605,248 1630,251 1656,254 1681,257 1707,260"/>
                <TextEquiv>
                    <Unicode>Pieter Bonia Peter¬</Unicode>
                </TextEquiv>
            </TextLine>
            <TextLine id="r2l2" custom="readingOrder {index:1;} person {offset:0; length:1; continued:true;}">
                <Coords points="1009,353 1542,352 1579,379 1611,358 1781,403 1799,337 1702,345 1666,318 1560,325 1457,292 1378,313 1307,269 1199,308 1077,257 1014,267"/>
                <Baseline points="1016,339 1054,338 1093,338 1132,336 1170,336 1209,336 1248,336 1286,338 1325,339 1364,341 1403,342 1441,344 1480,348 1519,351 1557,354 1596,358 1635,363 1673,369 1712,375 1751,381 1790,387"/>
                <TextEquiv>
                    <Unicode>S Mittwichen den 20 wanmonats</Unicode>
                </TextEquiv>
            </TextLine>
            <TextLine id="r2l3" custom="readingOrder {index:2;}">
                <Coords points="1046,415 1250,394 1799,447 1786,399 1629,371 1600,389 1539,352 1252,377 1160,349 1049,361"/>
                <Baseline points="1053,395 1090,395 1127,395 1164,395 1201,395 1238,395 1275,395 1312,396 1349,396 1386,398 1423,399 1460,401 1497,403 1534,406 1571,410 1608,412 1645,417 1682,421 1719,427 1756,433 1794,440"/>
                <TextEquiv>
                    <Unicode>dß hinfließenden 1602 jans in schwisen</Unicode>
                </TextEquiv>
            </TextLine>
            <TextLine id="r2l4" custom="readingOrder {index:3;}">
                <Coords points="1036,485 1164,492 1199,464 1230,491 1344,489 1466,454 1591,494 1663,466 1748,523 1781,497 1822,510 1824,478 1672,420 1501,410 1443,435 1349,406 1299,428 1250,393 1039,433"/>
                <Baseline points="1043,453 1081,453 1120,453 1159,453 1197,452 1236,452 1275,452 1313,450 1352,450 1391,452 1430,452 1468,453 1507,455 1546,457 1584,459 1623,464 1662,469 1700,475 1739,483 1778,492 1817,501"/>
                <TextEquiv>
                    <Unicode>ashrete, fnd gugenwwuettigeheit, des sienen</Unicode>
                </TextEquiv>
            </TextLine>
            <TextLine id="r2l5" custom="readingOrder {index:4;}">
                <Coords points="1035,528 1099,504 1179,523 1314,506 1401,555 1635,517 1794,549 1795,509 1747,520 1660,469 1591,494 1458,456 1358,489 1230,491 1207,466 1165,491 1036,485"/>
                <Baseline points="1041,507 1078,507 1115,507 1153,507 1190,507 1227,507 1265,506 1302,506 1339,506 1377,506 1414,507 1451,507 1489,509 1526,512 1563,513 1601,516 1638,520 1675,523 1713,529 1750,535 1788,542"/>
                <TextEquiv>
                    <Unicode>mein furnemmen fürsichtigen, erkenem</Unicode>
                </TextEquiv>
            </TextLine>
            <TextLine id="r2l6" custom="readingOrder {index:5;} person {offset:13; length:14;}">
                <Coords points="1035,557 1139,593 1401,565 1461,602 1620,568 1662,603 1706,575 1790,595 1791,558 1637,517 1402,556 1367,519 1250,547 1035,528"/>
                <Baseline points="1040,561 1077,563 1114,563 1151,564 1188,564 1226,564 1263,564 1300,564 1337,564 1374,566 1412,566 1449,566 1486,567 1523,567 1560,569 1598,570 1635,572 1672,575 1709,577 1746,580 1784,584"/>
                <TextEquiv>
                    <Unicode>Wysir herren aleander husen des</Unicode>
                </TextEquiv>
            </TextLine>
            <TextLine id="r2l7" custom="readingOrder {index:6;} person {offset:10; length:18;}">
                <Coords points="1032,638 1089,657 1323,611 1372,644 1539,622 1792,664 1804,615 1733,574 1662,604 1541,582 1429,600 1394,567 1275,564 1119,598 1033,568"/>
                <Baseline points="1038,624 1077,623 1117,623 1157,621 1197,620 1237,620 1277,619 1317,618 1357,618 1397,619 1437,620 1477,620 1517,622 1557,624 1597,626 1637,629 1677,632 1717,636 1757,640 1797,644"/>
                <TextEquiv>
                    <Unicode>rhtetts ✳ daund eschrerrenns den beugefrnel ✳</Unicode>
                </TextEquiv>
            </TextLine>
            <TextLine id="r2l8" custom="readingOrder {index:7;} person {offset:0; length:21;}">
                <Coords points="1032,693 1532,691 1563,671 1591,693 1712,691 1772,732 1811,718 1812,665 1714,639 1512,628 1442,657 1325,611 1253,655 1192,624 1123,656 1033,637"/>
                <Baseline points="1038,681 1076,681 1114,681 1153,680 1191,679 1230,678 1268,677 1306,677 1345,675 1383,675 1422,675 1460,675 1498,675 1537,676 1575,678 1614,681 1652,684 1690,688 1729,692 1767,698 1806,705"/>
                <TextEquiv>
                    <Unicode>Nisfeus von Mitelinen Grosweibels sanet</Unicode>
                </TextEquiv>
            </TextLine>
            <TextLine id="r2l9" custom="readingOrder {index:8;} organization {offset:18; length:21; continued:true;}">
                <Coords points="1041,743 1131,759 1377,728 1513,765 1590,738 1689,770 1799,759 1800,722 1608,685 1572,707 1448,688 1388,715 1262,685 1042,709"/>
                <Baseline points="1047,734 1084,734 1121,734 1158,734 1196,734 1233,733 1270,732 1308,731 1345,731 1382,731 1420,731 1457,729 1494,731 1531,731 1569,732 1606,734 1643,737 1681,740 1718,743 1755,748 1793,753"/>
                <TextEquiv>
                    <Unicode>ettlichen weiblen miner gnädigen herren</Unicode>
                </TextEquiv>
            </TextLine>
            <TextLine id="r2l10" custom="readingOrder {index:9;} organization {offset:0; length:39; continued:true;}">
                <Coords points="1034,810 1285,780 1409,795 1460,831 1568,790 1594,811 1805,813 1806,767 1750,779 1621,742 1555,768 1435,740 1350,760 1267,732 1229,760 1157,742 1125,766 1036,741"/>
                <Baseline points="1040,789 1078,788 1116,787 1154,786 1192,786 1230,786 1268,786 1306,786 1344,786 1382,786 1420,786 1458,788 1496,788 1534,789 1572,790 1610,792 1648,793 1686,795 1724,797 1762,799 1800,801"/>
                <TextEquiv>
                    <Unicode>vnnd Oberen diser Loblichen statt Berne</Unicode>
                </TextEquiv>
            </TextLine>
            <TextLine id="r2l11" custom="readingOrder {index:10;} person {offset:26; length:10; continued:true;}">
                <Coords points="1049,931 1187,918 1268,959 1377,920 1496,947 1561,909 1586,932 1793,930 1809,898 1729,893 1651,852 1547,882 1427,860 1334,893 1289,868 1048,890"/>
                <Baseline points="1055,918 1092,920 1129,921 1167,923 1204,923 1242,922 1279,921 1316,921 1354,920 1391,918 1429,918 1466,917 1503,915 1541,915 1578,915 1616,914 1653,915 1690,915 1728,917 1765,918 1803,921"/>
                <TextEquiv>
                    <Unicode>hatt dises gägenwurttigen Tetten von</Unicode>
                </TextEquiv>
            </TextLine>
            <TextLine id="r2l12" custom="readingOrder {index:11;} person {offset:0; length:6; continued:true;} place {offset:11; length:19;}">
                <Coords points="1043,1005 1125,978 1186,1009 1295,971 1393,989 1511,962 1605,994 1799,973 1797,929 1638,937 1561,909 1505,945 1378,919 1264,957 1187,919 1131,957 1042,952"/>
                <Baseline points="1049,980 1086,980 1123,980 1160,978 1197,977 1235,977 1272,975 1309,973 1346,972 1383,970 1421,968 1458,967 1495,965 1532,964 1569,963 1607,962 1644,962 1681,960 1718,960 1755,962 1793,962"/>
                <TextEquiv>
                    <Unicode>Detter von Euchyn im Aphenthal deß</Unicode>
                </TextEquiv>
            </TextLine>
            <TextLine id="r2l13" custom="readingOrder {index:12;}">
                <Coords points="1061,1044 1109,1031 1163,1057 1284,1023 1368,1045 1475,1021 1517,1047 1803,1019 1801,983 1739,965 1606,994 1507,963 1393,989 1361,969 1302,1002 1214,985 1185,1009 1060,1003"/>
                <Baseline points="1067,1029 1103,1029 1139,1029 1176,1028 1212,1026 1249,1025 1285,1023 1322,1022 1358,1020 1395,1019 1431,1017 1467,1015 1504,1013 1540,1012 1577,1011 1613,1010 1650,1009 1686,1008 1723,1008 1759,1008 1796,1010"/>
                <TextEquiv>
                    <Unicode>hertzogthumbs mlegland gslagen, so der</Unicode>
                </TextEquiv>
            </TextLine>
            <TextLine id="r2l14" custom="readingOrder {index:13;} place {offset:17; length:6;}">
                <Coords points="1059,1091 1178,1081 1213,1101 1319,1070 1500,1067 1561,1090 1590,1065 1741,1087 1808,1064 1807,1038 1685,1022 1515,1047 1456,1024 1395,1051 1262,1029 1057,1057"/>
                <Baseline points="1064,1077 1100,1077 1137,1077 1174,1077 1211,1076 1248,1076 1285,1073 1322,1072 1359,1071 1396,1069 1433,1067 1469,1066 1506,1064 1543,1062 1580,1061 1617,1059 1654,1058 1691,1057 1728,1056 1765,1055 1802,1055"/>
                <TextEquiv>
                    <Unicode>ettwas Zytts von Arbung durch den herre</Unicode>
                </TextEquiv>
            </TextLine>
            <TextLine id="r2l15" custom="readingOrder {index:14;}">
                <Coords points="1052,1147 1384,1118 1511,1146 1576,1114 1701,1130 1726,1108 1776,1130 1828,1113 1827,1064 1741,1088 1594,1065 1561,1090 1380,1072 1250,1104 1178,1081 1117,1110 1074,1082 1051,1098"/>
                <Baseline points="1058,1125 1096,1125 1134,1125 1172,1124 1211,1124 1249,1122 1287,1121 1325,1119 1364,1116 1402,1115 1440,1113 1478,1112 1517,1110 1555,1109 1593,1107 1631,1106 1670,1106 1708,1106 1746,1106 1784,1107 1823,1109"/>
                <TextEquiv>
                    <Unicode>amptman daselbst mynen gnädigen hochhre</Unicode>
                </TextEquiv>
            </TextLine>
            <TextLine id="r2l16" custom="readingOrder {index:15;}">
                <Coords points="1054,1193 1283,1201 1317,1173 1469,1163 1532,1197 1635,1161 1774,1188 1839,1169 1837,1113 1773,1134 1727,1108 1605,1142 1376,1123 1180,1158 1052,1146"/>
                <Baseline points="1059,1181 1097,1179 1136,1179 1175,1177 1213,1175 1252,1173 1291,1171 1329,1169 1368,1167 1407,1165 1446,1163 1484,1161 1523,1160 1562,1158 1600,1158 1639,1157 1678,1157 1716,1157 1755,1157 1794,1158 1833,1160"/>
                <TextEquiv>
                    <Unicode>den herren unnd oberen gfencklich überschickt</Unicode>
                </TextEquiv>
            </TextLine>
            <TextLine id="r2l17" custom="readingOrder {index:16;}">
                <Coords points="1056,1251 1813,1218 1811,1163 1767,1193 1635,1161 1531,1197 1442,1169 1324,1204 1055,1205"/>
                <Baseline points="1062,1230 1099,1230 1136,1229 1173,1229 1210,1228 1248,1227 1285,1226 1322,1224 1359,1223 1396,1220 1434,1218 1471,1217 1508,1215 1545,1214 1582,1212 1620,1211 1657,1209 1694,1209 1731,1208 1768,1208 1806,1208"/>
                <TextEquiv>
                    <Unicode>worden, hernach geschribige schweren heche</Unicode>
                </TextEquiv>
            </TextLine>
            <TextLine id="r2l18" custom="readingOrder {index:17;}">
                <Coords points="1065,1281 1167,1297 1256,1278 1308,1308 1431,1270 1499,1305 1538,1277 1579,1298 1662,1255 1739,1279 1822,1262 1820,1212 1774,1235 1670,1213 1405,1231 1372,1258 1063,1238"/>
                <Baseline points="1071,1281 1108,1281 1145,1280 1182,1280 1219,1278 1257,1277 1294,1276 1331,1275 1368,1274 1405,1272 1443,1271 1480,1269 1517,1268 1554,1265 1591,1264 1629,1262 1666,1260 1703,1259 1740,1256 1777,1254 1815,1251"/>
                <TextEquiv>
                    <Unicode>Mishandluag, weißenthafftes falghund</Unicode>
                </TextEquiv>
            </TextLine>
            <TextLine id="r2l19" custom="readingOrder {index:18;} place {offset:9; length:6;}">
                <Coords points="1063,1349 1280,1333 1322,1358 1365,1322 1428,1349 1611,1317 1700,1344 1817,1304 1815,1264 1644,1258 1593,1297 1550,1277 1501,1304 1428,1274 1308,1308 1275,1284 1060,1297"/>
                <Baseline points="1068,1341 1105,1338 1142,1337 1179,1334 1216,1332 1253,1331 1290,1329 1328,1329 1365,1328 1402,1326 1439,1325 1476,1324 1513,1322 1550,1320 1588,1319 1625,1316 1662,1313 1699,1310 1736,1306 1773,1302 1811,1296"/>
                <TextEquiv>
                    <Unicode>ersug zu Marzic bekhent verdtichen und</Unicode>
                </TextEquiv>
            </TextLine>
            <TextLine id="r2l20" custom="readingOrder {index:19;}">
                <Coords points="1073,1395 1439,1380 1471,1408 1607,1366 1821,1376 1818,1322 1767,1321 1658,1346 1584,1324 1493,1356 1364,1322 1323,1358 1287,1336 1149,1361 1125,1344 1072,1371"/>
                <Baseline points="1079,1385 1115,1385 1152,1385 1189,1385 1226,1383 1262,1383 1299,1382 1336,1380 1373,1379 1409,1378 1446,1376 1483,1374 1520,1373 1556,1370 1593,1368 1630,1366 1667,1364 1703,1361 1740,1359 1777,1357 1814,1355"/>
                <TextEquiv>
                    <Unicode>mit der Martter erhaltten vnnd b¬</Unicode>
                </TextEquiv>
            </TextLine>
            <TextLine id="r2l21" custom="readingOrder {index:20;}">
                <Coords points="1066,1455 1092,1448 1109,1456 1139,1457 1146,1464 1169,1461 1201,1442 1239,1437 1238,1397 1220,1402 1199,1389 1184,1388 1159,1394 1147,1383 1113,1396 1101,1392 1083,1403 1065,1399"/>
                <Baseline points="1071,1437 1098,1436 1125,1435 1152,1434 1179,1433 1206,1433 1233,1434"/>
                <TextEquiv>
                    <Unicode>stättiget</Unicode>
                </TextEquiv>
            </TextLine>
            <TextLine id="r2l22" custom="readingOrder {index:21;}">
                <Coords points="1059,1536 1157,1531 1197,1560 1361,1518 1485,1549 1605,1512 1689,1544 1826,1510 1824,1463 1763,1479 1691,1451 1579,1493 1465,1479 1368,1506 1091,1465 1056,1482"/>
                <Baseline points="1064,1529 1101,1531 1139,1532 1177,1533 1215,1533 1253,1532 1290,1532 1328,1530 1366,1529 1404,1527 1442,1526 1479,1523 1517,1520 1555,1518 1593,1515 1631,1512 1668,1509 1706,1507 1744,1504 1782,1501 1820,1499"/>
                <TextEquiv>
                    <Unicode>namlich als er ich bißhar mit Ryß unnd</Unicode>
                </TextEquiv>
            </TextLine>
            <TextLine id="r2l23" custom="readingOrder {index:22;}">
                <Coords points="1056,1615 1159,1590 1197,1611 1325,1590 1355,1613 1402,1586 1457,1609 1604,1571 1657,1600 1823,1555 1821,1509 1694,1542 1639,1524 1398,1543 1358,1518 1252,1563 1087,1533 1053,1550"/>
                <Baseline points="1061,1589 1098,1588 1136,1587 1174,1586 1212,1586 1250,1584 1287,1583 1325,1582 1363,1580 1401,1579 1439,1577 1476,1575 1514,1573 1552,1572 1590,1569 1628,1566 1665,1562 1703,1559 1741,1555 1779,1552 1817,1547"/>
                <TextEquiv>
                    <Unicode>bußtragen, 6o wrzlechaßle erfüschet heim</Unicode>
                </TextEquiv>
            </TextLine>
            <TextLine id="r2l24" custom="readingOrder {index:23;}">
                <Coords points="1092,1663 1162,1629 1368,1627 1463,1656 1552,1624 1610,1646 1659,1619 1717,1639 1827,1622 1825,1576 1682,1593 1641,1565 1530,1599 1400,1583 1357,1610 1090,1606"/>
                <Baseline points="1097,1634 1133,1632 1169,1630 1205,1629 1241,1628 1277,1628 1313,1628 1350,1626 1386,1626 1422,1626 1458,1625 1494,1625 1530,1623 1566,1622 1603,1620 1639,1619 1675,1615 1711,1612 1747,1609 1783,1606 1820,1601"/>
                <TextEquiv>
                    <Unicode>und aber das sirg getragen erhalten</Unicode>
                </TextEquiv>
            </TextLine>
            <TextLine id="r2l25" custom="readingOrder {index:24;}">
                <Coords points="1080,1689 1772,1667 1824,1655 1823,1620 1720,1640 1661,1617 1587,1648 1520,1628 1461,1657 1258,1636 1079,1659"/>
                <Baseline points="1086,1677 1122,1677 1159,1677 1195,1677 1232,1677 1269,1677 1305,1676 1342,1676 1378,1674 1415,1674 1452,1673 1488,1671 1525,1669 1561,1667 1598,1665 1635,1664 1671,1661 1708,1658 1744,1656 1781,1653 1818,1650"/>
                <TextEquiv>
                    <Unicode>vnnd vbbringen mußen, vnnd er gan</Unicode>
                </TextEquiv>
            </TextLine>
            <TextLine id="r2l26" custom="readingOrder {index:25;} place {offset:0; length:4;} person {offset:31; length:6; continued:true;}">
                <Coords points="1075,1735 1200,1760 1336,1731 1479,1755 1535,1721 1665,1713 1850,1733 1837,1644 1575,1695 1480,1679 1278,1710 1202,1674 1073,1689"/>
                <Baseline points="1080,1728 1118,1728 1156,1728 1194,1728 1232,1728 1270,1727 1308,1727 1346,1725 1384,1724 1422,1722 1461,1721 1499,1719 1537,1718 1575,1715 1613,1713 1651,1711 1689,1709 1727,1707 1765,1704 1803,1701 1842,1698"/>
                <TextEquiv>
                    <Unicode>Iuom zu nteit gantzen, zu imme anthon</Unicode>
                </TextEquiv>
            </TextLine>
            <TextLine id="r2l27" custom="readingOrder {index:26;} person {offset:0; length:17; continued:true;}">
                <Coords points="1081,1789 1135,1813 1205,1782 1406,1792 1512,1765 1551,1789 1660,1768 1709,1789 1743,1753 1792,1769 1839,1743 1837,1712 1788,1734 1602,1718 1477,1751 1437,1730 1408,1754 1304,1736 1212,1761 1078,1735"/>
                <Baseline points="1086,1782 1123,1781 1160,1781 1198,1781 1235,1779 1272,1778 1310,1776 1347,1775 1384,1773 1422,1773 1459,1770 1496,1768 1534,1766 1571,1764 1608,1760 1646,1758 1683,1755 1720,1753 1758,1750 1795,1747 1833,1743"/>
                <TextEquiv>
                    <Unicode>Lings von Querena vnuehr Tuom gelagen</Unicode>
                </TextEquiv>
            </TextLine>
            <TextLine id="r2l28" custom="readingOrder {index:27;}">
                <Coords points="1079,1844 1848,1814 1844,1747 1787,1774 1745,1754 1711,1788 1522,1774 1340,1803 1282,1779 1136,1813 1077,1794"/>
                <Baseline points="1085,1832 1122,1830 1160,1829 1198,1827 1236,1827 1274,1826 1311,1824 1349,1822 1387,1821 1425,1820 1463,1817 1500,1815 1538,1813 1576,1811 1614,1808 1652,1805 1689,1803 1727,1800 1765,1797 1803,1793 1841,1790"/>
                <TextEquiv>
                    <Unicode>khommen, inns umb yn handthierung befrag</Unicode>
                </TextEquiv>
            </TextLine>
            <TextLine id="r2l29" custom="readingOrder {index:28;}">
                <Coords points="1081,1888 1223,1900 1376,1868 1456,1894 1592,1851 1634,1881 1740,1878 1847,1843 1837,1813 1652,1838 1586,1820 1527,1845 1457,1814 1410,1847 1332,1825 1178,1858 1078,1843"/>
                <Baseline points="1086,1881 1123,1879 1161,1878 1199,1877 1237,1875 1274,1874 1312,1872 1350,1871 1388,1869 1425,1868 1463,1866 1501,1864 1539,1863 1576,1860 1614,1859 1652,1856 1690,1854 1727,1851 1765,1847 1803,1844 1841,1841"/>
                <TextEquiv>
                    <Unicode>Demnach er imme solliches angezeigtn mi</Unicode>
                </TextEquiv>
            </TextLine>
            <TextLine id="r2l30" custom="readingOrder {index:29;}">
                <Coords points="1082,1957 1172,1927 1314,1951 1534,1910 1703,1930 1791,1894 1848,1902 1846,1861 1795,1852 1746,1883 1587,1861 1455,1894 1360,1869 1268,1905 1181,1881 1079,1893"/>
                <Baseline points="1086,1926 1123,1925 1161,1925 1199,1925 1237,1923 1274,1923 1312,1922 1350,1920 1388,1918 1425,1917 1463,1915 1501,1914 1539,1911 1576,1908 1614,1907 1652,1904 1690,1901 1727,1899 1765,1896 1803,1892 1841,1889"/>
                <TextEquiv>
                    <Unicode>daruff vorb syn Ehelichen, Redlichen gwwarb</Unicode>
                </TextEquiv>
            </TextLine>
            <TextLine id="r2l31" custom="readingOrder {index:30;}">
                <Coords points="1095,1992 1181,1999 1282,1967 1447,1994 1500,1958 1649,1971 1693,1944 1845,1947 1843,1910 1812,1905 1748,1930 1633,1912 1287,1954 1152,1926 1093,1944"/>
                <Baseline points="1101,1974 1137,1973 1174,1971 1211,1970 1248,1968 1285,1967 1322,1965 1359,1964 1396,1962 1433,1960 1470,1958 1506,1956 1543,1954 1580,1953 1617,1950 1654,1948 1691,1946 1728,1944 1765,1943 1802,1940 1839,1938"/>
                <TextEquiv>
                    <Unicode>uug vvnnd arbeit bescholtten, daruon ab¬</Unicode>
                </TextEquiv>
            </TextLine>
            <TextLine id="r2l32" custom="readingOrder {index:31;}">
                <Coords points="1088,2039 1174,2013 1517,2032 1599,2006 1750,2029 1845,1989 1843,1943 1550,1986 1447,1957 1368,1989 1086,1997"/>
                <Baseline points="1092,2019 1129,2018 1166,2018 1204,2016 1241,2015 1278,2013 1316,2012 1353,2010 1390,2009 1428,2006 1465,2004 1502,2003 1540,2001 1577,1998 1614,1997 1652,1995 1689,1994 1726,1992 1764,1992 1801,1991 1839,1989"/>
                <TextEquiv>
                    <Unicode>gewien unnd abtrännig gemacht. Habe</Unicode>
                </TextEquiv>
            </TextLine>
            <TextLine id="r2l33" custom="readingOrder {index:32;}">
                <Coords points="1096,2079 1170,2092 1205,2068 1286,2094 1436,2065 1510,2084 1562,2055 1616,2087 1648,2056 1770,2074 1848,2053 1846,2011 1801,1993 1742,2032 1094,2030"/>
                <Baseline points="1101,2072 1138,2069 1175,2066 1212,2064 1249,2062 1286,2061 1323,2060 1360,2058 1397,2057 1434,2057 1471,2055 1508,2054 1545,2054 1582,2052 1619,2051 1656,2051 1693,2049 1730,2048 1767,2046 1804,2045 1842,2043"/>
                <TextEquiv>
                    <Unicode>Im dre derselbig anfangs an statt zwyen</Unicode>
                </TextEquiv>
            </TextLine>
            <TextLine id="r2l34" custom="readingOrder {index:33;}">
                <Coords points="1092,2138 1228,2124 1276,2147 1369,2113 1537,2136 1763,2097 1842,2116 1840,2051 1703,2085 1660,2063 1598,2086 1570,2068 1313,2094 1090,2080"/>
                <Baseline points="1097,2117 1133,2115 1170,2115 1207,2114 1244,2112 1281,2112 1318,2111 1355,2111 1392,2109 1429,2108 1466,2106 1502,2106 1539,2105 1576,2103 1613,2101 1650,2100 1687,2098 1724,2097 1761,2094 1798,2093 1835,2090"/>
                <TextEquiv>
                    <Unicode>gutter Kropen, vier faltshen, demnach an</Unicode>
                </TextEquiv>
            </TextLine>
            <TextLine id="r2l35" custom="readingOrder {index:34;}">
                <Coords points="1099,2169 1346,2194 1512,2157 1620,2173 1669,2143 1772,2172 1827,2142 1826,2109 1463,2141 1387,2118 1349,2142 1097,2137"/>
                <Baseline points="1104,2166 1139,2165 1175,2165 1211,2165 1247,2163 1283,2163 1319,2162 1354,2160 1390,2159 1426,2157 1462,2157 1498,2155 1534,2153 1570,2151 1605,2149 1641,2147 1677,2145 1713,2142 1749,2140 1785,2138 1821,2135"/>
                <TextEquiv>
                    <Unicode>statt zwentzig gutten, viertzig falsschen</Unicode>
                </TextEquiv>
            </TextLine>
            <TextLine id="r2l36" custom="readingOrder {index:35;}">
                <Coords points="1093,2223 1299,2215 1392,2239 1448,2209 1619,2215 1656,2238 1851,2202 1849,2154 1744,2173 1670,2142 1632,2171 1533,2180 1507,2160 1462,2188 1427,2167 1353,2197 1234,2177 1092,2197"/>
                <Baseline points="1098,2214 1135,2213 1172,2213 1210,2212 1247,2211 1284,2211 1322,2210 1359,2210 1396,2208 1434,2208 1471,2207 1508,2206 1546,2205 1583,2204 1620,2203 1658,2201 1695,2200 1732,2198 1770,2196 1807,2193 1845,2192"/>
                <TextEquiv>
                    <Unicode>angepotten. Daruber er dan an stat</Unicode>
                </TextEquiv>
            </TextLine>
            <TextLine id="r2l37" custom="readingOrder {index:36;}">
                <Coords points="1095,2284 1135,2269 1230,2303 1349,2262 1572,2255 1642,2281 1691,2250 1771,2280 1814,2257 1813,2202 1664,2236 1610,2218 1463,2236 1424,2214 1391,2239 1299,2226 1230,2249 1174,2217 1138,2240 1094,2226"/>
                <Baseline points="1101,2268 1136,2267 1171,2265 1207,2264 1242,2264 1277,2262 1313,2261 1348,2259 1383,2259 1419,2258 1454,2256 1489,2256 1525,2255 1560,2255 1595,2253 1631,2253 1666,2252 1701,2252 1737,2252 1772,2251 1808,2250"/>
                <TextEquiv>
                    <Unicode>zwentzig gutten tronen viertzig falte</Unicode>
                </TextEquiv>
            </TextLine>
            <TextLine id="r2l38" custom="readingOrder {index:37;}">
                <Coords points="1095,2320 1132,2337 1192,2314 1249,2332 1516,2310 1584,2330 1679,2304 1735,2329 1851,2307 1849,2238 1772,2276 1539,2279 1470,2257 1255,2299 1169,2296 1134,2269 1094,2285"/>
                <Baseline points="1101,2315 1138,2315 1175,2313 1212,2313 1249,2313 1287,2312 1324,2310 1361,2310 1398,2309 1435,2307 1473,2306 1510,2305 1547,2304 1584,2302 1621,2301 1659,2300 1696,2298 1733,2297 1770,2295 1807,2295 1845,2294"/>
                <TextEquiv>
                    <Unicode>Silber fronen so er imme angentz dargezelt</Unicode>
                </TextEquiv>
            </TextLine>
            <TextLine id="r2l39" custom="readingOrder {index:38;}">
                <Coords points="1105,2356 1191,2378 1293,2364 1321,2389 1356,2362 1455,2374 1534,2347 1680,2382 1789,2350 1853,2377 1860,2307 1104,2334"/>
                <Baseline points="1110,2355 1147,2355 1184,2356 1221,2357 1258,2357 1296,2357 1333,2357 1370,2357 1407,2357 1444,2355 1482,2355 1519,2355 1556,2354 1593,2352 1630,2351 1668,2349 1705,2348 1742,2345 1779,2343 1816,2340 1854,2339"/>
                <TextEquiv>
                    <Unicode>vnnd zwentzig faltsch an tatt zachen gutte</Unicode>
                </TextEquiv>
            </TextLine>
            <TextLine id="r2l40" custom="readingOrder {index:39;}">
                <Coords points="1103,2414 1332,2418 1353,2438 1461,2408 1525,2427 1549,2403 1736,2434 1840,2416 1830,2356 1637,2382 1535,2347 1468,2380 1400,2360 1320,2389 1103,2354"/>
                <Baseline points="1109,2402 1145,2402 1181,2403 1217,2403 1254,2403 1290,2405 1326,2405 1363,2405 1399,2405 1435,2406 1472,2406 1508,2405 1544,2405 1580,2405 1617,2405 1653,2403 1689,2403 1726,2402 1762,2400 1798,2399 1835,2397"/>
                <TextEquiv>
                    <Unicode>kronen vff berg thue, unnd also sechszig</Unicode>
                </TextEquiv>
            </TextLine>
            <TextLine id="r2l41" custom="readingOrder {index:40;}">
                <Coords points="1110,2466 1513,2461 1649,2488 1689,2453 1748,2477 1819,2459 1869,2432 1869,2396 1738,2433 1649,2412 1567,2436 1488,2411 1415,2438 1110,2413"/>
                <Baseline points="1116,2451 1153,2451 1190,2453 1228,2454 1265,2454 1302,2455 1340,2456 1377,2457 1414,2457 1452,2457 1489,2457 1526,2457 1564,2457 1601,2456 1638,2455 1676,2454 1713,2451 1750,2448 1788,2445 1825,2442 1863,2438"/>
                <TextEquiv>
                    <Unicode>faltschen uberall von Imme erpfangen vnd</Unicode>
                </TextEquiv>
            </TextLine>
            <TextLine id="r2l42" custom="readingOrder {index:41;}">
                <Coords points="1110,2518 1137,2526 1185,2512 1215,2523 1231,2511 1280,2517 1291,2506 1335,2504 1373,2532 1373,2475 1364,2472 1305,2483 1288,2471 1266,2483 1241,2468 1177,2474 1156,2456 1110,2465"/>
                <Baseline points="1116,2501 1141,2499 1166,2498 1191,2498 1216,2498 1242,2498 1267,2498 1292,2498 1317,2499 1342,2499 1368,2499"/>
                <TextEquiv>
                    <Unicode>yngenommen.</Unicode>
                </TextEquiv>
            </TextLine>
            <TextEquiv>
                <Unicode>Pieter Bonia Peter¬
S Mittwichen den 20 wanmonats
dß hinfließenden 1602 jans in schwisen
ashrete, fnd gugenwwuettigeheit, des sienen
mein furnemmen fürsichtigen, erkenem
Wysir herren aleander husen des
rhtetts ✳ daund eschrerrenns den beugefrnel ✳
Nisfeus von Mitelinen Grosweibels sanet
ettlichen weiblen miner gnädigen herren
vnnd Oberen diser Loblichen statt Berne
hatt dises gägenwurttigen Tetten von
Detter von Euchyn im Aphenthal deß
hertzogthumbs mlegland gslagen, so der
ettwas Zytts von Arbung durch den herre
amptman daselbst mynen gnädigen hochhre
den herren unnd oberen gfencklich überschickt
worden, hernach geschribige schweren heche
Mishandluag, weißenthafftes falghund
ersug zu Marzic bekhent verdtichen und
mit der Martter erhaltten vnnd b¬
stättiget
namlich als er ich bißhar mit Ryß unnd
bußtragen, 6o wrzlechaßle erfüschet heim
und aber das sirg getragen erhalten
vnnd vbbringen mußen, vnnd er gan
Iuom zu nteit gantzen, zu imme anthon
Lings von Querena vnuehr Tuom gelagen
khommen, inns umb yn handthierung befrag
Demnach er imme solliches angezeigtn mi
daruff vorb syn Ehelichen, Redlichen gwwarb
uug vvnnd arbeit bescholtten, daruon ab¬
gewien unnd abtrännig gemacht. Habe
Im dre derselbig anfangs an statt zwyen
gutter Kropen, vier faltshen, demnach an
statt zwentzig gutten, viertzig falsschen
angepotten. Daruber er dan an stat
zwentzig gutten tronen viertzig falte
Silber fronen so er imme angentz dargezelt
vnnd zwentzig faltsch an tatt zachen gutte
kronen vff berg thue, unnd also sechszig
faltschen uberall von Imme erpfangen vnd
yngenommen.</Unicode>
            </TextEquiv>
        </TextRegion>
        <TextRegion orientation="0.0" id="r3" custom="readingOrder {index:2;}">
            <Coords points="1893,94 1893,2415 2858,2415 2858,94"/>
            <TextLine id="r3l1" custom="readingOrder {index:0;}">
                <Coords points="2721,152 2734,156 2749,141 2761,138 2770,145 2778,142 2785,134 2794,133 2788,75 2779,74 2755,58 2725,84 2714,83"/>
                <Baseline points="2724,123 2755,120 2787,117"/>
                <TextEquiv>
                    <Unicode>65.</Unicode>
                </TextEquiv>
            </TextLine>
            <TextLine id="r3l2" custom="readingOrder {index:1;} person {offset:29; length:6;}">
                <Coords points="1892,420 1964,372 2222,340 2268,302 2339,323 2412,287 2537,303 2607,257 2771,259 2760,197 2580,236 2453,203 2242,278 2137,262 2020,311 1875,316"/>
                <Baseline points="1893,387 1936,376 1979,364 2023,354 2066,344 2110,335 2153,326 2197,317 2240,308 2284,302 2327,294 2370,287 2414,280 2457,275 2501,270 2544,264 2588,259 2631,255 2675,250 2718,246 2762,243"/>
                <TextEquiv>
                    <Unicode>Hhirüber habe Inne gedachter Ringen volgender</Unicode>
                </TextEquiv>
            </TextLine>
            <TextLine id="r3l3" custom="readingOrder {index:2;}">
                <Coords points="1923,455 2262,354 2358,373 2390,342 2499,358 2565,322 2748,304 2742,267 2579,270 2530,309 2178,333 1915,400"/>
                <Baseline points="1926,432 1966,420 2007,410 2048,399 2089,390 2129,381 2170,372 2211,366 2252,359 2292,354 2333,348 2374,343 2415,338 2455,334 2496,329 2537,323 2578,318 2618,314 2659,308 2700,303 2741,297"/>
                <TextEquiv>
                    <Unicode>ess unnd gstalt dieselbigen faetgen kronen</Unicode>
                </TextEquiv>
            </TextLine>
            <TextLine id="r3l4" custom="readingOrder {index:3;}">
                <Coords points="1919,520 2032,465 2098,498 2165,431 2279,462 2360,394 2505,425 2686,352 2679,307 2616,347 2475,361 2418,337 2356,374 2262,354 2229,391 2147,385 2073,426 2035,411 1907,444"/>
                <Baseline points="1920,488 1958,476 1996,464 2034,455 2072,446 2110,438 2148,430 2186,423 2224,416 2262,411 2300,405 2338,400 2376,395 2414,390 2452,386 2490,382 2528,377 2566,372 2604,368 2642,363 2681,357"/>
                <TextEquiv>
                    <Unicode>zeerteyben vnderwigen unnd gelernet</Unicode>
                </TextEquiv>
            </TextLine>
            <TextLine id="r3l5" custom="readingOrder {index:4;}">
                <Coords points="1907,610 2279,548 2436,555 2465,527 2525,542 2666,498 2848,507 2841,451 2664,441 2581,483 2251,490 2149,541 2089,517 1991,553 1898,533"/>
                <Baseline points="1913,605 1959,596 2005,588 2052,579 2098,572 2144,565 2191,557 2237,551 2283,545 2330,538 2376,532 2422,527 2469,521 2515,516 2561,512 2608,506 2654,502 2700,498 2747,494 2793,490 2840,486"/>
                <TextEquiv>
                    <Unicode>Nemlich, Nach dem erret noch mit halben transken</Unicode>
                </TextEquiv>
            </TextLine>
            <TextLine id="r3l6" custom="readingOrder {index:5;}">
                <Coords points="1910,666 2000,669 2027,638 2339,581 2418,609 2604,548 2653,578 2682,551 2766,561 2775,498 2431,556 2292,546 2223,582 2066,581 1906,632"/>
                <Baseline points="1914,654 1957,644 2000,636 2043,628 2086,621 2129,613 2172,607 2215,600 2258,596 2301,590 2344,584 2387,580 2430,575 2473,570 2516,566 2559,563 2602,558 2645,554 2688,549 2731,544 2774,540"/>
                <TextEquiv>
                    <Unicode>darzu gegäben unnd denselbigen fur, Trutz</Unicode>
                </TextEquiv>
            </TextLine>
            <TextLine id="r3l7" custom="readingOrder {index:6;}">
                <Coords points="1915,722 2124,686 2159,652 2259,642 2347,677 2534,615 2603,637 2793,603 2788,559 2655,578 2611,549 2430,614 2338,582 2270,625 1909,667"/>
                <Baseline points="1919,702 1962,694 2005,685 2049,678 2092,671 2135,665 2179,658 2222,653 2265,647 2309,642 2352,638 2395,633 2439,629 2482,625 2525,620 2569,616 2612,611 2655,607 2699,601 2742,597 2786,591"/>
                <TextEquiv>
                    <Unicode>Icken oder vii batr zeschelzen befolthen, habe</Unicode>
                </TextEquiv>
            </TextLine>
            <TextLine id="r3l8" custom="readingOrder {index:7;}">
                <Coords points="1921,766 2058,721 2277,735 2436,677 2528,696 2699,649 2845,658 2839,608 2579,641 2535,615 2458,661 2258,684 2159,653 2124,687 1916,723"/>
                <Baseline points="1925,749 1970,742 2016,735 2061,728 2107,722 2153,716 2198,710 2244,704 2289,698 2335,692 2381,688 2426,682 2472,677 2517,672 2563,668 2609,662 2654,659 2700,654 2745,651 2791,645 2837,642"/>
                <TextEquiv>
                    <Unicode>er Iute fernvns angezogt, wo man denselbigen</Unicode>
                </TextEquiv>
            </TextLine>
            <TextLine id="r3l9" custom="readingOrder {index:8;}">
                <Coords points="1916,817 2345,742 2406,766 2615,715 2689,742 2783,693 2779,655 2521,699 2450,682 2386,719 2157,726 2060,761 1984,745 1912,788"/>
                <Baseline points="1920,801 1962,793 2005,786 2048,780 2091,774 2134,767 2177,762 2219,757 2262,751 2305,746 2348,741 2391,736 2434,731 2477,726 2519,722 2562,718 2605,712 2648,708 2691,702 2734,698 2777,692"/>
                <TextEquiv>
                    <Unicode>von Jange nit nemmen noch empfachen wolle</Unicode>
                </TextEquiv>
            </TextLine>
            <TextLine id="r3l10" custom="readingOrder {index:9;}">
                <Coords points="1918,862 2229,811 2315,840 2361,799 2409,815 2454,785 2500,811 2554,770 2865,743 2859,693 2746,699 1913,817"/>
                <Baseline points="1923,852 1969,845 2016,835 2063,829 2110,821 2156,815 2203,809 2250,803 2297,799 2343,794 2390,789 2437,785 2484,780 2530,775 2577,771 2624,766 2671,761 2717,755 2764,749 2811,743 2858,735"/>
                <TextEquiv>
                    <Unicode>sölle er aldan die faltschen silber erocden, jedoch</Unicode>
                </TextEquiv>
            </TextLine>
            <TextLine id="r3l11" custom="readingOrder {index:10;}">
                <Coords points="1934,917 2095,874 2187,865 2228,894 2270,860 2311,878 2476,832 2732,825 2732,781 2646,763 2500,811 2455,785 2289,836 2230,810 1929,877"/>
                <Baseline points="1937,897 1976,891 2016,884 2055,879 2095,873 2135,868 2174,864 2214,859 2253,855 2293,850 2333,847 2372,843 2412,840 2451,836 2491,833 2531,828 2570,825 2610,821 2649,816 2689,811 2729,807"/>
                <TextEquiv>
                    <Unicode>fein mall nit zuer dan eine oder zwo</Unicode>
                </TextEquiv>
            </TextLine>
            <TextLine id="r3l12" custom="readingOrder {index:11;}">
                <Coords points="1933,979 1991,973 2029,942 2097,956 2134,924 2200,930 2288,903 2354,927 2390,906 2437,919 2489,884 2553,883 2561,838 2371,848 2311,878 2270,861 2235,888 2094,876 2025,913 1976,900 1928,934"/>
                <Baseline points="1935,950 1966,945 1997,940 2028,935 2059,930 2091,925 2122,921 2153,916 2184,913 2215,908 2247,904 2278,900 2309,897 2340,893 2371,889 2403,886 2434,883 2465,880 2496,877 2527,873 2559,870"/>
                <TextEquiv>
                    <Unicode>furcher Ziechen vnnd vßher gabent</Unicode>
                </TextEquiv>
            </TextLine>
            <TextLine id="r3l13" custom="readingOrder {index:12;}">
                <Coords points="1912,1051 2333,1023 2427,986 2664,1002 2779,934 2776,903 2551,958 2388,951 2172,995 2106,974 2010,1004 1945,986 1908,1013"/>
                <Baseline points="1917,1040 1959,1033 2002,1028 2045,1023 2088,1019 2131,1015 2174,1011 2216,1008 2259,1005 2302,1001 2345,999 2388,995 2431,990 2474,986 2516,982 2559,978 2602,973 2645,967 2688,960 2731,953 2774,945"/>
                <TextEquiv>
                    <Unicode>Vnnd wiewoll er anfande dicen falteh bschib</Unicode>
                </TextEquiv>
            </TextLine>
            <TextLine id="r3l14" custom="readingOrder {index:13;}">
                <Coords points="1924,1097 2073,1105 2264,1052 2355,1048 2419,1084 2518,1042 2648,1051 2770,1024 2764,956 2670,1001 2583,980 2463,1012 2426,988 2358,1031 2306,1007 2169,1050 2069,1030 1921,1066"/>
                <Baseline points="1929,1089 1970,1085 2012,1080 2054,1075 2095,1071 2137,1067 2179,1063 2220,1060 2262,1055 2304,1053 2346,1049 2387,1046 2429,1042 2471,1038 2512,1036 2554,1032 2596,1028 2637,1025 2679,1020 2721,1017 2763,1011"/>
                <TextEquiv>
                    <Unicode>unnd trug nit gewüst unnd gseier e habe</Unicode>
                </TextEquiv>
            </TextLine>
            <TextLine id="r3l15" custom="readingOrder {index:14;}">
                <Coords points="1930,1152 2160,1121 2287,1142 2425,1099 2553,1112 2607,1079 2741,1084 2749,1047 2508,1048 2419,1082 2356,1049 2319,1077 2265,1051 2080,1107 1925,1099"/>
                <Baseline points="1934,1134 1974,1131 2015,1128 2055,1125 2096,1122 2136,1119 2177,1118 2217,1114 2258,1112 2298,1108 2339,1106 2379,1103 2420,1099 2460,1097 2501,1093 2541,1089 2582,1084 2622,1080 2663,1075 2703,1069 2744,1064"/>
                <TextEquiv>
                    <Unicode>doch mergemelter Vige Ime daßelbig, als In</Unicode>
                </TextEquiv>
            </TextLine>
            <TextLine id="r3l16" custom="readingOrder {index:15;} place {offset:3; length:5;}">
                <Coords points="1933,1206 2187,1170 2283,1195 2330,1169 2410,1177 2446,1146 2504,1173 2629,1155 2766,1115 2762,1072 2692,1095 2607,1078 2498,1120 2402,1104 2285,1142 2117,1124 2046,1157 2007,1129 1929,1166"/>
                <Baseline points="1937,1188 1978,1183 2019,1178 2060,1174 2101,1170 2142,1166 2183,1163 2224,1159 2265,1156 2306,1153 2348,1151 2389,1147 2430,1145 2471,1141 2512,1137 2553,1134 2594,1130 2635,1126 2676,1121 2717,1116 2759,1109"/>
                <TextEquiv>
                    <Unicode>by Janne vbernacht gewasen, angezoigt vnd</Unicode>
                </TextEquiv>
            </TextLine>
            <TextLine id="r3l17" custom="readingOrder {index:16;}">
                <Coords points="1941,1262 1952,1264 1967,1252 1997,1245 2025,1256 2036,1247 2051,1248 2087,1216 2100,1215 2095,1184 2084,1182 2066,1197 2038,1189 2013,1206 1997,1202 1981,1210 1961,1205 1952,1211 1933,1207"/>
                <Baseline points="1943,1232 1968,1229 1993,1224 2018,1220 2043,1217 2068,1213 2093,1211"/>
                <TextEquiv>
                    <Unicode>germeldet.</Unicode>
                </TextEquiv>
            </TextLine>
            <TextLine id="r3l18" custom="readingOrder {index:17;}">
                <Coords points="1930,1345 2021,1304 2121,1320 2225,1283 2356,1296 2431,1266 2771,1250 2798,1241 2794,1198 1923,1272"/>
                <Baseline points="1932,1307 1975,1304 2018,1300 2061,1298 2104,1294 2147,1291 2190,1286 2233,1283 2276,1280 2319,1276 2362,1272 2405,1269 2448,1266 2491,1262 2534,1258 2577,1254 2620,1251 2663,1246 2706,1242 2749,1239 2792,1235"/>
                <TextEquiv>
                    <Unicode>Demnach syt er mit synem consorten vnnd</Unicode>
                </TextEquiv>
            </TextLine>
            <TextLine id="r3l19" custom="readingOrder {index:18;} place {offset:23; length:7;}">
                <Coords points="1951,1365 2023,1380 2107,1344 2200,1369 2267,1334 2333,1356 2471,1306 2533,1330 2661,1288 2694,1310 2757,1297 2753,1252 2721,1243 2632,1280 2442,1267 2356,1297 2238,1286 2206,1314 1948,1317"/>
                <Baseline points="1956,1355 1995,1350 2035,1346 2075,1342 2114,1339 2154,1335 2194,1332 2233,1329 2273,1325 2313,1322 2353,1320 2392,1316 2432,1313 2472,1311 2511,1308 2551,1304 2591,1302 2630,1297 2670,1293 2710,1290 2750,1286"/>
                <TextEquiv>
                    <Unicode>mitgsëllen zugägen gan zurzach gereitet,</Unicode>
                </TextEquiv>
            </TextLine>
            <TextLine id="r3l20" custom="readingOrder {index:19;}">
                <Coords points="1947,1405 2014,1432 2073,1392 2291,1398 2385,1368 2462,1388 2547,1381 2572,1352 2648,1381 2770,1363 2760,1292 2660,1325 2626,1301 2530,1329 2471,1306 2348,1351 1944,1370"/>
                <Baseline points="1953,1401 1993,1397 2033,1393 2074,1389 2114,1386 2155,1383 2195,1379 2236,1377 2276,1374 2317,1370 2357,1368 2397,1365 2438,1362 2478,1359 2519,1356 2559,1353 2600,1350 2640,1348 2681,1345 2721,1340 2762,1337"/>
                <TextEquiv>
                    <Unicode>vnnd vn ermaltten factehnd, vff syner Reiß</Unicode>
                </TextEquiv>
            </TextLine>
            <TextLine id="r3l21" custom="readingOrder {index:20;}">
                <Coords points="1940,1475 2245,1437 2443,1447 2733,1393 2721,1349 2458,1394 2312,1381 2237,1413 2060,1394 2014,1432 1937,1434"/>
                <Baseline points="1944,1449 1983,1447 2022,1444 2061,1440 2100,1437 2139,1436 2178,1433 2217,1429 2256,1427 2295,1424 2335,1422 2374,1419 2413,1416 2452,1413 2491,1410 2530,1406 2569,1403 2608,1400 2647,1397 2686,1393 2726,1389"/>
                <TextEquiv>
                    <Unicode>unnd sonst hin unnd wider vershrert unnd</Unicode>
                </TextEquiv>
            </TextLine>
            <TextLine id="r3l22" custom="readingOrder {index:21;}">
                <Coords points="1958,1513 1985,1522 2020,1506 2039,1518 2050,1506 2073,1520 2252,1479 2321,1504 2403,1477 2400,1444 2381,1435 2303,1453 2246,1442 2181,1468 2046,1452 1953,1467"/>
                <Baseline points="1962,1500 1987,1498 2013,1496 2038,1495 2064,1493 2089,1491 2115,1489 2140,1487 2166,1485 2191,1483 2217,1481 2242,1478 2268,1475 2293,1473 2319,1470 2344,1467 2370,1464 2396,1460"/>
                <TextEquiv>
                    <Unicode>gewächslen wie volget.</Unicode>
                </TextEquiv>
            </TextLine>
            <TextLine id="r3l23" custom="readingOrder {index:22;}">
                <Coords points="2664,1505 2679,1502 2686,1505 2694,1497 2702,1502 2712,1493 2720,1494 2729,1485 2756,1488 2751,1449 2746,1449 2736,1458 2723,1458 2716,1466 2710,1463 2695,1466 2688,1462 2678,1467 2659,1464"/>
                <Baseline points="2669,1496 2696,1495 2723,1491 2750,1487"/>
                <TextEquiv>
                    <Unicode>laße</Unicode>
                </TextEquiv>
            </TextLine>
            <TextLine id="r3l24" custom="readingOrder {index:23;}">
                <Coords points="1945,1602 2023,1622 2090,1592 2137,1618 2243,1581 2312,1602 2461,1554 2550,1585 2659,1540 2838,1524 2818,1474 2674,1513 2499,1499 2313,1551 2256,1521 2198,1558 2090,1554 2047,1523 2024,1550 1940,1548"/>
                <Baseline points="1950,1592 1994,1592 2038,1591 2082,1589 2126,1587 2170,1583 2214,1580 2258,1576 2302,1572 2346,1566 2391,1561 2435,1556 2479,1550 2523,1546 2567,1540 2611,1536 2655,1532 2699,1527 2743,1523 2787,1521 2832,1518"/>
                <TextEquiv>
                    <Unicode>Erstlichen so habt er daheimen fueffen gewht.</Unicode>
                </TextEquiv>
            </TextLine>
            <TextLine id="r3l25" custom="readingOrder {index:24;}">
                <Coords points="1951,1681 2142,1647 2275,1664 2407,1628 2560,1642 2594,1612 2805,1589 2800,1554 2702,1578 2580,1564 2547,1590 2378,1575 2313,1610 2198,1597 2060,1632 1945,1604"/>
                <Baseline points="1955,1655 1997,1653 2039,1651 2081,1648 2123,1645 2166,1643 2208,1640 2250,1637 2292,1634 2334,1631 2377,1626 2419,1623 2461,1619 2503,1615 2545,1612 2588,1608 2630,1604 2672,1601 2714,1596 2756,1593 2799,1590"/>
                <TextEquiv>
                    <Unicode>demnach die vbrigen so er doch byhanden Eaß</Unicode>
                </TextEquiv>
            </TextLine>
            <TextLine id="r3l26" custom="readingOrder {index:25;}">
                <Coords points="1968,1707 2047,1736 2126,1692 2578,1655 2620,1673 2703,1644 2750,1673 2808,1649 2804,1598 1965,1681"/>
                <Baseline points="1973,1703 2014,1701 2055,1698 2097,1697 2138,1694 2180,1691 2221,1688 2262,1684 2304,1682 2345,1678 2387,1674 2428,1671 2469,1667 2511,1662 2552,1658 2594,1654 2635,1650 2676,1645 2718,1640 2759,1636 2801,1631"/>
                <TextEquiv>
                    <Unicode>in xxxvj unnd also pix vberall verthan urnd</Unicode>
                </TextEquiv>
            </TextLine>
            <TextLine id="r3l27" custom="readingOrder {index:26;}">
                <Coords points="1955,1778 2067,1788 2135,1752 2226,1773 2336,1747 2375,1764 2426,1723 2489,1739 2595,1714 2592,1673 2298,1677 2044,1734 1949,1714"/>
                <Baseline points="1959,1755 1990,1754 2021,1752 2053,1751 2084,1750 2116,1748 2147,1745 2179,1744 2210,1740 2242,1739 2273,1736 2304,1733 2336,1730 2367,1727 2399,1723 2430,1721 2462,1717 2493,1714 2525,1709 2556,1706 2588,1701"/>
                <TextEquiv>
                    <Unicode>gägen gutter M Arcts abgewachstet</Unicode>
                </TextEquiv>
            </TextLine>
            <TextLine id="r3l28" custom="readingOrder {index:27;} place {offset:10; length:7;}">
                <Coords points="1957,1831 2073,1851 2167,1825 2196,1846 2531,1791 2732,1793 2787,1774 2783,1720 2648,1758 2506,1724 2358,1788 2238,1792 2186,1758 2063,1806 1953,1785"/>
                <Baseline points="1962,1826 2002,1826 2043,1826 2084,1824 2125,1823 2166,1821 2207,1818 2248,1817 2289,1813 2330,1809 2371,1805 2411,1802 2452,1799 2493,1795 2534,1791 2575,1787 2616,1783 2657,1780 2698,1777 2739,1775 2780,1772"/>
                <TextEquiv>
                    <Unicode>Allein zu Burzach habe es zwen hutt, mitt</Unicode>
                </TextEquiv>
            </TextLine>
            <TextLine id="r3l29" custom="readingOrder {index:28;}">
                <Coords points="1960,1913 2024,1887 2133,1904 2245,1871 2476,1872 2501,1846 2796,1827 2793,1790 2720,1788 2642,1811 2531,1794 2454,1834 2359,1815 2196,1856 1954,1833"/>
                <Baseline points="1964,1880 2005,1880 2046,1878 2087,1877 2129,1875 2170,1872 2211,1871 2253,1867 2294,1865 2335,1861 2377,1857 2418,1853 2459,1849 2500,1845 2542,1841 2583,1836 2624,1833 2666,1828 2707,1824 2748,1821 2790,1818"/>
                <TextEquiv>
                    <Unicode>Reverentz zumalden strumpff sampt anderen</Unicode>
                </TextEquiv>
            </TextLine>
            <TextLine id="r3l30" custom="readingOrder {index:29;}">
                <Coords points="1973,1960 2135,1959 2202,1926 2309,1951 2564,1920 2559,1849 2534,1846 2484,1882 2450,1861 2359,1861 2301,1892 2250,1878 2197,1903 1970,1910"/>
                <Baseline points="1977,1928 2007,1926 2037,1924 2068,1923 2098,1922 2129,1920 2159,1920 2190,1919 2220,1917 2251,1916 2281,1914 2312,1913 2342,1910 2373,1907 2403,1905 2434,1902 2464,1899 2495,1894 2525,1890 2556,1884"/>
                <TextEquiv>
                    <Unicode>ringen wharen daruß gebhufft.</Unicode>
                </TextEquiv>
            </TextLine>
            <TextLine id="r3l31" custom="readingOrder {index:30;}">
                <Coords points="1963,2020 2386,1991 2422,2013 2672,1959 2730,1984 2773,1972 2769,1911 2484,1956 2270,1940 2188,1984 1959,1966"/>
                <Baseline points="1968,2007 2007,2007 2047,2006 2087,2004 2127,2003 2167,2000 2207,1998 2247,1995 2287,1992 2327,1990 2367,1986 2406,1982 2446,1980 2486,1976 2526,1972 2566,1969 2606,1964 2646,1960 2686,1958 2726,1953 2766,1950"/>
                <TextEquiv>
                    <Unicode>vnnd also von eyner Redlichen handthier auh</Unicode>
                </TextEquiv>
            </TextLine>
            <TextLine id="r3l32" custom="readingOrder {index:31;}">
                <Coords points="1970,2070 2233,2074 2328,2040 2466,2049 2613,2014 2663,2039 2764,2012 2761,1974 1967,2036"/>
                <Baseline points="1974,2058 2013,2058 2052,2058 2091,2057 2130,2055 2169,2052 2208,2049 2248,2046 2287,2042 2326,2039 2365,2034 2404,2030 2443,2026 2482,2022 2522,2018 2561,2013 2600,2011 2639,2007 2678,2004 2717,2001 2757,1998"/>
                <TextEquiv>
                    <Unicode>unnd gepars abgestanden, disem schandtlichen</Unicode>
                </TextEquiv>
            </TextLine>
            <TextLine id="r3l33" custom="readingOrder {index:32;}">
                <Coords points="1972,2119 2053,2146 2105,2120 2214,2138 2340,2089 2447,2100 2484,2077 2558,2110 2617,2058 2707,2079 2758,2052 2754,2011 2603,2046 2491,2027 2384,2069 2187,2058 2065,2087 2030,2065 1969,2091"/>
                <Baseline points="1977,2112 2015,2112 2054,2111 2093,2110 2131,2108 2170,2105 2209,2103 2247,2099 2286,2097 2325,2091 2364,2088 2402,2084 2441,2080 2480,2075 2518,2072 2557,2067 2596,2064 2634,2060 2673,2055 2712,2053 2751,2049"/>
                <TextEquiv>
                    <Unicode>müßig gangen sich erguben, mit sotlichen paltschen</Unicode>
                </TextEquiv>
            </TextLine>
            <TextLine id="r3l34" custom="readingOrder {index:33;}">
                <Coords points="1970,2190 2170,2192 2207,2167 2270,2181 2379,2144 2521,2158 2723,2118 2719,2084 2614,2060 2562,2104 2479,2077 2374,2123 2074,2147 1965,2131"/>
                <Baseline points="1974,2169 2011,2169 2048,2168 2085,2166 2122,2164 2159,2162 2196,2159 2233,2156 2270,2151 2307,2148 2344,2143 2381,2140 2418,2136 2455,2131 2492,2127 2529,2123 2566,2119 2603,2114 2640,2111 2677,2106 2715,2103"/>
                <TextEquiv>
                    <Unicode>siler Erorctel jedermens klichiso wyft si</Unicode>
                </TextEquiv>
            </TextLine>
            <TextLine id="r3l35" custom="readingOrder {index:34;}">
                <Coords points="1985,2233 2070,2218 2193,2242 2255,2206 2408,2224 2536,2170 2749,2167 2744,2122 2695,2113 2444,2168 2346,2149 2283,2179 2207,2167 2139,2200 1981,2187"/>
                <Baseline points="1989,2217 2026,2217 2064,2216 2101,2214 2139,2213 2177,2209 2214,2206 2252,2203 2289,2200 2327,2195 2365,2191 2402,2186 2440,2182 2477,2178 2515,2173 2553,2169 2590,2164 2628,2160 2665,2157 2703,2154 2741,2150"/>
                <TextEquiv>
                    <Unicode>seinem vermögen wußenthafft vnnd bedacht</Unicode>
                </TextEquiv>
            </TextLine>
            <TextLine id="r3l36" custom="readingOrder {index:35;}">
                <Coords points="1985,2302 2140,2274 2192,2290 2221,2262 2323,2291 2361,2260 2413,2266 2458,2244 2500,2264 2535,2225 2579,2220 2577,2193 2407,2225 2254,2206 2191,2243 2093,2220 2060,2248 1979,2237"/>
                <Baseline points="1989,2271 2018,2271 2047,2271 2076,2271 2106,2270 2135,2268 2164,2267 2193,2265 2223,2263 2252,2260 2281,2258 2310,2254 2340,2250 2369,2248 2398,2244 2427,2240 2457,2236 2486,2232 2515,2229 2544,2225 2574,2220"/>
                <TextEquiv>
                    <Unicode>dargesëlzt, bschißen unnd betregen.</Unicode>
                </TextEquiv>
            </TextLine>
            <TextLine id="r3l37" custom="readingOrder {index:36;}">
                <Coords points="2636,2283 2648,2281 2656,2284 2664,2273 2669,2275 2674,2269 2685,2272 2693,2263 2700,2262 2694,2213 2686,2213 2682,2217 2675,2213 2661,2215 2646,2228 2643,2226 2638,2230 2630,2231"/>
                <Baseline points="2639,2258 2666,2254 2693,2252"/>
                <TextEquiv>
                    <Unicode>y</Unicode>
                </TextEquiv>
            </TextLine>
            <TextLine id="r3l38" custom="readingOrder {index:37;}">
                <Coords points="1981,2369 2194,2366 2373,2322 2479,2341 2583,2299 2735,2325 2809,2298 2804,2249 2633,2279 2528,2255 2460,2293 2344,2284 2265,2319 2177,2292 2053,2343 1975,2313"/>
                <Baseline points="1986,2361 2026,2360 2067,2356 2108,2353 2149,2350 2190,2346 2230,2341 2271,2338 2312,2332 2353,2328 2394,2323 2434,2318 2475,2312 2516,2308 2557,2303 2598,2300 2638,2295 2679,2290 2720,2288 2761,2284 2802,2282"/>
                <TextEquiv>
                    <Unicode>Ist mit allen vies steinen, glych als mitgsell</Unicode>
                </TextEquiv>
            </TextLine>
            <TextLine id="r3l39" custom="readingOrder {index:38;}">
                <Coords points="1977,2439 2185,2401 2255,2418 2398,2404 2428,2374 2699,2324 2622,2304 2483,2340 2414,2324 2190,2373 2149,2358 2121,2381 2005,2354 1969,2369"/>
                <Baseline points="1979,2405 2014,2403 2050,2402 2086,2398 2121,2397 2157,2393 2193,2389 2228,2386 2264,2382 2300,2378 2336,2374 2371,2369 2407,2364 2443,2359 2478,2355 2514,2350 2550,2345 2585,2340 2621,2335 2657,2330 2693,2325"/>
                <TextEquiv>
                    <Unicode>so hernach volget, ufzogen worden.</Unicode>
                </TextEquiv>
            </TextLine>
            <TextEquiv>
                <Unicode>65.
Hhirüber habe Inne gedachter Ringen volgender
ess unnd gstalt dieselbigen faetgen kronen
zeerteyben vnderwigen unnd gelernet
Nemlich, Nach dem erret noch mit halben transken
darzu gegäben unnd denselbigen fur, Trutz
Icken oder vii batr zeschelzen befolthen, habe
er Iute fernvns angezogt, wo man denselbigen
von Jange nit nemmen noch empfachen wolle
sölle er aldan die faltschen silber erocden, jedoch
fein mall nit zuer dan eine oder zwo
furcher Ziechen vnnd vßher gabent
Vnnd wiewoll er anfande dicen falteh bschib
unnd trug nit gewüst unnd gseier e habe
doch mergemelter Vige Ime daßelbig, als In
by Janne vbernacht gewasen, angezoigt vnd
germeldet.
Demnach syt er mit synem consorten vnnd
mitgsëllen zugägen gan zurzach gereitet,
vnnd vn ermaltten factehnd, vff syner Reiß
unnd sonst hin unnd wider vershrert unnd
gewächslen wie volget.
laße
Erstlichen so habt er daheimen fueffen gewht.
demnach die vbrigen so er doch byhanden Eaß
in xxxvj unnd also pix vberall verthan urnd
gägen gutter M Arcts abgewachstet
Allein zu Burzach habe es zwen hutt, mitt
Reverentz zumalden strumpff sampt anderen
ringen wharen daruß gebhufft.
vnnd also von eyner Redlichen handthier auh
unnd gepars abgestanden, disem schandtlichen
müßig gangen sich erguben, mit sotlichen paltschen
siler Erorctel jedermens klichiso wyft si
seinem vermögen wußenthafft vnnd bedacht
dargesëlzt, bschißen unnd betregen.
y
Ist mit allen vies steinen, glych als mitgsell
so hernach volget, ufzogen worden.</Unicode>
            </TextEquiv>
        </TextRegion>
        <TextRegion orientation="0.0" id="r4" custom="readingOrder {index:3;}">
            <Coords points="2802,2063 2802,2219 2835,2219 2835,2063"/>
            <TextLine id="r4l1" custom="readingOrder {index:0;}">
                <Coords points="2800,2188 2815,2188 2825,2174 2831,2173 2836,2177 2843,2176 2830,2105 2820,2106 2809,2119 2805,2119 2801,2126 2789,2126"/>
                <Baseline points="2802,2169 2835,2163"/>
                <TextEquiv>
                    <Unicode></Unicode>
                </TextEquiv>
            </TextLine>
            <TextEquiv>
                <Unicode></Unicode>
            </TextEquiv>
        </TextRegion>
    </Page>
</PcGts>
