3024 4032
788 348 940 428 fwelch imme
816 414 939 468 Sonfron
813 453 954 519 siort worden.
950 167 1778 297 Wyters hat von ouch bekhenndt unnd mit
974 236 1797 346 de marte bestättiget, das e mit hilff
974 297 1802 406 Bladi Müllers deß gschlyffsten trager
986 356 1807 468 eitig von Obrch frybeszergefnets  gyllig,
992 412 1801 539 buu uff yinein Hof gen Kalle geoffnett
984 501 1600 592 Dans Kar Fleysch unnd g
1602 533 1785 617 weyb
978 582 1323 674 Brot enntragen
953 684 1806 829 Item by weynics wele aber sey Spyihen f
905 806 1814 896 brochenn, darus vn deckel mit gält
960 854 1794 968 Darum by zwenntzig Kronen gewesenn,
988 958 1228 1068 gestolenen
984 1080 1835 1197 Wenes sy Eriswyl etlich sppehergeoffen
975 1171 1797 1267 unnd darus kas sampt zweygen lyyb broten
1017 1239 1248 1339 eitragenn.
989 1354 1844 1499 Iteme ind Tschausgnome, by dem ghallen
1033 1444 1826 1561 berg vn Källen ufbrochen und darus
1026 1513 1721 1626 kas vnnd brot veuntrinoet
1028 1640 1831 1756 Wyter Peter Sehenncken inn den
1030 1727 1822 1836 E dn Spyehe offnen welle, darzu
1033 1799 1605 1897 aber im kommen mögen.
1014 1899 1825 1992 Item so habind sy uff dem buchzolter
1014 1981 1797 2081 rig us ynem ppycher etwas
1042 2042 1812 2154 galte, es wyß klegd, als ouch
1066 2113 1816 2215 etliche hembli gestolen, da das
1055 2171 1842 2281 gält inn synem junggen dun g
1064 2267 1391 2359 tog gelegen
2753 32 2828 95 53
1841 83 2826 317 beslichen habend sy zu pungenn99 uß
1880 188 2695 380 sem styche druh sy ufgebrochen
1889 245 2831 427 etwas gälts, so in vynem laumpen by ein
1871 335 2440 515 ge enmt
1843 476 2787 694 diser Hanns Grörg zegyt an syne gestellenn hab ind
1889 530 2772 737 im zu söllichenn mussethattenn gehwungen unnd
1911 616 2821 766 das nit ghin, ware e solche sachen müßig gan.
1910 667 2585 803 habe aber zu sm�den kein hatind angelegt.
1873 718 2844 872 sy habend sich ouch verrynt. Ob schon syner 1oder mehr
1885 776 2836 955 ube ir gesellschafft gfangn werde, wellind sy
1868 864 2791 1038 broegnen, das s mit von eynander wüsind
1900 908 2870 1090 ouch gnannderen nit bekennind, so de oach kyne
1902 1015 2451 1142 den annderen mit Anngeben
2065 1083 2576 1211 Gladi Meihler von
2256 1189 2413 1273 Ruch
2494 1191 2712 1314 re ee
1900 1316 2785 1441 uffmonntag den 26 julii das 1602 jans hat
1912 1399 2800 1515 Bladi Müller von Rüch fryburger gepiets, inn
1905 1457 2855 1581 bywäsenn der f. E. f. H. G. herren Jacob dilliers
1922 1529 2837 1639 des Rhats dand tscharners de Beigern nilaus
1915 1596 2841 1694 von Mulinen Großwoybels, sampt etlich weblen
1935 1648 2782 1752 eyne a s zu Marzili bekendt unnd verachen
1898 1709 2853 1848 das er sampt eynem synem gsellen Hans genampt
1913 1777 2811 1890 und dem alhie gefangne knaben, by Rugsome
1922 1861 2795 1960 vff eynem hof von Kalle geoffnet, dasus
1918 1926 2684 2018 kas flysch und yn lyb bro entragen
1893 1989 2865 2130 I sy Hynisris. Dra qua sequuntur essiis
1911 2218 2808 2341 Item so zeygt nontzan, das e mit yynem
1941 2265 2883 2378 ich Babideba neme vmbher zogen sye welche
1937 2344 2844 2448 von Hans Görg, so von Trachselwald alhar
1923 2396 2571 2504 gschickt wd angaben worden
1918 2468 2873 2604 Dst 2 lar, darnach ni den kleind zun3 mic
1940 2511 2910 2658 zweyn vnd ltstlich mir der 3 stepun so 2 kemer
1950 2629 2390 2727 wagen ufzogen worden
