3024 4032
831 1149 907 1230 123
873 158 1829 298 Der sy vndenns vff  ynem laden gebunden
838 233 1825 362 zur uffgewonnliche richtstatt schleypffen, inen
958 308 1841 425 alda als wüßernthafftenn madeen mit
941 365 1879 504 eynem Rad Ine glide zestoßenn, die Cöpel
989 412 1180 467 dazvn
934 415 1859 542 fütd wieder flechbeib uff yyn stnd im
956 484 1850 592 die höchen richtenn unnd also sy beyd vom
944 533 1849 674 habenn zum tod nach keyselischem recht
944 587 1844 717 richten solle nach irem wolnerdienen.
944 745 1805 873 Uff Zinstag den 25 augsten 1602
956 830 1827 929 Jars ist diser urthyl annobgeschriben
945 881 1725 980 Rubi unnd Hüser estattet wordn
1011 1133 1831 1225 Hanszuman der Touffervss
1070 1196 1728 1285 dem sowenberger land purtig
986 1459 1829 1568 Demnachvnd als dan Hans Buman
991 1546 1866 1627 uß dem wirtenbeger landpürtig uff 29 man.
993 1606 1877 1678 2 unnd 3 tag junii abgefloßnen sechszechen
1000 1649 1862 1723 hunditen Jars de erfünsthenn dert des
1001 1683 1877 1764 wüffen halb, inn bywäsenn myner herren
1004 1740 1815 1819 geystlichen räten und bürgeen, sowol
1012 1804 1878 1873 inn der junsel und chorhus letstliche
1023 1834 1905 1918 uch zu Sparzil (nach dem e gehencklich
1013 1877 1904 1965 von Schwartzenburg hargebracht) eanuu
1013 1922 1908 1995 wot, durch die heylige gschrifft synes irtzumb
1024 1973 1881 2065 grundtlich überzüget und syw Paltscheen
1028 2015 1827 2112 ngument voll kommenlich widefochte
1016 2074 1838 2147 sieneben ouch bemandt worden, davon
1019 2118 1872 2208 2bzustane. syner frommen oberkeyt, so das
1037 2162 1860 2248 schwäldt von Bot empfangen, abeglouben
1030 2213 1855 2285 und unghorsamme zu straffen und uszurüten
1006 2270 1901 2362 Dargegen abe daß gut zupflantzen et genölgig
1021 2321 1876 2415 vnnd underthänig zuspyn. Hatt so sich doch durch
1028 2382 1908 2473 keyn mittel wys wag noch yaiche zugnußen
1684 2464 1876 2547 Biblische
2910 19 2992 80 130
1959 69 2967 260 Biblische gschrifft (wiewol er durch selbige velmaltig
1969 122 2971 326 überwunden) bewegen laßen wellen, sondes rund
1949 155 2987 362 unnd ustrückenlich gredt, er halte alhie ubende
1979 205 2977 400 benfesiog, ouch dero anhangende gmeynd, nit für
1986 258 3006 452 die odder eyn christenliche kilchenn könne mno
1985 313 2947 504 halben von yne gfaleten meynung und zu unser
1975 448 2302 563 Keliers stan
1990 450 2937 623 Daruf e dan nach widerbringung, solliehes
1989 503 2973 658 bescheidts fr uff 3 juni 1601 jacs deswegen
1992 549 2996 730 zu Marzeli pynlich beflagt unnd enstllyßeg
1983 597 3001 769 vermandt worden, handtwerkiger wys uff fpnem
2000 688 2930 834 kopff nit zu verblyben, sonder ailmehr
2000 721 2976 889 frome oberkyten uff goter wort gegrundt
1999 792 2998 948 ordnungen sich zu miderwiffen, die predigen
2013 865 2938 979 mit anderer christgleübigen zebesuch enn
2015 893 3008 1065 die hegligen darrament zu geben uch unnd flyßig
2016 1024 2160 1102 zebeg an
2004 1015 2919 1169 Deßwegen e dan domalen glopt vnd vo
2029 1083 2998 1207 prochen, ern häd zu thun sich de Tonffe-
2020 1138 2976 1250 sischen derk gentzlichen zu entzuch, degstalt
2036 1193 2992 1317 vnd maßen, wan e furohin inn deelbigen
2035 1252 2976 1365 ergrifften, vnd In Ir g. landen vnd gepiet,
2025 1316 2961 1426 betretten wede, eiyn g. S. ob Ime als
2028 1384 2946 1484 ynem meyneydig erlosen man richten laß
2033 1462 2184 1524 sollend
2034 1513 2988 1618 Daufe 21 junii gemelts 1600 jars
2044 1561 3027 1665 durch büde und klas gan Schwarzenburg
2054 1630 2982 1715 zu gfürtworden, unnd als e nach darzu
2052 1687 2994 1770 kommen, syn vesprech nit estattet, sondes
2052 1740 3021 1817 davon gefloshen, das ime die webel
2060 1785 2591 1879 nit mehr betreten mögen
2059 1896 3033 1993 ich ouch ir g landen nit sovil geüßeirt
2027 1960 2961 2031 dan das er 25 augusti hinlouffendts
2050 2023 2989 2098 1601 dars im sulg erbach betreten
2047 2075 2931 2138 yngelegt unnd uff 26 angstmonats
2046 2132 2953 2195 eistgemelts Jars iun de junsel
2066 2172 2975 2264 abermale exammiet und ime fürgen
2057 2222 2974 2318 halten worden, uß was ur sache uber
2063 2269 3009 2369 gethane zusagungen, so er ir thumen nit ver
2053 2317 2989 2427 laßen, sondes vilmehr inn selbigen zu
2042 2374 2417 2452 genommen habe.
2623 2475 2909 2566 Ogt Nai
