3024 4032
1088 166 1509 293 Peter vonn Peter,
1002 253 1794 402 uff donstag den 23. septembris diß 161
1023 336 1771 452 as in besyn vnnd jugenwurttigkeit
1029 405 1796 510 herr Aenctnder Gusirs des Rhatts, Michel
1022 458 1793 556 u dero der burgefrnn ✳ unnd rtichang
1026 519 1800 610 Muclicens Grosweibels, Ist Vetter vnd
1026 580 1779 669 Petten von Etschyn im Fschenthall
1038 628 1791 722 es hertzagthumds meilandt gelagen s
1041 694 1770 771 verschinnes tagen von Arburg gfencklich
1040 731 1796 825 alhas geschickt) zu Martzil Oer byhanden
1040 780 1800 874 shaptter bericht examiniert, vnnd anzuzoige
1041 840 1796 928 vermant worden, wölliches gstalt unnd
1043 889 1823 965 maßen er mit denen faltschen silber Kroue
1025 938 1803 1034 So hinder Imme gefundtrn valgangen sy
1043 980 1825 1074 vnnd ob er dieselbigen gemuntzet oder Nit¬
1033 1037 1347 1123 Der zoigt ec.
1044 1128 1818 1228 Er habe sich bißhar mit rych unnd käßtrage
1050 1190 1833 1282 So er zu Gasble ertaechet, heren vnnd Wbeg
1036 1241 1841 1323 das berg etragen erhaltten unnd usbringen
1066 1290 1836 1364 müßen, Als er aber angehar vor einem
1051 1335 1837 1422 Moncat zu Tuom gewären, aldt Anthoni i
1070 1376 1811 1469 vor Querena Vaucher Tcom gelagen, zu
1054 1430 1821 1503 Imme khommen unnd Ine gefragt, womit in
1067 1473 1814 1557 sich ernert vnnd erhalttenvnd wienil er
1061 1515 1848 1601 vurschiemens Satters gwemen vnd eroberet
1061 1565 1838 1650 Demnach er imme syn begangenschafft erzelt
1070 1606 1844 1692 vnnd nach langen inhaltten angezoigt, wi
1070 1657 1849 1732 das er p f allein fürgeschlagen, habe jat
1070 1704 1836 1789 gedachter Linoe darunck gescholtten, vnnd
1079 1738 1838 1832 versprochen (worer er imme volgenwoltte
1059 1793 1848 1880 Ire der großen Mug vnnd arbeit soer mit
1060 1843 1845 1928 Ryß unnd Raßtragen muße haben, beeet
1080 1875 1861 1979 ledigent, vnnd wolle imme allwagen furzu
1072 1924 1839 2018 Kronen, vierei gaben, do er Stun mit Imt
1091 1975 1866 2068 gangen, habe er imme fur zwentzig kroum
1080 2015 1847 2117 viertzig gebotten, als er aber sich versprochen
1088 2058 1851 2151 es habe nit so vil, inne zu letst begedt, da
1095 2110 1866 2197 er Ime zwentzig gutt E Rur viertzig fals
1080 2172 1865 2241 vnnd noch darzu pp Paltschet, an statt zuch
1095 2198 1872 2288 gutte  von Iu ff korg empfangen, Dar
1103 2250 1868 2341 dan gedachten Lingen ihme underwisen vnnd
1902 138 2763 347 elornet wöllicher gstalt er gedachte l vertryben
1912 210 2732 386 nitt also stamlich, das er imme darzu noch ein
1892 232 2772 457 geben erfencken gegabent, vnnd besolchen denselbigk
1903 296 2754 496 ih i frutz dieben dder vini e. zeschelzen unnd
1898 371 2756 555 Wotan denselbigen nit darumb kommen wölte,
1913 406 2727 580 den ein saber h furcher zeziechen, suit
1913 466 2749 639 te er sit mey uff ein mallda eit oder
1893 581 2185 699 v esge gelt
1903 584 2753 751 vo disem kaltschen gältt habe es kunff Kronen
1914 646 2785 813 scheidnen gelaßen, die ubrigen underwagen,
1924 695 2731 836 is an pervist verthan, vnnd gagen Trutzeren
1921 730 2799 900 gewachet, ouch daruß zu Burzach zwen hutt,
1905 789 2805 941 Mit Refierentz Zemiatd struepft, sampt anderen
1926 819 2801 995 ekhaufft, sunst habe er von anfang nit gewüßt
1917 881 2774 1031 das gedachte h faltsch unnd stättshllendt jede
1935 954 2760 1080 os er zu tagen von gedachtem Viner dieselbigen
1924 987 2756 1146 eupfangen, vnnd by tite daselbst vbernacht
1931 1057 2766 1191 sewwaren) habe er imme angezeigt dieselbigen
1931 1148 2266 1249 indt halb silberin
1933 1184 2746 1301 sienaben so will er in deinen bekhandtlich n
1932 1234 2737 1351 das er dieselbigen faltschen kronen habe hattt
1937 1270 2745 1408 machen unnd schlachend, zoigt aber in einen
1940 1338 2708 1451 genampt Bartli unnd der ander exanis
1934 1386 2714 1485 deren obernamen imne nit bewaßt bend
1929 1435 2742 1547 schüftelltrager zu Antrona im aschenthall da
1945 1482 2736 1582 hermen, Machendt dieselbig in einem hochen
1937 1524 2738 1637 barg, dahin man bhumuerlich khomen möge,
1940 1573 2705 1682 der gedacht Barthli habe ouch vill pennman
1951 1610 2696 1716 vnnd ander gattuug kaltscher Muctn so er
1949 1668 2730 1766 alß zuuertryben vnnd sich damit zuerner
2093 1696 2735 1796 Berners zeigt er ouch an wie
1949 1745 2091 1818 gsrimet
1946 1758 2731 1859 des ey Hanns Rachsen dem wirtt zu Gaßle
1949 1789 2733 1893 woll bekhant unnd derselb von syhnem thun
1950 1856 2580 1936 unnd lassen woll wie ins trage.
1959 1904 2714 2011 Dota Barthli ein kure dieken man onchfar
1948 1951 2656 2046 by 30 Jarlret, arbeitee zu Gerouw
1960 2008 2726 2116 Hanns min langer Mann habe ein schwartzen
1960 2060 2726 2169 bartt, arbeite ein tagkeit vnnder Zanzach¬
1963 2163 2787 2272 Ist ein mall lär darnach mit dem kleinsten
1959 2261 2396 2336 stein uffzogen worden.
2731 44 2777 91 83
