3024 4032
874 66 1834 248 abe vor dem sprüeheenn nit alles gred
917 168 1862 301 daruff er plandlod ihnee vomandt, widrumb
924 234 1848 369 Vnhin zugen widr alle syn wesennheyl von imme
890 306 1853 433 zu gabenn, ine aber keüwley gstelt enn,
933 375 1861 495 igs wisenn vil wenige ihmme zngemuttet, nach
980 437 1844 564 onn wilkenn, vnnd begarens onders allen
974 511 1838 623 das so e vergasenn und imme in wüßen
980 563 1638 651 se, inzugabenn, vnnd zueöffnen
935 622 1829 724 welchen habe Ime offtinalenn verwißen worden,
931 686 1855 795 das Inne vnuisachet, bemeltem Jasnach
977 745 1808 865 nach zu stellense, deß vorhabens
982 822 1873 927 vnd dieswyl eo Inme also zwyfelhafftiger
974 890 1871 1003 wys verlumbdet, mit dem rechten furo suchen
977 957 1856 1066 abe aber Inns niemalen, dann allyn vff
976 1019 1865 1135 ihnem meymant zu Thim erfragt. Das
997 1067 1831 1200 one zuspacht vnnommen, Deschhalb sich
950 1147 1828 1261 flüchdig gestelts jedoch e Klanshod
1184 1222 1216 1252 e
998 1215 1836 1328 sommen vermogene, das fesnacht fürghaten
985 1265 1815 1386 pitiert worden. Da e dann chlagt
1009 1342 1852 1470 wie bemelte pasnach inne hwyferlhafftig
1003 1403 1889 1522 verdacht. Als habe er fund angemützet
1014 1472 1903 1585 nach synem begarene unnd dalben zu zugen.
983 1539 1918 1634 das er von Blauchod schwöster ghörte, sy gredt
1003 1580 1903 1698 habe, Er bruder wolle fra by vott.
1024 1643 1848 1738 tälenn, das e abe nit gethan, sondes nach
1022 1705 1855 1804 dem fasnacht vemeldet. Er nit alles
1019 1766 1865 1857 gsedt, habe er inne vemandt für die
998 1816 1856 1927 spüche zu kehrendn syn zugsame unnd
1026 1890 1916 1997 wüßenheit zue lüteen, wie er dan dozu
1039 1940 1908 2052 mälen ouch nit annders begärt und von ine
1022 2014 1920 2135 verstan wellenn. Ob es nit also ergangen sye¬
1020 2077 1893 2190 Ahs aber pfasnacht dem rechten nit en
1054 2133 1897 2266 onden, habe e den h. schultheyßen zu thun
1046 2210 1901 2325 gebättenn uff synen costen, gemelten asnach
1039 2263 1883 2397 uunlegen zu laßenn, welches beschechen, daruf
1044 2327 1893 2464 o yn tag inn de bfenckhnuß gewesen
1012 2375 1880 2516 Das aber blamhed ims zugemntter
1052 2444 1747 2581 solle ihnne entschlachen. Da reden,
1679 2569 1823 2676 das
1973 865 2049 960 132
1989 54 3018 256 das e imme unnrecht gethan, werde sieh nit er
1992 120 2961 312 findenn, sye ouch one den amptsman zu derkrh
2020 158 3011 383 zu husnacht nit kommen, ihmme darzu zun könn
1997 262 2982 428 wag getroüwwt, das e werde müßen geichtet
2007 309 2967 467 werdenn, wan e sölliche bekanndtnuß nit
2009 374 2994 548 thüge. vil wenigk ihmme gält angebottene
2023 417 3024 575 noch imne hundtamben annstellen wollen.
2005 462 3021 635 Die gstlrifft abe so ihmme vom stattschrybe zubürck
2026 544 2974 710 zu Thun osfacht betreffende zugestelte
2013 601 2974 752 wordene, welle er selbige jr g ynhendig
2033 680 2955 817 machenzustellen und überlifren laßen.
2136 808 2831 971 Peter Rodt von Lonherio
2023 1104 3003 1212 uffmonntag den 2t decembris 1601 jars iun
2035 1180 2979 1273 sy wasenn herenn Golgenn ind Hags und her
2034 1231 2975 1330 Goßwybels vonn Melinen ist peter rodt vonn
2018 1293 2997 1397 Lonherro inn de manne kesi examiinert unnd
2039 1364 3024 1457 anzuzeigen vemandt w. Ob e nit uff ei zyt faltsche
2027 1415 3003 1518 elhundtschafft gredt, deßwegen mit dem eyd urfisen
2051 1480 3009 1577 wordenn sye zoggt ann. Nach dem eyner
2046 1535 2980 1621 wen cndkagen iynem anderenn in mit korm
2027 1603 3007 1683 verkönfft und sy de halmug halb, ouch wie thür und
2042 1658 2976 1770 umb wie vil de konff beschechen nit deß ynen
2051 1702 2974 1833 werdenn können, sye e unnd sonst noch schwen
2063 1764 2999 1880 mit imme zur khendtschafft gelegt und ios
2048 1843 3013 1945 elütrung zu gaben geheyßen worden. Nach dem
2055 1900 3033 2021 nin diß beschechen und sy gmeynlich gredt habe
2050 1959 2980 2073 eo vermendt syne enthafften und sugen soltind
2030 2019 3007 2148 Ire depsitsin mit dem byd bespärtigen
2048 2110 3015 2200 uff welche su mntrig man ime nnngeleg
2038 2168 3009 2261 unnd darnach mit dem eyd verwisen. Das aber
2045 2225 2954 2328 dee jenigen, so inn disem gspan unden gele
2045 2275 2960 2385 alles zuwegen bracht. Lurdem habend
2047 2344 2980 2447 die herenn von Frysnng immen das land
2041 2411 2926 2517 widegeöffnet, das e daßelbig bruch
2069 2463 2983 2578 nöge. Darumb e ps guten dref pfzu
2057 2517 2338 2623 legen wüse.
