3024 4032
901 77 1832 256 vordem unns gott der allmechtig bewüren
919 175 1808 315 der conne schießenn solle, hienebensancen
946 245 1828 385 annder unngfoufliche wvoct Calhie zumelden
1203 311 1315 371 stetc.
955 312 1671 463 undornöthen wuffen laßenn. d
1056 419 1135 495 ii
922 444 1820 583 Wann aber das luter wort Goten vorab
959 521 1833 658 one enichenn vorbhalt. harnach ouch nathe
920 593 1822 713 liche unnd keyserliche recht grundtlich
992 652 1813 776 vormögennd unnd zugäbennd, das welche
817 712 1824 843 perhanenn, man oder wyb jung ode alt
960 792 1841 933 Inn sollichenn unnd derglychenn mißethe
943 872 1844 997 Falbahr erfundsenn, hingericht weden solhen
1714 974 1844 1032 d
965 971 1831 1102 So habend uff gedachts Friessers hocht
985 1068 1837 1173 schwäre unnathirliche begangene mißhand
989 1128 1837 1240 fungenn. hochgenampt myn gnädig herrnn
956 1204 1842 1302 Schultheys shät unnd burger obgemelter
967 1276 1836 1384 Topplichem Statt Bärnn uff iren zy
997 1342 1820 1445 zu Recht erkenndt vnnd gesprochenn.
979 1414 1810 1518 Das man inne menigklichem zu eynem
1010 1493 1827 1593 schynbarenn exempel dem rachrichter
1034 1553 1857 1654 benelchenn, der inne obenns uff gewonliche
995 1618 1856 1718 rechtstatt führenn son hompt abschlachen
1004 1693 1835 1787 unnd also mitt dem schwärdt vom laben
1038 1753 1860 1870 zum thod nach kyselichen rechtenn richti solle
1091 2000 1776 2147 uff 15 junii 1602 jar ist
1110 2096 1852 2210 disere vitheyl ann ime estatten
1358 2165 1512 2253 word
2725 16 2816 95 42
1855 138 2738 308 Bendicht Srunger c.
2050 308 2142 397 ad
1916 277 2854 491 I Mitwuchen den 16 Beachmonats dis 1602
2662 417 2857 480 de buggerk
1888 376 2876 554 gars inn bysen herren Mathys Hafners des
1882 457 2802 623 hats unnd f Adelbergs von Mulmen g
1891 523 2852 679 bemdicht zpringenn vonn kilchdockf inn
1912 585 2848 728 der mannen kefi) Exammiert, vnnd be¬
1908 643 2880 821 fragt wordenn, warumb unnd us was
1927 729 2868 878 ursachenn, eo sich so hoch vegaßene, also das
1926 783 2902 933 er etliche sien benachpürten schone wild.
1911 870 2897 996 feng  unnd lupsche junge bötumusgraben
1917 927 2769 1089 unnd selbige anderschwohin verkoufft etc.
1882 1018 2900 1175 zegt ann. Dyl war, das or vnd syn bruder
1917 1104 2905 1226 Hans Springenn vor etwas syths Jonas Henni
1917 1195 2857 1289 unnd synem schwäger us irer matten, das
1914 1252 2808 1372 Tholgut genampt, by e Wildfengenn
1942 1315 2897 1431 opfel unnd Bebönnd genommenen, alhar den
1879 1393 2880 1509 ih die statt getragen, danon etlich inn großen
1930 1453 2892 1545 spitalo annder aberspete frütig dem
1873 1529 1922 1591 19
1955 1521 2906 1625 tre verkoufft, darumb de s spatalag
1928 1589 2842 1701 umb die so er empfangn eine springen 18
1943 1663 2886 1770 pete frntig abe umb syne 21 bar elegt
1920 1728 2902 1838 De übrig halb weßee nit wein oder wohnn
1945 1800 2496 1888 zn Bruder die gethan habe
1924 1845 2874 1963 Der fünff Thierliboumen halb aber, welche
1875 1910 2876 2033 2 glychsfahls inn große spital verforfft
1948 1977 2896 2066 habe e selbige im gestolen, dan sprschwage
1964 2032 2856 2143 zu Huntzegen Ime die geschenckt, wie
1966 2094 2784 2193 ich das wahafftig efinden werde
1948 2167 2687 2256 sonst habe er nüt veunthriwpet.
1927 2223 2900 2344 Das sy abe disenn fahler begangen uemeldet
2027 2294 2812 2392 se beyn ander ursach, dan das sy
1972 2330 2006 2372 2
2725 2352 2833 2423 die
