3024 4032
1044 197 1806 341 Jaces Georg von Siglehen
1172 273 1790 406 sy Colmar für Elsaß gelegen.
979 365 1809 504 uff monntag denn 19 homrmonats
1004 455 1815 585 in fließenndts 1602 jars inn bywäsen
986 524 1806 651 Annhorenn, vnnd gegennwirtigkeit der
976 594 1816 732 frommenn fürnemmenn fürsichtigen ursand
986 669 1834 810 Wysenn herrenn Jacob Dilliers deß bhal
1325 753 1583 816 nd Leüig Walthalts
973 763 1833 869 Dand Tharners der Burgerens Nielang
1019 838 1831 937 vonn Mulmenn Großweybels sampt
1012 908 1838 1010 etlichenn weblenn myner gnädigen herren
1020 963 1831 1071 unnd obroen diser copplichenn statt
984 1054 1149 1133 Sainn
989 1166 1842 1296 Hatt Hanns Görg vonn Siyletzenn im lsas
1022 1260 1829 1362 unnner Colmargelegenn, har nachgeschribne
1022 1319 1822 1438 hoche unnd schware nußhandlinggenn, zu
1005 1407 1838 1498 Marzeli bekenndt unnd mit der marter
1042 1478 1275 1578 bestättiget.
1016 1581 1836 1687 Deß erstenn habe er mit helff etliche
1055 1674 1850 1764 syner gsellenn, Das dorf Comistorff
1055 1731 1845 1832 ingesterkt unnd verbröndt. Darzu
1064 1786 1869 1894 er inenn das führ inn eynem caser oder
1027 1864 1760 1956 Back verborgenns ich nachgetragenn.
1048 1964 1861 2084 Demnach habe er ouch ongefahrlich voreynems
1046 2049 1855 2134 das dorff eintfeldenn, mit helff syner gselb
1067 2105 1866 2197 shafft, annsterkenn und verbronnen halten
1050 2165 1870 2249 darzu er das führ iem yynem pelen z
1076 2216 1690 2320 geeiht unnd ihnen zugebracht.
1859 125 2847 339 Item so habe erofftmalen uff den straßen wachenen,
1883 187 2855 386 die srlennwspräch nomen u und dan daßelbeg, so etwas
1885 244 2839 453 gkundern ghyn sönen gsellenn offner khundt
1867 297 2847 522 unnd zuwüstenn thun müßenn, doch habe er niemalen
1884 424 2273 557 sen en aigans
1874 468 2796 660 Wyter hat er ouch verrachenn, das syne coni
1897 538 2813 711 sortenn inn synem bywesenn zwüschen arburg
1902 594 2764 754 und der march gegen olteni eynenn man
1903 657 2791 825 emürdet, by für vil galts fundein unnd
1912 732 2830 887 innach den ertedetenn, vnd vmbgebrachtenn
1901 784 2832 952 Copeln inn yn gstnd geschlepfft unnd ligen
1908 938 2041 1014 laßenn
1903 1018 2835 1144 Item nit vehrdadannenn, inn enem dorff
1924 1059 2866 1215 synn spycher geoffnet, vil fleysh und sanders
1916 1144 2884 1274 darus genomen und selbigs inn eyn höüpsthürli
1922 1272 2115 1363 verborgenn.
1874 1376 2872 1508 keine habe er unnd syne mitthafftenn bald harnach
1917 1429 2872 1565 abe yn spychen ufbrochn, inn welchem sy aber
1937 1526 2266 1622 nützit fundenn
1904 1590 2856 1733 Bald darnach zu Fiechtenn by Hutwyl
1933 1687 2843 1805 abemalen uss eynem spycher, denn sy geöffnet
1932 1734 2760 1866 vil kleyde und anders mehr entfrombdet
1913 1839 2869 2000 Wyters habind sy abermalen zwüschen enrenrodt
1954 1929 2797 2052 unnd trëchten inn eynem großenholtz gin
1931 1982 2850 2106 Mannsoeson angriffen, selbigen jauunlich emündet
1944 2041 2870 2163 das gält, so sy by imme funden genommen und ine
1959 2117 2619 2243 harnach Ien ben gestrupe geworffen
