3024 4032
842 243 918 313 110
851 1402 916 1487 13
880 2032 988 2108 114
1079 269 1573 380 Sunnel Goßi
956 382 1772 492 Uff 25 julii 1601 hars irt Samnah Goß
956 430 1796 554 mit dem Tod von der statt Bary vnd fur deso
942 499 1574 596 Burgeen zil ushin verwisen worden
936 535 1871 654 Ist ehrstlich Cär, darnach mit den 2keynensteynen
953 628 1227 715 pfzogen worden
1127 773 1603 895 Di Geyttschmid
1178 852 1608 921 von Armische Lacerner
1299 902 1471 956 geprets
961 960 1780 1066 Ist das er ynermute solte gefluchet, vnnd zu
972 1023 1769 1105 oder nach fragschlagen haben) uff obgemelten
975 1076 1788 1164 tag mit dem eyd von der statt vewisen
971 1134 1074 1204 worden
958 1165 1750 1266 Iet 1 lar darnach mit dem kleynen steyn ufzogen
987 1242 1081 1305 word
1019 1389 1752 1497 Wargieth und Barbli ziner
1093 1460 1650 1553 geschwüsterte von Cappelen.
945 1583 1791 1691 Margret Ist mit dem Thumysenn, vnnd
964 1667 1779 1746 dacbli ouch darmit, darnach aber Car
992 1712 1668 1801 vfzogen und uff 28 julii 1601 jars
1088 2002 1699 2116 D Kouffman, sonst
1137 2075 1698 2166 Öügi gnat uß dem shiesten.
1180 2128 1543 2213 art vin korbe.
987 2229 1752 2343 Docem ist gesagte Uli Kouffman
2072 176 2613 292 Pabriel Rebison
1878 207 1957 291 15
2184 253 2480 349 Frutingenn
1925 280 2117 395 E
1935 278 2964 448 Iuff 10 augstmonat diß 160 jars ihumbywäsen
1977 355 3007 490 der edlenn vesten frommen fürnemmen fürsichtigen
1972 414 2943 560 ersammenn wysen herenn, peter fröndenuryehs
1979 452 2939 600 unnd alexande uusers deß Bhats Caspar vonn
1984 506 2928 639 Grafennriedts unnd Jeweynus mandels der
1969 567 2929 691 Berzeens Sulans von Mulmens groß weybels
1997 605 2977 745 ampt etliches weyblenmmyne gnädigen herren
1987 681 2956 813 unnd obeen sind hinnachgeschribne pesonenn,
1995 721 3008 869 über ir gnaden überschickt berichten zu Marzili pyn.
1986 803 2949 914 lich eammiet unnd die wachet anzulegen
1971 834 2982 970 vemandt worden. Daruf hat alle ehrstlich ein
2417 903 2527 955 lentege
1988 900 2981 1029 Babrich Rebi vnn ihem bekenndt und vrzechen
1949 983 2996 1111 Namlichenn. Er habe sich vor etlichen hin und abgefloßen
2011 1041 2979 1166 eo monaten mit synem schwartz perr genampt
1998 1092 3016 1222 Hanns Brunnen wald, Niclans Hüseer Jacob Meynen
2005 1157 2976 1260 als ones etlichenn anderenn vonn ansoltingenn, dero
2008 1181 2990 1300 douff unnd zunammen abeime unbekandt gepundtet
2014 1239 2936 1359 unnd verflichtet nach kirgsdienst zu zuchenn
2011 1296 2948 1396 undrwegen aber kräme und gwärbs lüt anzu
2014 1341 3000 1447 gryffenn umbzubringen und zimuiden ouch zustälen,
2013 1415 2719 1516 damit sy Ine zehrung haben mögind
2007 1494 2989 1598 Item nach dem syn vatte inn syne unzytigen Jugendt
2023 1565 2941 1640 imme mit tod abgangen, die muter sich anderfart
2030 1592 2987 1683 vehelichet, see dem stieffvater unwed uß
2030 1662 2985 1730 dem har gestoßn unnd zu dem schnyderhanndt
2042 1693 3009 1772 wech vedinget worden. Als er aber syn mannlich
2041 1739 3027 1838 alte elanget angehept, den synigen etwas äsiger
2036 1792 2972 1888 seys enthueken und mit liedeliche gesellschafftt
2056 1854 2272 1927 vrbruchenn
2035 1893 2999 1989 Item so habe es synem stieff vater unde sweyen malen
2041 1941 3012 2024 dry Alpo käs zwey ynspäsli etwas wiekenns
2039 1994 3008 2091 snn gelten und pfannen entragen, daselbig jun
2047 2040 3003 2130 schumache schmidts hus verkoufft und das e
2048 2090 2949 2174 losdt gält iun eynem schlafonnek mit
2053 2145 2891 2240 dahin beüffte pars vebrucht und uethan
2033 2203 2944 2314 Item wyters sy nei stieffvater uß synen hosen
2059 2272 2973 2372 so am ofenspengli gehanget 3 ode 24 batze
2064 2326 2250 2417 enthuckt
