3024 4032
1131 130 1653 275 Janns Frdli
1012 208 1817 352 uff obgemalttem tag unnd jar ist syn mitt
1031 285 1810 409 gsthill, Hanns Fridli von Easchihn hieobgedacht
1040 338 1807 452 burftig, der ein ehewyt vnnd dru Ghurden
1035 389 1812 495 hatt zo vmb glychen vnrachen ynzogen) ouch in
1025 433 1819 547 bewasen ob vnnd wollgematten herann exann
1035 498 1812 593 niert unnd zu Martzili abenmäßigen wyß
1034 543 1657 620 bsfragt worden. Der vogt ac
1029 654 1830 753 Ies er glychsphals zu Taom zuckrit gewässen
1032 708 1794 800 Sye obgedachtes Einge ouch zu Ime khommen
1023 761 1824 837 unnd von syner begangenschafft wie hieoben
1049 797 1812 890 von synem mitgsallen gemaldet) befragt,
1044 857 1826 939 habe er imme, diewyll beid einer hanndthierung
1047 919 1824 996 kycher gstalt geantwortet, darüb er er du
1053 956 1827 1037 ouch beeheltten, vnnd versprochen Ime Ze¬
1053 991 1817 1075 uerhalffen, damit er sich khomlichen vnnd
1059 1048 1821 1116 mit saeinder Nuy unnd arbeit Parbringen
1052 1095 1826 1169 könne. Daryn es dan verwilliget Soner
1070 1131 1803 1213 es mit ehren zugienge. Da habe iinne
1060 1185 1827 1271 Meygemälter Jinop vertzig funff fronen,
1055 1218 1812 1295 so er imme für vluckt unnd zwentzig
1064 1275 1835 1356 Brientzen Rachen dargagen gabe, angepotten
1035 1319 1835 1415 Diewyll aber solliches nit in synem vmögen,
1064 1360 1834 1450 habe imme tingen angenutet solliches zeüer
1072 1411 1829 1495 sicheren unnd verschryben, darüber er dan
1077 1448 1839 1553 gedachtem Linge bin yner hußfrouwen acher
1067 1508 1844 1590 Demnach sy solches verwilliget yngesetzt und
1079 1550 1841 1632 diewyll derselbig nit gnugsam Thöni Othli
1071 1585 1848 1679 der fur Jegen burg vnnd guett wordt, erruthe
1074 1640 1856 1723 Es habe auch mergesaater Linoe zum ersprohen
1092 1672 1866 1762 woner nit müglich imme daßelbig zuderschryden
1073 1731 1848 1806 sölle er imme uff khünfftig Martini ar stat
1079 1769 1839 1845 Der 45 tr drßig widerumb restituieren
1082 1816 1833 1894 unnd zuhanden stellen. emnach er aber
1072 1847 1826 1941 uff verschrybung45 t empfangen unnd
1097 1888 1850 1987 kycher gstalt vor imme els syn mntgsell, die
1098 1940 1873 2031 sälbigen zeuertryben vnd erwisen worden
1083 1995 1847 2079 sye er mit synem mitgsellen obgematt gan
1097 2032 1847 2122 Zurzach geriicet, vnnd Niemalen gewußt
1086 2071 1863 2167 das dis genan faltsch dan er sit sy gedachte
1097 2128 1854 2217 liccen, wie sihn mitssell zu tuom obernacht
1098 2168 1848 2248 gewaren, do ee aber zu Zurzach ettwas
1097 2225 1848 2306 zugs kouffen wöllen, sye imme der Kaltsche
1097 2270 1677 2354 Bronen eie berscheitten worden.
1895 150 2701 350 Sahs habe er synem burgen Ottei so ouch zu
1889 193 2705 420 zurach domaltn gewäsent, glych wie ouch syne
1901 251 2739 482 soillen hernach angezeigt, Der habe zurs grant
1914 296 2667 500 get, wie das Rinel imme angezogt, sy
1909 333 2724 557 umdt Nus halb silberin sunst habe erdaruon
1908 442 2643 603 siit verthan dan allein ein hütt, i par
1897 481 2732 671 kieden höblin sampt einer fläschen deruß ge
1917 533 2748 723 shoncft, daruff er sc ihr mienn Lumpengen
1923 577 2732 775 riektet, vnnd vilgedachtem Kinge wederumb
1913 666 2731 836 vhanden stellen wöllen, als und aber darnach
1927 709 2745 858 ine zu Arburg gewächslet, syendt sy darob
1921 819 2159 909 eecht worden
1922 844 2697 986 sflich zoigt er an zwen schußellfragen
1915 901 2696 1038 Machiidt vnnd schlachind vilanzogne falsche
1922 1001 2162 1115 side kronen.
1930 1077 2738 1218 Ist ein mall lar darnach mit dem kleinscten
1927 1174 2350 1288 stein uffzogen worden
2060 1278 2870 1464 Froneck Holochnenman¬
1923 1475 2833 1594 Demnach droneck Soloshurmanin von ettlicher
1937 1529 2809 1631 diebstaten wagen in myner gnädigen herren vnnd
1948 1571 2856 1690 deren banden khommen, vnnd ffencklich ynzogen
1949 1636 2860 1734 worden ist dieselbige vf furpitt vnnd vnnder¬
1944 1684 2822 1794 thanig anhaltten iner prsundtschafft us unnd
1960 1725 2859 1829 ledig gelasen unnd de 25 septembrsis dis 1632
1958 1787 2783 1888 ters von Ir G statt vnnd Rut das barger
1950 1830 2802 1953 Zill biß vff gnad mit dem Eid vorwiren
1962 1912 2148 1997 wordenn
2517 2017 2609 2142 E
2730 46 2805 122 64
