3024 4032
816 216 883 311 d
874 111 1829 294 Darnach sie er ongefahrlich vor sechs
933 230 1829 347 jahrenn uff dem Musreld (lryder uß ver
856 287 920 370 E.
945 296 1833 429 rochter unnmonschlichen und zum theyl r
960 355 1821 486 erhörte begid. inn sein sollichn schandt
964 427 1827 575 lichenn castelichen willenn gehattenn.
908 503 1814 634 Das e ann snem Morgenn vnndestand
983 567 1850 732 sich mülgenst von ehrunlath zu reden
979 644 1792 761 mitt eyne schwartzenn Hunden
983 701 1823 853 s de Mädraum zu Ried gsyn) zuner
987 781 1803 924 unschenn, vnd mit Ira Vncristenlich
999 855 1836 995 uzaundlenn, da e abe die thatt vn¬
980 940 1827 1082 anngesechen  will daby gewesen)
989 1011 1800 1146 nit verbringenn können, noch mögenn,
1022 1118 1294 1222 Reniethin.
932 1193 1870 1311 Letstlichen habe e sich, wenig tag
1002 1253 1839 1381 von Urschina Ostreun deß hinfließ
1006 1319 1840 1427 ndem obgenammseten 1602 jars
1002 1387 1818 1505 abemalen (wyde) gottes des
993 1458 1849 1585 herrnn geoffennbahreten gsatzenn
1001 1545 1884 1653 Christemliche erbarkeyt unnd möntsch
998 1615 1797 1703 liche natir treffenlich unnd in
1011 1668 1839 1777 allweg zu wider, mit Uli Renntsch
1020 1740 1865 1840 zu Buch brauwenn Pfedting
1012 1822 1841 1918 mit welche ergeeget) ongefarlich
1022 1883 1888 1979 umb mitag uff dem mumperg unchrist,
1323 1938 1447 1984 castelich
1031 1939 1851 2029 einliches wys vergang, vnd mit de
1053 1996 1863 2113 elbigen abschüezlichen zu schaffen ghept
1035 2113 1854 2242 udem ouch kartz vruckter zyth ann
1031 2180 1876 2316 synem hochzyt zur Reßlern nach disen
1033 2254 1909 2385 verübtenn mißethaten ungaßne ergerlich
1733 2360 1844 2446 Mys
1909 80 2829 292 gscgoßenn, vnnd gredt, Er welle eßennn vnnd
1919 149 2858 340 truckenn, das Inne de leydige Tükel¬
1936 203 2832 405 vor dem uns got beware und gnad igklich
1940 269 2839 458 gehur) weder zuehen, noch tragen möge
1937 414 2842 605 uff solliche syn deß gesanten atdam
1928 478 2849 664 leüntschein bekanndte hoche, schware unnd
1951 532 2891 745 bschnchtliche mißhanndlangenn. hab ennd
1938 618 2933 799 hochgenampte myne gnädige Hernnn vnnd Obren
1936 683 2863 845 dchaltheyß ghät unnd burge dise copplichen
1952 747 2870 906 vytberumptenn statt Barnn uff iren tyd
1958 838 2711 972 zu recht erkennd unnd gesprochen.
1922 914 2903 1050 das man inne dem nachrichter beuelchen
1939 980 2913 1104 desen obeine uff gewonnliche richtstadt
1951 1038 2921 1158 führenn, labenndig inn yyn führ waffen
1966 1099 2896 1254 zu Bulen unnd Aschen vebronnen, vnnd
1973 1172 2900 1284 allso mit dem führ vom laben zum thod
1976 1260 2764 1379 nach bryserlichen rechten richten solle
2033 1538 2910 1656 uff 11 may 1602 jars Ist diser
2027 1613 2826 1729 Unthyl ann ime Rentschen estattet
2280 1686 2460 1772 worden
