3024 4032
902 117 1795 279 Item so labe er mitt hieff ufftgedacht
900 204 1814 340 Weltsch abrahamen unnd sonst noch eynen
940 275 1838 404 synes gsellenn, Weltsch Hans genampt,
957 332 1801 451 gefahrlich vor sechs faren, an eynen
956 407 1837 528 morgenn, by der newennstatt yyn altes
959 467 1851 601 mit den jenigenn stäcken, so sy by inenzhen
975 541 1807 655 zu tod erschlagenn unnd spa darnach den
980 599 1835 741 sehe hanab geworffen, by deo sy zwolff
962 661 1543 790 Pronenn ien muntz gefrnden
971 816 1543 949 Verner labind er vnd sone
1543 842 1857 968 Consprten obsta
989 911 1853 1039 weschenn de statt Zürich unnd dem all
987 983 1840 1090 vor tfunff fahren, en alten man an
987 1055 1864 1178 gefallen unnd inne heytes tags daselbst
1007 1135 1838 1254 vermndet, by welchem sy ex trone
979 1179 1860 1319 fendenn. Denn habind sy im ps gstrag
1009 1257 1487 1375 gewockfen vnnd ligen
1538 1282 1759 1377 laßenn.
976 1368 1874 1503 Wyter habend sy augfarlich vor vier jar
1019 1471 1847 1558 ennthalb dick, ann der straß, so man
1025 1525 1874 1615 zuu nuwenstattgadt s alten man
1026 1581 1872 1674 sy heyteem tag ertodet, by ime dech
1016 1643 1866 1755 fenden, vnnd hannach imee inn sehe hin
1055 1706 1321 1814 abgestürtzt
1009 1855 1833 1974 Item so habind sy wyter uff dem bärg
1048 1946 1819 2044 nechst by zurzach gelegen, vor zweyen
1013 2011 1884 2099 jahren eyn man angriffen, denselben tags
1001 2070 1839 2157 eschlagen, vnd innyn graben abhin ge¬
1058 2132 1848 2240 gleypfft, by dem sy 33 unnütz gefind
1860 426 1896 489 ag
1913 2075 1961 2131 ota
2814 43 2889 119 36
1878 89 2804 297 Deme habe er, weltsch Abcaham, vnnd noch
1918 153 2875 337 yne deßennnammen ime unbekandt, so zu Arwan
1929 225 2813 397 egeieht worden, angforlich vorzweyen hurene
1914 266 2817 467 by Vnnderwalden sye jungeln man emürdet
1920 344 2833 508 und demselbenn inn syngstraus urborgen,
1934 405 2894 561 de aber nit ynes halles werdt by imr gehegt
1909 514 2883 691 Item so habe e mit hilff offtanzogen synr sollen
1931 617 2914 763 zu Gtattelen unnehr Lasel glegen, heyters tags
1933 657 2904 811 vor zweyen jaren eyn alte frome zu toderschlagen
1935 738 2921 874 bydeo sy 3 bats funden,welehe sy an der straß
1939 790 2892 931 ligen laßenn, dan sy sy halem tag dannn
1940 876 2594 985 mragt unnd vertribenn worden
1908 993 2901 1119 Weter habind sy vor eynem jar uff der hard,
1923 1063 2851 1172 unde bosel-heyters tags yn alten man
1949 1125 2903 1227 gemardt, da aber mit by Ime gehepst, den stelbe
1929 1198 2707 1311 Jnnyn holtz gezogen und ligen laßen.
1949 1341 2899 1459 Denne habind vn ongfarlig vor 8 jaren by
1937 1421 2877 1526 Lüren yn alten man nechtliche wyl
1940 1477 2853 1571 zemelich ewüigt, den iun yn gstrupp
1963 1549 2787 1634 gezogen, by Ime abe gar nützie fund
1981 1658 2913 1802 derer zwüschen thun unnd kisen vor ynem
1959 1764 2851 1848 jahr am morgen gegen tag yn alten man
1970 1819 2883 1915 emeidt, by imen us fund, den sy dac
1967 1869 2875 1969 nach auch abwag gezogtn und lig laß
1952 1932 2860 2032 Dasgalt aber so sy funden, habind sy nit getheyet.
1968 1997 2574 2069 sondes mit ynandeen verzechet
1973 2064 2859 2173 dis er prsonenn all hand sy mit iren stecken, so
1966 2133 2809 2233 sy gehept umbracht. Diser Bot aber hat selbs
1973 2173 2922 2281 pesomnlich, dnn sywasen de übrigen fünff inde
1975 2222 2921 2325 geschlagen, welchem die glegenhaft zum besten
1954 2301 2708 2408 gsyn, de hat den ersten soryych gethan
