3024 4032
880 1696 984 1781 146
920 1759 986 1889 E
926 2107 1007 2169 142
946 2157 1047 2238 E
907 87 1841 279 Letstlichenn habe e unnd syn mithafft
985 202 1827 311 Welssch Obroham by demin wald synen
1001 258 1826 385 laundtman, ab y nem Bachen eyn stucke
1016 325 1799 455 schwynin flysch gehouwenn, daßselbig
1020 379 1778 536 kochet unnd sinteynandern genoßen
1012 483 1853 633 Ist 1 car 2 mit dem kleynen 3 mit den zwyenen
1016 541 1634 654 kleynsten steynenn ufsogen worden.
1001 879 1812 1006 uff montag 3 maii 1602 jari ist
1027 961 1829 1060 vorgemelte gott, abemal zu Marzili
1018 1023 1849 1131 pynlich exammiet worden, Hat wyter
1037 1080 1837 1201 mit bekenndt, dan das er die Hosen
1041 1158 1859 1247 be anntrage, Biclaus Kiener entrag
1019 1215 1841 1343 de Begeren ist darby gsyn jr Josna
1003 1298 1374 1397 Wem Mulienn
1233 1379 1749 1510 Ebeth tlönti unnd
1247 1472 1794 1574 sonst eien dem von Schaffhußen.
1299 1700 1382 1766 1602
1049 1730 1860 1835 R 3 aprilis sind Elsbech Floüli von
1046 1805 1888 1901 nndouw unnd seiunst yn den von schaff-
1054 1855 1875 1973 husenn mit huen usgesprechen und hern
1061 1936 1485 2041 weides gewise worden
1067 2093 1843 2208 uff gemelten tag ist ouch syn dirun
1051 2179 1781 2286 von Zürich mit rali u sgestrichen unnd
1055 2244 1486 2334 heym gewisen worden
1908 215 1970 321 16
2876 98 2943 185 29
2081 73 2873 250 EesbethJom us dem truruno
1986 323 2855 478 p 5 aprilis 1602 vorgemeltshars inn
1970 405 2879 549 bywäsenn der edlenn vesten frommen, ein nemmen
1961 463 2919 605 ersammen wysen herrenn, sy mon von Römestals
1977 506 2977 687 des Rhats Dannd Dilliers der Burgeren rielaus
1976 573 2975 733 von Mulinens Großweybels sampt etlichen weyblen
1963 708 2388 817 myner g h unnd oberen
1964 736 2953 902 Sst Elsorth Hom uß dem oberen ormund zu Marzel
1951 806 2957 966 exammiert unnd sy anzuzeigen vermandt worden
1957 897 2919 1020 warb unnd us was trib sy eynem megtli eynen
1958 954 2926 1091 Bissen kas zuessen gäbenn, darul und darnach
1965 1016 2819 1148 ies in yn schwär krankhöt gefallen
1983 1138 2926 1289 Item uß was ursach sy vor etwas zyths und eines
1970 1194 2959 1333 vor der statt alhieseyn jungen knaben, den sy mit
1972 1274 2971 1416 ire gfürt inn eyn matten gestelt und har nach
1987 1360 2840 1466 dennselben verlaßende von ime geloffen.
1973 1446 2922 1592 gibt sy zu bscheyd. Es möge wol syen, das sy
1990 1524 2913 1655 inem mytli von Dißen brott oder kas
2009 1601 2952 1714 gaben, das aber sye nit uß bösenn anfechtung
1979 1682 2927 1786 sonnders von thruw wegenn beschechen. In dem
1999 1731 2919 1838 wede manche kranck, nachdem e geesben
2017 1799 2914 1899 das daran trage sy gar kyn schuld
2199 1864 2554 1953 G Graffenrindt
1958 1911 2922 2036 Des knaben halb, habe ina dennselbigen syn
1963 1984 2911 2104 Wabe vomn Brafennrid umb 6vverdinget
1987 2067 2911 2181 welchenn sy dem allmusen nach mit fra
2005 2108 2908 2219 gefürt, unnd als sy heymweits wellenn
1991 2191 2944 2300 und mit eynandes uff den stalden kommen. Eye
2012 2240 2959 2375 de knab iun die matten gestigen, so deme
2015 2310 2988 2433 stalden ufgangenn und gment evolge ira nach
1982 2354 2936 2493 Daß aber ime nit gespert  ime gsucht.
1991 2436 2883 2528 unnd enntlich funden, ouch mit smaded heymgans
1986 2490 2979 2628 Sonnst ist sy keyner verübten bösen sachen halb anred
2556 2627 2658 2686 vor de
1967 2584 2398 2727 Ist lar vfzogeng
2016 2700 2934 2806 Frantz Walthart Eryßt der so der Joni syy vehlich
2033 2778 2272 2863 und verdinget.
