3024 4032
791 1775 905 1871 Nota
972 2137 998 2211 V
930 181 1802 294 Item Christenn Schmid uff dem Staldenn
945 253 1797 364 druhembdt en wehr, sampt etwas aßiger
942 296 1780 419 hops gestolenn unnd als er deßen warg
953 354 1818 458 wonet, die hembli unnd wehr iugen wider
942 400 1780 521 umb zugestelt, die seys gestoßen unnd
945 455 1298 550 darath verbrucht
940 559 1797 669 Wyte so hat Claus Husn bekenndt, das
959 643 1792 711 so inn abwäsenn babrich Rubins mit
971 697 1784 779 Hilff Schwartz Peters Thüschers schnyder
954 753 1787 830 Beters den unnd Jaggins mitt dem eynen ong
961 806 1748 882 Ann de Blütsch by der Nüwennbrug s
930 847 1797 946 Wybspeosomt so zu Roß dahar kommenn
938 915 1802 990 frmelichenn emündt vnnd selbige darnach
950 965 1619 1055 Inn das waße geworffen hab ind
952 1051 1823 1166 Item so habe e uff yynhyth am gwadt imm
930 1128 1806 1229 Wirtthus Hans Trachseh, als er geschlaffen
955 1189 1748 1279 uß dem hosensack py gestolen, dano
969 1237 1839 1320 so eyn könen verbrucht, das übrrig inn das
981 1297 1824 1385 tromw verborgen und nachwedts nit mehr
976 1349 1343 1438 findenn können
941 1455 1814 1557 Wyte habe e inn bysyn Rubins Peter
941 1534 1822 1604 Brügger yn parhosenn ab den ofensteüg
972 1583 1803 1676 einen entfrömbdet unnd umb in betzen
974 1645 1140 1707 vekoufft
962 1736 1804 1851 erzeögt ann, das Hans Brünnenswald
986 1801 1865 1885 sn stieffvatter pete Stryner, sonst schwartz
986 1840 1825 1948 Beteli genampt unnd Jacob Meynen
998 1926 1812 2008 diß orths unschuldig unnd inn sollichen
1002 1960 1826 2059 sachen by innen nit gsyn speunden, habind
980 2018 1849 2113 inen also unrecht gethan unnd entschlach.
983 2082 1510 2152 eind von beyd samethafft
986 2171 1843 2275 So zeygt auch de knab an, welchn man inen
998 2242 1778 2303 underangen gestelt unnd confrontiert
991 2285 1790 2366 er könne sich niteinnern, das e obge
1006 2337 1780 2406 schribne Gunenwald, Styyner und Jacob
1008 2387 1739 2461 mëynen, demalen gesechen. Rubi aber
1241 2421 1794 2521 2. syend bey beschechnem mord
998 2430 1217 2518 unnd Hise
996 2478 1790 2563 gsyn unnd alleg desen, so syh de knab
1014 2534 1813 2602 beschuldiget aned und erkanndtlich
1007 2586 1219 2646 wordenn
