<?xml version="1.0" encoding="UTF-8" standalone="yes"?>
<PcGts xmlns="http://schema.primaresearch.org/PAGE/gts/pagecontent/2013-07-15" xmlns:xsi="http://www.w3.org/2001/XMLSchema-instance" xsi:schemaLocation="http://schema.primaresearch.org/PAGE/gts/pagecontent/2013-07-15 http://schema.primaresearch.org/PAGE/gts/pagecontent/2013-07-15/pagecontent.xsd">
    <Metadata>
        <Creator>prov=University of Rostock/Institute of Mathematics/CITlab|PLANET AI GmbH/Gundram Leifert/gundram.leifert@planet-ai.de:name=German_Kurrent_XVI-XVIII_M1(htr_id=19584)::::v=2.6.7
prov=University of Rostock/Institute of Mathematics/CITlab|PLANET AI GmbH/Tobias Gruening/tobias.gruening@planet-ai.de:name=de.uros.citlab.module.baseline2polygon.B2PSeamMultiOriented:v=2.6.7
prov=University of Rostock/Institute of Mathematics/CITlab|PLANET AI GmbH/Tobias Gruening/tobias.gruening@planet-ai.de:name=/net_tf/LA73_249_0mod360.pb:de.uros.citlab.segmentation.CITlab_LA_ML:v=2.6.7
Transkribus</Creator>
        <Created>2021-02-10T20:29:45.811+01:00</Created>
        <LastChange>2022-09-12T14:12:40.395+02:00</LastChange>
        <TranskribusMetadata docId="1334806" pageId="52358626" pageNr="76" tsid="114640333" status="IN_PROGRESS" userId="9570" imgUrl="https://files.transkribus.eu/Get?id=JETONIZTMLNIGZZYHIMYTHUN&amp;fileType=view" xmlUrl="https://files.transkribus.eu/Get?id=QBOXFXXZFSNARBFNEMCSNYEE" imageId="19931209"/>
    </Metadata>
    <Page imageFilename="IMG_8869.jpg" imageWidth="3024" imageHeight="4032">
        <ReadingOrder>
            <OrderedGroup id="ro_1687513848600" caption="Regions reading order">
                <RegionRefIndexed index="0" regionRef="r1"/>
                <RegionRefIndexed index="1" regionRef="r2"/>
            </OrderedGroup>
        </ReadingOrder>
        <TextRegion orientation="0.0" id="r1" custom="readingOrder {index:0;}">
            <Coords points="950,258 950,2652 1899,2652 1899,258"/>
            <TextLine id="r1l1" custom="readingOrder {index:0;} person {offset:0; length:5;}">
                <Coords points="945,297 1073,311 1114,353 1195,315 1240,353 1305,321 1559,338 1828,446 1839,341 1757,333 1636,265 1136,251 955,199"/>
                <Baseline points="950,296 993,297 1037,299 1081,299 1125,300 1169,302 1213,303 1256,305 1300,307 1344,311 1388,314 1432,318 1476,323 1520,327 1563,334 1607,343 1651,351 1695,362 1739,373 1783,386 1827,401"/>
                <TextEquiv>
                    <Unicode>Peuti, Ehr bath v. Sidan, bind mit Ruchen auh</Unicode>
                </TextEquiv>
            </TextLine>
            <TextLine id="r1l2" custom="readingOrder {index:1;}">
                <Coords points="1162,417 1217,422 1240,446 1263,447 1346,404 1436,416 1445,413 1450,344 1423,358 1378,347 1339,368 1290,335 1241,354 1214,328 1167,346"/>
                <Baseline points="1170,387 1197,389 1224,390 1251,391 1278,392 1305,393 1332,395 1359,398 1386,401 1413,403 1440,407"/>
                <TextEquiv>
                    <Unicode>strichen. 20</Unicode>
                </TextEquiv>
            </TextLine>
            <TextLine id="r1l3" custom="readingOrder {index:2;} person {offset:0; length:6;} person {offset:8; length:8;} person {offset:20; length:5;} person {offset:33; length:8;}">
                <Coords points="965,496 1120,517 1173,493 1234,541 1405,506 1455,552 1518,524 1556,559 1642,526 1723,586 1842,603 1849,517 1802,526 1713,472 1598,495 1535,451 1346,426 1229,466 1164,426 1057,421 1018,381 972,410"/>
                <Baseline points="972,485 1015,486 1058,488 1102,488 1145,489 1188,491 1232,492 1275,494 1318,495 1362,497 1405,500 1448,503 1492,506 1535,511 1578,515 1622,521 1665,529 1708,536 1752,545 1795,554 1839,566"/>
                <TextEquiv>
                    <Unicode>Felber, Margerth v. Ruthi, begen Müsiggen </Unicode>
                </TextEquiv>
            </TextLine>
            <TextLine id="r1l4" custom="readingOrder {index:3;} person {offset:0; length:8;} person {offset:10; length:8;} place {offset:24; length:5;}">
                <Coords points="961,598 1257,589 1314,641 1466,606 1627,670 1680,645 1787,695 1833,676 1839,600 1737,580 1698,602 1648,560 1388,533 1333,563 1290,516 1161,558 1020,494 968,509"/>
                <Baseline points="969,581 1012,581 1055,581 1098,581 1141,581 1184,582 1227,584 1270,585 1313,587 1356,590 1399,592 1442,596 1485,600 1528,604 1571,609 1614,615 1657,620 1700,627 1743,635 1786,642 1829,650"/>
                <TextEquiv>
                    <Unicode>Kridmann, Bangboth, von Daßel, wegen Upigte</Unicode>
                </TextEquiv>
            </TextLine>
            <TextLine id="r1l5" custom="readingOrder {index:4;}">
                <Coords points="1204,673 1279,677 1301,669 1334,684 1352,705 1366,705 1420,687 1425,626 1391,639 1361,626 1330,648 1302,651 1252,602 1238,597 1223,607 1209,604"/>
                <Baseline points="1211,663 1236,665 1262,666 1287,668 1313,671 1338,674 1364,675 1389,676 1415,678"/>
                <TextEquiv>
                    <Unicode>ten. 29</Unicode>
                </TextEquiv>
            </TextLine>
            <TextLine id="r1l6" custom="readingOrder {index:5;} person {offset:0; length:21;}">
                <Coords points="954,742 1097,732 1160,786 1218,742 1403,814 1555,755 1834,813 1838,732 1598,684 1532,735 1232,669 1091,690 961,615"/>
                <Baseline points="960,732 1003,734 1046,734 1090,735 1133,737 1177,738 1220,740 1264,741 1307,743 1351,746 1394,747 1437,750 1481,753 1524,756 1568,759 1611,762 1655,767 1698,771 1742,776 1785,781 1829,788"/>
                <TextEquiv>
                    <Unicode>Frei Urfula v. Znrich seine Tirne, bind mit</Unicode>
                </TextEquiv>
            </TextLine>
            <TextLine id="r1l7" custom="readingOrder {index:6;}">
                <Coords points="1208,838 1262,871 1311,835 1347,838 1436,891 1491,858 1524,885 1585,849 1709,863 1713,794 1609,821 1563,791 1465,804 1438,787 1395,816 1281,771 1212,777"/>
                <Baseline points="1215,828 1240,829 1266,831 1292,833 1317,833 1343,834 1369,836 1395,836 1420,838 1446,839 1472,840 1498,842 1523,842 1549,844 1575,846 1601,848 1626,851 1652,853 1678,856 1704,858"/>
                <TextEquiv>
                    <Unicode>Ruthen aufgesteihen. 30</Unicode>
                </TextEquiv>
            </TextLine>
            <TextLine id="r1l8" custom="readingOrder {index:7;} person {offset:0; length:12;} place {offset:15; length:9;} place {offset:32; length:9;}">
                <Coords points="974,927 1095,938 1126,968 1180,927 1246,929 1338,975 1388,949 1425,975 1475,942 1524,983 1625,957 1732,994 1823,971 1826,913 1650,856 1570,914 1517,877 1435,892 1341,851 1266,874 1241,851 1091,869 1039,823 978,846"/>
                <Baseline points="980,918 1021,918 1063,918 1105,920 1147,920 1189,921 1231,921 1273,923 1315,924 1357,926 1399,927 1440,929 1482,931 1524,933 1566,936 1608,939 1650,943 1692,947 1734,950 1776,955 1818,959"/>
                <TextEquiv>
                    <Unicode>Feller Jatob v Kilchdorf, begen Riebstohl 33.</Unicode>
                </TextEquiv>
            </TextLine>
            <TextLine id="r1l9" custom="readingOrder {index:8;} person {offset:0; length:6;}">
                <Coords points="971,1047 1159,1073 1259,1027 1557,1076 1718,1046 1763,1079 1871,1072 1873,1037 1825,994 1718,983 1587,1008 1547,979 1269,959 1149,985 1098,942 974,945"/>
                <Baseline points="977,1020 1021,1020 1065,1022 1110,1022 1154,1023 1199,1025 1243,1026 1288,1026 1332,1028 1377,1029 1421,1031 1465,1032 1510,1034 1554,1035 1599,1038 1643,1040 1688,1043 1732,1046 1777,1048 1821,1052 1866,1055"/>
                <TextEquiv>
                    <Unicode>Fridli, Hand auf Mailand, wegen Autgebenten</Unicode>
                </TextEquiv>
            </TextLine>
            <TextLine id="r1l10" custom="readingOrder {index:9;}">
                <Coords points="1220,1145 1365,1148 1529,1107 1619,1147 1655,1131 1686,1148 1731,1133 1733,1043 1542,1082 1468,1044 1380,1084 1331,1053 1266,1048 1222,1074"/>
                <Baseline points="1227,1109 1253,1109 1279,1109 1305,1109 1331,1109 1358,1109 1384,1109 1410,1110 1436,1111 1462,1112 1489,1113 1515,1113 1541,1115 1567,1115 1593,1116 1620,1118 1646,1118 1672,1119 1698,1119 1725,1119"/>
                <TextEquiv>
                    <Unicode>halsthem Beld. 635 63</Unicode>
                </TextEquiv>
            </TextLine>
            <TextLine id="r1l11" custom="readingOrder {index:10;} person {offset:0; length:7;} person {offset:9; length:6;} place {offset:23; length:9;}">
                <Coords points="1014,1540 1039,1552 1086,1513 1181,1528 1259,1510 1375,1549 1408,1520 1496,1512 1569,1550 1695,1509 1696,1443 1663,1428 1579,1450 1510,1424 1383,1460 1305,1433 1192,1468 1065,1425 1015,1452"/>
                <Baseline points="1020,1505 1053,1503 1086,1503 1120,1503 1153,1503 1187,1503 1220,1503 1254,1503 1287,1503 1321,1505 1354,1505 1387,1505 1421,1506 1454,1506 1488,1508 1521,1508 1555,1508 1588,1509 1622,1509 1655,1509 1689,1509"/>
                <TextEquiv>
                    <Unicode>Bfeller, Stichi, begen Tiebstahl. 6.</Unicode>
                </TextEquiv>
            </TextLine>
            <TextLine id="r1l12" custom="readingOrder {index:11;} person {offset:0; length:10;}">
                <Coords points="999,1596 1292,1622 1418,1585 1611,1638 1679,1594 1772,1628 1868,1598 1868,1514 1589,1552 1429,1517 1202,1564 1076,1522 1038,1554 998,1542"/>
                <Baseline points="1004,1593 1046,1592 1089,1590 1132,1590 1175,1589 1218,1589 1261,1590 1304,1590 1347,1590 1390,1591 1433,1592 1475,1592 1518,1592 1561,1592 1604,1592 1647,1592 1690,1590 1733,1589 1776,1587 1819,1584 1862,1581"/>
                <TextEquiv>
                    <Unicode>Brünenbald hand und dem Augstal, begende</Unicode>
                </TextEquiv>
            </TextLine>
            <TextLine id="r1l13" custom="readingOrder {index:12;}">
                <Coords points="1272,1700 1318,1717 1397,1678 1457,1714 1498,1717 1577,1679 1622,1722 1659,1707 1713,1714 1714,1625 1688,1633 1652,1613 1608,1637 1572,1619 1524,1643 1501,1624 1443,1628 1417,1608 1328,1633 1272,1625"/>
                <Baseline points="1278,1673 1303,1674 1328,1674 1353,1675 1378,1676 1404,1676 1429,1676 1454,1676 1479,1676 1505,1677 1530,1677 1555,1677 1580,1677 1606,1677 1631,1677 1656,1676 1681,1676 1707,1676"/>
                <TextEquiv>
                    <Unicode>dacht ziebstahls 5 9</Unicode>
                </TextEquiv>
            </TextLine>
            <TextLine id="r1l14" custom="readingOrder {index:13;} person {offset:0; length:7;} person {offset:9; length:19;}">
                <Coords points="1030,1789 1160,1783 1313,1828 1446,1785 1581,1835 1650,1782 1886,1773 1886,1694 1586,1750 1538,1722 1265,1732 1102,1694 1029,1724"/>
                <Baseline points="1035,1778 1077,1776 1119,1775 1161,1773 1204,1773 1246,1775 1288,1775 1330,1776 1373,1777 1415,1778 1457,1779 1499,1779 1542,1781 1584,1781 1626,1779 1668,1778 1711,1775 1753,1772 1795,1769 1837,1763 1880,1757"/>
                <TextEquiv>
                    <Unicode>Bandard, Anthoin vn Suchberg wind v Stat i</Unicode>
                </TextEquiv>
            </TextLine>
            <TextLine id="r1l15" custom="readingOrder {index:14;}">
                <Coords points="1288,1867 1357,1861 1385,1877 1414,1870 1427,1883 1511,1893 1558,1866 1586,1877 1615,1860 1671,1866 1686,1858 1686,1810 1584,1841 1546,1805 1516,1824 1474,1814 1448,1828 1369,1800 1314,1839 1288,1835"/>
                <Baseline points="1293,1853 1318,1854 1344,1856 1370,1857 1396,1858 1422,1859 1447,1859 1473,1860 1499,1860 1525,1860 1551,1860 1576,1859 1602,1859 1628,1857 1654,1857 1680,1856"/>
                <TextEquiv>
                    <Unicode>Land verliesten. 15.</Unicode>
                </TextEquiv>
            </TextLine>
            <TextLine id="r1l16" custom="readingOrder {index:15;} person {offset:7; length:6;} person {offset:19; length:6;}">
                <Coords points="1035,1965 1124,1923 1171,1946 1610,1936 1692,1967 1757,1922 1802,1954 1893,1946 1891,1848 1811,1881 1748,1855 1712,1883 1673,1864 1504,1901 1175,1852 1121,1880 1034,1867"/>
                <Baseline points="1040,1922 1082,1920 1124,1920 1166,1920 1209,1920 1251,1920 1293,1922 1336,1922 1378,1923 1420,1923 1463,1925 1505,1925 1547,1925 1589,1923 1632,1922 1674,1920 1716,1918 1759,1915 1801,1910 1843,1905 1886,1899"/>
                <TextEquiv>
                    <Unicode>Gward, Clande, und Phonon wird in seine zun</Unicode>
                </TextEquiv>
            </TextLine>
            <TextLine id="r1l17" custom="readingOrder {index:16;}">
                <Coords points="1289,2010 1326,2002 1380,2026 1421,1996 1456,2024 1470,2015 1486,2026 1516,2005 1536,2007 1536,1959 1505,1953 1475,1974 1425,1938 1389,1950 1358,1934 1312,1959 1289,1956"/>
                <Baseline points="1295,1991 1321,1991 1347,1991 1373,1991 1399,1991 1425,1992 1451,1992 1477,1992 1503,1992 1530,1992"/>
                <TextEquiv>
                    <Unicode>geliesen. 19.</Unicode>
                </TextEquiv>
            </TextLine>
            <TextLine id="r1l18" custom="readingOrder {index:17;} person {offset:31; length:6; continued:true;}">
                <Coords points="1276,2095 1362,2124 1482,2080 1689,2097 1892,2042 1890,1994 1617,2038 1575,2021 1535,2049 1470,2016 1394,2035 1334,2013 1273,2034"/>
                <Baseline points="1281,2079 1311,2079 1341,2078 1371,2078 1402,2078 1432,2076 1462,2076 1492,2076 1523,2076 1553,2076 1583,2075 1613,2074 1644,2073 1674,2072 1704,2069 1734,2066 1765,2063 1795,2058 1825,2054 1855,2048 1886,2040"/>
                <TextEquiv>
                    <Unicode>Beorg und Dauatiarens, wird v. Stalti</Unicode>
                </TextEquiv>
            </TextLine>
            <TextLine id="r1l19" custom="readingOrder {index:18;} person {offset:0; length:8; continued:true;}">
                <Coords points="1040,2123 1054,2129 1073,2117 1089,2125 1098,2118 1118,2127 1167,2129 1200,2098 1220,2089 1241,2094 1241,2036 1213,2040 1189,2032 1179,2038 1142,2028 1116,2042 1063,2012 1041,2024"/>
                <Baseline points="1046,2082 1073,2081 1100,2081 1127,2081 1154,2081 1181,2081 1208,2082 1235,2085"/>
                <TextEquiv>
                    <Unicode>Garnason</Unicode>
                </TextEquiv>
            </TextLine>
            <TextLine id="r1l20" custom="readingOrder {index:19;}">
                <Coords points="1269,2174 1302,2163 1375,2178 1434,2167 1466,2193 1500,2170 1556,2158 1566,2169 1604,2161 1644,2174 1644,2109 1619,2103 1543,2124 1495,2099 1404,2126 1376,2114 1363,2124 1288,2090 1269,2100"/>
                <Baseline points="1275,2157 1300,2157 1326,2157 1352,2157 1378,2157 1404,2157 1430,2157 1456,2157 1482,2157 1508,2157 1534,2157 1560,2157 1586,2157 1612,2157 1638,2157"/>
                <TextEquiv>
                    <Unicode>Lund verliesten. 20:</Unicode>
                </TextEquiv>
            </TextLine>
            <TextLine id="r1l21" custom="readingOrder {index:20;} person {offset:0; length:7;}">
                <Coords points="1045,2242 1109,2224 1272,2261 1349,2234 1438,2266 1549,2234 1673,2256 1905,2225 1904,2141 1758,2205 1570,2165 1492,2201 1429,2171 1044,2154"/>
                <Baseline points="1050,2226 1092,2224 1134,2222 1177,2222 1219,2222 1262,2222 1304,2223 1347,2225 1389,2226 1432,2228 1474,2229 1516,2231 1559,2231 1601,2231 1644,2231 1686,2228 1729,2225 1771,2222 1814,2215 1856,2208 1899,2199"/>
                <TextEquiv>
                    <Unicode>Berboer, Augusten, wegen Gottedlästenung i h</Unicode>
                </TextEquiv>
            </TextLine>
            <TextLine id="r1l22" custom="readingOrder {index:21;}">
                <Coords points="1267,2326 1291,2317 1357,2351 1494,2303 1579,2343 1636,2315 1720,2306 1743,2322 1771,2299 1826,2298 1824,2236 1801,2247 1777,2225 1666,2259 1635,2241 1604,2271 1538,2250 1453,2285 1396,2246 1363,2274 1316,2253 1266,2270"/>
                <Baseline points="1272,2303 1299,2302 1326,2301 1354,2300 1381,2300 1409,2300 1436,2300 1463,2301 1491,2301 1518,2301 1546,2301 1573,2301 1600,2301 1628,2301 1655,2301 1683,2300 1710,2297 1737,2295 1765,2291 1792,2287 1820,2282"/>
                <TextEquiv>
                    <Unicode>jung seiner Obrigkedt de. 21.</Unicode>
                </TextEquiv>
            </TextLine>
            <TextLine id="r1l23" custom="readingOrder {index:22;} person {offset:19; length:3;}">
                <Coords points="1071,2389 1164,2437 1265,2393 1467,2438 1641,2398 1812,2427 1899,2386 1899,2300 1784,2309 1685,2372 1517,2328 1345,2359 1235,2338 1182,2365 1071,2314"/>
                <Baseline points="1077,2384 1117,2384 1158,2385 1199,2385 1240,2387 1281,2388 1321,2390 1362,2391 1403,2393 1444,2394 1485,2394 1525,2396 1566,2396 1607,2396 1648,2394 1689,2392 1729,2390 1770,2387 1811,2383 1852,2377 1893,2370"/>
                <TextEquiv>
                    <Unicode>Blörg hand und dem Peß gemannt ilhh</Unicode>
                </TextEquiv>
            </TextLine>
            <TextLine id="r1l24" custom="readingOrder {index:23;}">
                <Coords points="1266,2511 1348,2471 1598,2516 1648,2474 1820,2477 1875,2455 1875,2402 1809,2430 1673,2420 1651,2441 1615,2414 1587,2432 1552,2409 1468,2439 1400,2411 1266,2416"/>
                <Baseline points="1272,2460 1301,2462 1331,2462 1361,2463 1391,2465 1421,2466 1451,2466 1480,2468 1510,2469 1540,2469 1570,2471 1600,2471 1630,2471 1660,2471 1689,2470 1719,2469 1749,2468 1779,2466 1809,2463 1839,2460 1869,2456"/>
                <TextEquiv>
                    <Unicode>wegen Wrandsichtung d. 50t. 56.</Unicode>
                </TextEquiv>
            </TextLine>
            <TextLine id="r1l25" custom="readingOrder {index:24;} person {offset:0; length:20;}">
                <Coords points="1082,2567 1159,2599 1235,2551 1346,2584 1449,2553 1736,2564 1803,2603 1894,2579 1896,2468 1744,2516 1435,2488 1327,2529 1125,2464 1084,2478"/>
                <Baseline points="1088,2541 1128,2541 1168,2541 1208,2543 1248,2544 1288,2546 1328,2547 1368,2549 1408,2550 1448,2552 1488,2553 1528,2555 1568,2556 1608,2556 1648,2558 1688,2557 1728,2556 1768,2555 1808,2553 1848,2551 1889,2547"/>
                <TextEquiv>
                    <Unicode>Bally Anna Hans Rodt des Krumert auf d</Unicode>
                </TextEquiv>
            </TextLine>
            <TextLine id="r1l26" custom="readingOrder {index:25;}">
                <Coords points="1267,2625 1369,2640 1396,2622 1489,2625 1541,2637 1582,2672 1657,2645 1762,2662 1766,2584 1699,2594 1644,2573 1559,2575 1537,2557 1473,2602 1423,2576 1359,2602 1312,2560 1270,2574"/>
                <Baseline points="1274,2615 1299,2615 1324,2615 1350,2615 1375,2616 1401,2618 1426,2618 1452,2619 1477,2621 1503,2622 1528,2623 1554,2625 1579,2627 1605,2627 1630,2629 1656,2630 1681,2632 1707,2633 1732,2634 1758,2636"/>
                <TextEquiv>
                    <Unicode>Fran, wegen Ziebstahl, 51</Unicode>
                </TextEquiv>
            </TextLine>
            <TextEquiv>
                <Unicode>Peuti, Ehr bath v. Sidan, bind mit Ruchen auh
strichen. 20
Felber, Margerth v. Ruthi, begen Müsiggen 
Kridmann, Bangboth, von Daßel, wegen Upigte
ten. 29
Frei Urfula v. Znrich seine Tirne, bind mit
Ruthen aufgesteihen. 30
Feller Jatob v Kilchdorf, begen Riebstohl 33.
Fridli, Hand auf Mailand, wegen Autgebenten
halsthem Beld. 635 63
Bfeller, Stichi, begen Tiebstahl. 6.
Brünenbald hand und dem Augstal, begende
dacht ziebstahls 5 9
Bandard, Anthoin vn Suchberg wind v Stat i
Land verliesten. 15.
Gward, Clande, und Phonon wird in seine zun
geliesen. 19.
Beorg und Dauatiarens, wird v. Stalti
Garnason
Lund verliesten. 20:
Berboer, Augusten, wegen Gottedlästenung i h
jung seiner Obrigkedt de. 21.
Blörg hand und dem Peß gemannt ilhh
wegen Wrandsichtung d. 50t. 56.
Bally Anna Hans Rodt des Krumert auf d
Fran, wegen Ziebstahl, 51</Unicode>
            </TextEquiv>
        </TextRegion>
        <TextRegion orientation="0.0" id="r2" custom="readingOrder {index:1;}">
            <Coords points="1898,245 1898,2653 2876,2653 2876,245"/>
            <TextLine id="r2l1" custom="readingOrder {index:0;}">
                <Coords points="1906,448 1984,379 2260,356 2315,322 2372,357 2438,310 2517,340 2605,294 2720,323 2817,285 2806,193 2681,169 2590,232 2492,245 2302,224 2024,338 1957,313 1893,338"/>
                <Baseline points="1907,404 1952,389 1997,375 2042,363 2087,353 2132,343 2177,336 2223,328 2268,322 2313,317 2358,312 2403,308 2448,304 2493,300 2539,298 2584,295 2629,293 2674,290 2719,287 2764,284 2810,281"/>
                <TextEquiv>
                    <Unicode>e it elit en begndesch</Unicode>
                </TextEquiv>
            </TextLine>
            <TextLine id="r2l2" custom="readingOrder {index:1;}">
                <Coords points="2054,438 2102,437 2129,421 2154,435 2174,425 2196,436 2210,418 2258,417 2309,398 2299,336 2240,367 2210,354 2172,363 2137,394 2123,395 2087,371 2069,382 2046,381"/>
                <Baseline points="2060,434 2087,430 2114,425 2141,421 2168,416 2195,411 2222,408 2249,403 2276,401 2303,398"/>
                <TextEquiv>
                    <Unicode>den 6 t 1</Unicode>
                </TextEquiv>
            </TextLine>
            <TextLine id="r2l3" custom="readingOrder {index:2;} place {offset:29; length:9;}">
                <Coords points="1896,605 1957,546 2162,505 2263,523 2362,493 2445,540 2549,490 2644,512 2737,455 2834,444 2830,401 2639,400 2600,439 2506,451 2334,388 2260,436 2066,435 1886,507"/>
                <Baseline points="1898,560 1944,546 1991,534 2037,524 2084,515 2130,508 2177,501 2223,495 2270,491 2316,486 2363,482 2409,480 2456,476 2502,474 2549,471 2595,467 2642,464 2688,461 2735,456 2781,450 2828,444"/>
                <TextEquiv>
                    <Unicode>hobart, wört, der Schmid und Copseigen, wegen über</Unicode>
                </TextEquiv>
            </TextLine>
            <TextLine id="r2l4" custom="readingOrder {index:3;}">
                <Coords points="2046,609 2342,577 2381,608 2413,579 2481,588 2618,556 2671,588 2719,582 2711,483 2644,513 2609,488 2544,520 2474,512 2448,539 2333,498 2281,525 2225,511 2207,533 2150,517 2040,536"/>
                <Baseline points="2051,605 2084,600 2117,594 2150,591 2183,587 2216,583 2249,581 2282,578 2315,575 2348,572 2381,570 2414,568 2447,566 2480,564 2513,563 2546,560 2579,560 2612,557 2645,555 2678,552 2711,551"/>
                <TextEquiv>
                    <Unicode>Woetung des WirthshundVerbotd. 14</Unicode>
                </TextEquiv>
            </TextLine>
            <TextLine id="r2l5" custom="readingOrder {index:4;} person {offset:3; length:5;} place {offset:27; length:9;}">
                <Coords points="2044,729 2148,682 2199,715 2231,685 2273,705 2333,655 2451,690 2509,664 2589,680 2645,642 2794,633 2830,609 2826,555 2695,601 2587,568 2380,609 2275,584 2151,658 2104,628 2035,632"/>
                <Baseline points="2046,692 2087,684 2128,679 2169,673 2210,668 2251,664 2292,661 2333,657 2374,654 2415,651 2456,647 2497,645 2538,642 2579,639 2620,635 2661,632 2702,629 2743,624 2784,619 2825,614"/>
                <TextEquiv>
                    <Unicode>h. Jarob, gel Jeldikant zu Schlishen, wird</Unicode>
                </TextEquiv>
            </TextLine>
            <TextLine id="r2l6" custom="readingOrder {index:5;}">
                <Coords points="1914,761 1923,758 1932,744 1948,741 1956,726 1970,725 1983,707 2018,697 1999,630 1986,634 1978,629 1967,639 1939,627 1902,692 1895,695"/>
                <Baseline points="1910,725 1935,717 1961,709 1986,702 2012,695"/>
                <TextEquiv>
                    <Unicode>suten</Unicode>
                </TextEquiv>
            </TextLine>
            <TextLine id="r2l7" custom="readingOrder {index:6;}">
                <Coords points="2053,777 2180,756 2361,783 2404,750 2516,756 2584,729 2753,751 2827,696 2824,661 2716,635 2665,671 2615,650 2546,688 2512,663 2464,691 2299,684 2230,730 2087,714 2050,735"/>
                <Baseline points="2058,770 2096,766 2134,762 2172,758 2210,755 2249,751 2287,749 2325,745 2363,743 2401,739 2440,738 2478,735 2516,732 2554,729 2592,727 2631,724 2669,721 2707,719 2745,715 2783,712 2822,708"/>
                <TextEquiv>
                    <Unicode>begen eines unehel= Kindt im Dienst</Unicode>
                </TextEquiv>
            </TextLine>
            <TextLine id="r2l8" custom="readingOrder {index:7;}">
                <Coords points="2071,868 2099,857 2141,887 2178,874 2204,847 2255,831 2314,828 2363,840 2376,834 2371,751 2336,779 2292,765 2234,790 2204,780 2171,798 2142,784 2124,790 2106,775 2065,779"/>
                <Baseline points="2076,843 2102,842 2129,840 2156,837 2182,835 2209,833 2236,829 2263,827 2289,826 2316,825 2343,826 2370,828"/>
                <TextEquiv>
                    <Unicode>stillgestallt 15</Unicode>
                </TextEquiv>
            </TextLine>
            <TextLine id="r2l9" custom="readingOrder {index:8;}">
                <Coords points="2138,941 2159,926 2223,966 2287,921 2398,959 2452,921 2541,948 2631,891 2770,933 2850,903 2844,813 2711,814 2604,873 2452,815 2326,859 2205,848 2134,888"/>
                <Baseline points="2142,923 2177,921 2212,920 2247,919 2282,917 2317,915 2352,912 2387,911 2422,908 2457,906 2492,903 2527,900 2562,897 2597,896 2632,893 2667,890 2702,888 2737,886 2772,884 2807,883 2843,882"/>
                <TextEquiv>
                    <Unicode>Eldbath v. Wargen, oegen Verdacht</Unicode>
                </TextEquiv>
            </TextLine>
            <TextLine id="r2l10" custom="readingOrder {index:9;} person {offset:0; length:8; continued:true;}">
                <Coords points="1930,976 1958,951 1973,952 1982,945 2019,945 2060,931 2083,942 2111,941 2103,889 2076,897 2050,891 2035,903 2015,904 1990,887 1965,895 1932,870 1913,867"/>
                <Baseline points="1932,948 1960,945 1989,941 2017,935 2046,931 2074,927 2103,924"/>
                <TextEquiv>
                    <Unicode>Hennmann</Unicode>
                </TextEquiv>
            </TextLine>
            <TextLine id="r2l11" custom="readingOrder {index:10;} person {offset:0; length:14; continued:true;}">
                <Coords points="2139,1023 2179,1036 2258,1003 2438,1006 2467,992 2574,1007 2581,953 2508,948 2460,923 2399,972 2360,937 2346,947 2323,927 2269,925 2219,976 2167,956 2137,969"/>
                <Baseline points="2144,1004 2169,1003 2194,1000 2220,998 2245,998 2271,996 2296,995 2321,994 2347,993 2372,993 2398,992 2423,992 2448,990 2474,990 2499,989 2525,989 2550,987 2576,986"/>
                <TextEquiv>
                    <Unicode>von Kindermord. 54.</Unicode>
                </TextEquiv>
            </TextLine>
            <TextLine id="r2l12" custom="readingOrder {index:11;} person {offset:6; length:8;} person {offset:18; length:6;} place {offset:29; length:8;}">
                <Coords points="1932,1440 2028,1400 2092,1422 2156,1399 2213,1432 2346,1389 2574,1448 2642,1399 2882,1381 2880,1291 2626,1345 2575,1314 2485,1341 2309,1320 2218,1363 2169,1328 2027,1362 1929,1317"/>
                <Baseline points="1937,1391 1986,1389 2035,1389 2085,1389 2134,1388 2184,1388 2233,1388 2282,1388 2332,1386 2381,1386 2431,1386 2480,1385 2530,1383 2579,1382 2628,1380 2678,1379 2727,1376 2777,1373 2826,1370 2876,1367"/>
                <TextEquiv>
                    <Unicode>Immer Margreth u. Darbli, vn Cappelen, werden</Unicode>
                </TextEquiv>
            </TextLine>
            <TextLine id="r2l13" custom="readingOrder {index:12;}">
                <Coords points="2115,1524 2195,1517 2237,1482 2285,1480 2309,1496 2340,1476 2384,1473 2380,1408 2326,1431 2294,1415 2245,1438 2199,1433 2176,1416 2156,1439 2130,1433 2110,1441"/>
                <Baseline points="2118,1479 2144,1478 2170,1476 2196,1475 2222,1473 2248,1472 2274,1471 2300,1469 2326,1468 2352,1467 2378,1466"/>
                <TextEquiv>
                    <Unicode>geduncet. 2.</Unicode>
                </TextEquiv>
            </TextLine>
            <TextLine id="r2l14" custom="readingOrder {index:13;} person {offset:0; length:6;} person {offset:8; length:8;}">
                <Coords points="1938,1587 2074,1569 2128,1609 2163,1578 2197,1608 2237,1579 2437,1605 2684,1539 2743,1577 2847,1544 2844,1476 2343,1524 2263,1482 2146,1538 1934,1501"/>
                <Baseline points="1943,1563 1987,1563 2032,1563 2077,1563 2122,1562 2167,1560 2212,1559 2257,1557 2302,1554 2347,1552 2392,1549 2436,1548 2481,1544 2526,1542 2571,1539 2616,1537 2661,1535 2706,1533 2751,1532 2796,1530 2841,1530"/>
                <TextEquiv>
                    <Unicode>Jaccod, Murgreth, wegen Znnignung ihres unehel¬</Unicode>
                </TextEquiv>
            </TextLine>
            <TextLine id="r2l15" custom="readingOrder {index:14;}">
                <Coords points="2130,1650 2164,1648 2176,1658 2209,1640 2236,1649 2264,1637 2309,1643 2346,1637 2342,1579 2315,1591 2301,1588 2272,1605 2223,1580 2198,1607 2160,1579 2127,1607"/>
                <Baseline points="2135,1643 2160,1641 2186,1640 2211,1640 2237,1637 2262,1635 2288,1634 2313,1632 2339,1631"/>
                <TextEquiv>
                    <Unicode>kinds 16.</Unicode>
                </TextEquiv>
            </TextLine>
            <TextLine id="r2l16" custom="readingOrder {index:15;} person {offset:5; length:7;}">
                <Coords points="1950,1738 2055,1757 2148,1712 2498,1685 2592,1719 2763,1682 2758,1617 2590,1594 2198,1670 2098,1640 1944,1649"/>
                <Baseline points="1955,1718 1995,1717 2035,1716 2075,1714 2115,1712 2155,1709 2195,1706 2235,1704 2275,1700 2315,1697 2355,1694 2395,1690 2435,1687 2475,1684 2515,1681 2555,1679 2595,1677 2635,1675 2675,1674 2715,1673 2756,1673"/>
                <TextEquiv>
                    <Unicode>Jom, Elsbeth und dem Ormund. Verhör. 25.</Unicode>
                </TextEquiv>
            </TextLine>
            <TextLine id="r2l17" custom="readingOrder {index:16;} person {offset:5; length:5;} place {offset:15; length:8;}">
                <Coords points="1961,1837 2111,1839 2180,1798 2350,1776 2423,1814 2517,1768 2878,1778 2872,1684 2644,1690 2570,1735 2491,1694 2410,1735 2245,1716 2209,1744 2149,1711 2043,1760 1954,1741"/>
                <Baseline points="1965,1803 2010,1801 2055,1796 2100,1792 2146,1789 2191,1785 2236,1782 2281,1779 2327,1775 2372,1772 2417,1770 2462,1766 2508,1764 2553,1760 2598,1758 2643,1754 2689,1752 2734,1750 2779,1747 2824,1744 2870,1742"/>
                <TextEquiv>
                    <Unicode>Jung flesi und Freibung eine ziene, wirder mit ruthen</Unicode>
                </TextEquiv>
            </TextLine>
            <TextLine id="r2l18" custom="readingOrder {index:17;}">
                <Coords points="2166,1873 2271,1889 2306,1869 2394,1877 2424,1853 2514,1857 2531,1872 2535,1793 2500,1786 2439,1821 2411,1819 2347,1776 2279,1822 2241,1805 2220,1827 2164,1833"/>
                <Baseline points="2171,1856 2196,1854 2222,1852 2248,1851 2273,1849 2299,1847 2325,1846 2351,1844 2376,1843 2402,1841 2428,1840 2453,1839 2479,1838 2505,1836 2531,1835"/>
                <TextEquiv>
                    <Unicode>andgestöchen. 30.</Unicode>
                </TextEquiv>
            </TextLine>
            <TextLine id="r2l19" custom="readingOrder {index:18;}">
                <Coords points="1951,1960 2027,1938 2119,1982 2303,1934 2394,1963 2586,1901 2679,1937 2846,1877 2792,1828 2737,1853 2592,1834 2527,1878 2424,1853 2238,1890 2157,1865 2127,1892 1945,1880"/>
                <Baseline points="1955,1931 1999,1932 2043,1934 2087,1934 2132,1932 2176,1931 2220,1929 2264,1925 2309,1923 2353,1918 2397,1915 2441,1911 2486,1906 2530,1902 2574,1899 2618,1895 2663,1892 2707,1889 2751,1886 2795,1886 2840,1884"/>
                <TextEquiv>
                    <Unicode>Jacob, Rndicht und Jurgdorh ein duuchschneider</Unicode>
                </TextEquiv>
            </TextLine>
            <TextLine id="r2l20" custom="readingOrder {index:19;}">
                <Coords points="2169,2051 2312,2052 2515,1993 2693,1982 2690,1934 2651,1926 2517,1969 2455,1949 2411,1981 2318,1945 2259,1989 2195,1958 2164,1968"/>
                <Baseline points="2172,2010 2197,2009 2223,2007 2249,2006 2275,2004 2300,2003 2326,2001 2352,2000 2378,1998 2403,1996 2429,1994 2455,1993 2481,1991 2506,1989 2532,1987 2558,1986 2584,1984 2609,1982 2635,1981 2661,1980 2687,1979"/>
                <TextEquiv>
                    <Unicode>wegen Schazgrübera. 61. 62.</Unicode>
                </TextEquiv>
            </TextLine>
            <TextLine id="r2l21" custom="readingOrder {index:20;} person {offset:0; length:14;}">
                <Coords points="1959,2132 2085,2100 2142,2141 2226,2094 2486,2132 2622,2064 2730,2095 2877,2056 2874,1987 2737,2034 2669,1996 2582,2031 2472,2006 2274,2070 2172,2032 2133,2065 2024,2015 1953,2024"/>
                <Baseline points="1962,2090 2007,2091 2052,2091 2098,2091 2143,2090 2189,2088 2234,2087 2280,2085 2325,2082 2371,2080 2416,2077 2461,2074 2507,2071 2552,2069 2598,2066 2643,2062 2689,2059 2734,2057 2780,2054 2825,2051 2871,2049"/>
                <TextEquiv>
                    <Unicode>Poli Barthlone, allhie pürtig, wegen diebstahlen 66</Unicode>
                </TextEquiv>
            </TextLine>
            <TextLine id="r2l22" custom="readingOrder {index:21;} person {offset:0; length:8;} person {offset:10; length:3;} person {offset:15; length:12;} person {offset:37; length:7; continued:true;}">
                <Coords points="1982,2531 2298,2517 2505,2465 2757,2473 2867,2440 2763,2375 2693,2415 2615,2391 2564,2418 2462,2408 2370,2452 1973,2411"/>
                <Baseline points="1986,2504 2029,2502 2073,2499 2117,2497 2161,2495 2204,2491 2248,2487 2292,2484 2336,2480 2379,2475 2423,2471 2467,2468 2511,2464 2554,2460 2598,2457 2642,2453 2686,2449 2729,2447 2773,2444 2817,2442 2861,2441"/>
                <TextEquiv>
                    <Unicode>Kaufmann, Uli, gerrant Buri, und dem Wisten¬</Unicode>
                </TextEquiv>
            </TextLine>
            <TextLine id="r2l23" custom="readingOrder {index:22;} person {offset:0; length:4; continued:true;}">
                <Coords points="2200,2593 2238,2588 2301,2545 2396,2546 2421,2560 2444,2541 2496,2550 2544,2533 2540,2485 2507,2464 2482,2484 2462,2478 2409,2502 2376,2486 2331,2524 2292,2527 2262,2507 2225,2504 2193,2517"/>
                <Baseline points="2202,2553 2227,2551 2253,2548 2279,2546 2305,2544 2330,2541 2356,2539 2382,2535 2408,2532 2433,2531 2459,2529 2485,2529 2511,2528 2537,2528"/>
                <TextEquiv>
                    <Unicode>lach, ein Korber. 2:</Unicode>
                </TextEquiv>
            </TextLine>
            <TextLine id="r2l24" custom="readingOrder {index:23;} person {offset:0; length:4;} person {offset:6; length:4;} person {offset:12; length:13;}">
                <Coords points="1987,2649 2117,2659 2196,2633 2295,2659 2318,2639 2415,2640 2460,2606 2554,2627 2664,2616 2657,2535 2598,2524 2539,2557 2294,2558 2244,2595 2044,2555 1983,2598"/>
                <Baseline points="1992,2637 2025,2636 2058,2633 2091,2630 2124,2628 2157,2625 2190,2622 2224,2618 2257,2616 2290,2612 2323,2609 2356,2606 2389,2603 2422,2600 2456,2596 2489,2594 2522,2592 2555,2589 2588,2588 2621,2585 2655,2585"/>
                <TextEquiv>
                    <Unicode>Klos, Anna, Wegen Hurerei, dc. 57.</Unicode>
                </TextEquiv>
            </TextLine>
            <TextEquiv>
                <Unicode>e it elit en begndesch
den 6 t 1
hobart, wört, der Schmid und Copseigen, wegen über
Woetung des WirthshundVerbotd. 14
h. Jarob, gel Jeldikant zu Schlishen, wird
suten
begen eines unehel= Kindt im Dienst
stillgestallt 15
Eldbath v. Wargen, oegen Verdacht
Hennmann
von Kindermord. 54.
Immer Margreth u. Darbli, vn Cappelen, werden
geduncet. 2.
Jaccod, Murgreth, wegen Znnignung ihres unehel¬
kinds 16.
Jom, Elsbeth und dem Ormund. Verhör. 25.
Jung flesi und Freibung eine ziene, wirder mit ruthen
andgestöchen. 30.
Jacob, Rndicht und Jurgdorh ein duuchschneider
wegen Schazgrübera. 61. 62.
Poli Barthlone, allhie pürtig, wegen diebstahlen 66
Kaufmann, Uli, gerrant Buri, und dem Wisten¬
lach, ein Korber. 2:
Klos, Anna, Wegen Hurerei, dc. 57.</Unicode>
            </TextEquiv>
        </TextRegion>
    </Page>
</PcGts>
