3024 4032
980 92 1892 285 Verners habe es mit lilffsoner gsellen
960 173 1877 337 Inn abgefloßnee meenat en jungen
1013 247 1914 398 schachte Wevnf Maserin genampt von Scyßen
995 315 1901 447 berg pertig) sy dem hocheinstäg une
1018 357 1910 509 beysumlen gelegene, angetroffenn, welche
922 420 1892 547 busy gezwungen vnnd mit fra, nach dem
1005 486 1896 619 sthon verletzt gewesen synen schandtlich
999 556 1907 673 eentwillenn vebracht, darnich ouch jane
989 596 1922 743 lich montschliche natmr und vorabdise
1001 662 1911 774 gsatz unnd gebot zu wider ermurdt, umb ir
998 721 1897 850 labenn gebracht unnd darnach hinab im
1007 787 1558 877 das ebaße geworffenn.
998 946 1901 1072 Wysers habe e unnd syne mitthafften uff
1000 1010 1904 1122 vnn zeth by dem hochetstäg ire kmittel
992 1073 1902 1166 probiert, deßenn yn lanndtman Feter
994 1130 1924 1244 wel gupt gewar worden. Deßwegen
1018 1184 1911 1295 ich dann uß forcht inn die studen ve-
1028 1251 1908 1345 borgeni, drnmen erpnntzet uff die yege
1014 1305 1917 1403 uihne nacht verbliben. Nachdem er
1026 1362 1923 1461 abso verhoffet sy hinwag gangen unnd
1019 1424 1912 1516 also sichelich Grmwerdtswellen vnnd
1019 1480 1925 1580 treffenlich geglet, ennd sy ime nach
1022 1537 1931 1634 geloffen und mit steynen zu imr gewolffen
1017 1592 1933 1692 Alles uff das eund hin inne umbzu
1024 1655 1938 1739 bringenn und zumorden. ermelte wel
1028 1705 1941 1793 aber sye der maßen geflochen, das syznr
1022 1757 1910 1857 nit nachkommen mögenn. dan e jgen
997 1815 1562 1913 dun yn hus entommen.
1003 1934 1903 2049 Ihtem so habe er sampt snen gsparem
1023 1953 1923 2104 sy geßachtem hochenn steg bys dybs
1003 2036 1932 2154 prson angriffen. Darzu aber unnedsech.
1779 2079 1914 2151 rein
1643 2139 1762 2187 deß gorh
1019 2095 1731 2198 nn sach mit reuentz zumelden
1022 2146 1917 2249 kund bellende kommen und vnmeyndt
1023 2192 1926 2305 ruth vorhanden syn windend. Wa habind
1029 2239 1925 2358 y brendtswybes peson velaßen unnd
1038 2322 1439 2414 dauon geflochenn.
2059 124 2998 277 vyters habe er so woh als etliche andere
2033 162 3014 318 vnr gesellen nit sollyn am landerstäg für
2019 182 3029 366 waßwennden antheim, sonders onch am port by
2034 257 3000 425 wysunlen ynemjungen man und guncker
2017 316 3005 459 Franntz Lndwigenn von Ehelach gerrenn
2022 342 3010 518 zu Wietz sampt syner husfrouwen necht.
2029 392 3004 552 Lieche wyhl im anst wald gewarthet unnd
2035 436 3013 608 enntlichenn des vorhabenur gsen, wan die
2046 483 3034 636 oder annder kommen wärind, sy zur morden
2036 536 3034 698 wie sy denn dem jnnckeen die thüilin ann
2044 579 2961 732 dem strafenn mit helffenn vebanden
2046 586 3012 780 damit e desto minder eintrunnen möchte
2026 730 2918 888 Item so sye e auch vorhabens gsyn, dem
2028 771 2998 936 wirt ann de Beütsch syn silbzogschier uß
2048 825 2997 977 wnemgannteli zustahenn, das eabe nit
2060 924 2601 1036 zu wag enn bringen können
2688 964 2871 1038 vnsrigen
2045 966 3009 1151 unnd nachdem syn vatter inn syne zugeundt
2057 1046 2993 1213 imme durch den tod hingenommen, die muter
2071 1126 2917 1237 ich annderfalrt verhelichet, sye e den
2068 1151 3022 1302 stieffvatter unwerdt uf dem hus gestoßn
2075 1175 3057 1334 unnd zu dem schnpde haundteich verdinget
2067 1271 2949 1401 worden, Als e aber syn mannlich alter
2083 1340 2938 1450 verlanget angehept den synigen etwas
2073 1378 3033 1506 aßiger hets enzucken, vnnd mit liederlicher
2112 1476 2574 1562 ellschhafft gebruchen
2081 1553 2981 1673 Venas synem Stieff vatter vnndt hwey ein
2087 1620 3060 1706 malen dry Alppkäs zwey zu käsl, etwas
2071 1684 2952 1760 annekens eyn galtenn unnd pfannen
2087 1722 2901 1804 eintragen, daßelbig znn schulmacher
2099 1776 3053 1833 Schmidts zus verkoufft, vnnd das elosten
2086 1822 2997 1899 galt inn enem schloftreück mit dahin
2089 1880 2947 1959 bewüffter ours vebrucht unnd verthan
2084 1948 3001 2060 Wyter synem stieffvatter ußsynen hosen
2112 2028 3009 2117 s am offensteügli gehanget 30der 24 bats
2100 2081 2262 2154 enzückt
2054 2137 3014 2249 Deßglychen syn noch anntragende wansel
2098 2221 2993 2297 syne schwoster Stieffsin, wie ouch die bas
2108 2260 3031 2354 s hinde imr fundet worden, entfrombdet.
2990 79 3018 118 18
