3024 4032
1015 84 1893 308 Das er aber nit so hochgrachtet, sonder
1020 206 1869 372 noch über diß sieh zu Rundres Herting
1011 277 1902 428 welcher der widerthoüffeischen dert gant
1020 345 1900 494 ergabenn, gethann, da er dann verzeygt
1018 375 1877 554 zu Them durch denn herrnn schultheiß
1014 468 1885 598 ynnzogen, gefencklich alhar geschickt und uff
994 533 1897 673 Samstag den 20. februarii diß jahrs durh
1008 578 1880 712 herrenn Christoffel Lüthart und heren
1023 665 1897 794 Strohan Schmid die gelehrten. Inn bywäsenn
1010 723 1878 859 de Edlenn vestenn, frommen, finnemm en
839 814 1909 919 des hals ersamen Wysen h bendichts von Ehrlachen
1025 853 1895 997 uund ielans von Mulmens Grosweyl
1028 929 1904 1044 els im chorhus gründtlichen examm
1003 1015 1900 1130 uß göttlicher gschrifft vollkommenlich under
1029 1088 1916 1215 richtet, syne herthummen gnugsamm spangn
1013 1158 1904 1274 widerefochten unnd er dergstelt ubewisene
1007 1215 1915 1353 wordenn, das e nützit widersprechen mögen
1046 1286 1327 1385 noch könnenn
984 1351 1912 1468 Das abe alles an imme nit eschießlich gewesen
1025 1443 1908 1539 degstalt unnd maßene, er sich ustrückenlich
1030 1513 1912 1620 rind unnd heybe enntschlosen von syner
1037 1584 1918 1668 gefaßeten meynung nit abzustan, So nder
1043 1643 1902 1737 ers vilmehr daby ze belyben und zusteben
1034 1700 1914 1807 zudem wie er sich dan zu Them Reschmer
1046 1763 1915 1852 Wann man imme schon unzalberlich vil eyd
1038 1815 1916 1918 ferlege, vemeine erdoch selbige zuhalten
1055 1879 1927 1979 nit schuldig sye. Item ob e zlych wol ver
1045 1953 1929 2040 thue jahren alhie yn uferhabnen eyd an
1037 2019 1922 2083 hagricht gethan, sie doch de wider syn ge
1086 2065 1908 2159 unsne beschechen, In haitz fehr daruon
1045 2115 1855 2218 gsyn, dan er denn nit fürbillich
1057 2178 1895 2292 geachtet. Die wyl christus gebotten
1048 2242 1898 2350 allerdengen nit zu schweren, in was uber sa
1049 2289 1857 2413 unnd stey sie wider gottliche gschräfft
1046 2358 1926 2463 wie er dan vil mehr ungegründte argument imn
1054 2420 1909 2531 zu synem vermeyndten vorhaben nit dienende
1062 2469 1390 2575 vangefürt.
2773 87 2802 144 6
1969 78 2980 285 Nebenn disem ouch nochmalen, als zum on us1
1976 160 3003 337 goßenn unnd gredt er halte diser kilchen
2003 222 2974 404 unnd gmynd alhie nit für yn Christenul jehr
1996 289 2962 453 kilchenn  Diewyl sy dem bamnen nit
2010 351 2951 516 habe dann Paulus sage, man solle die
2018 416 3007 558 hure und ehebrecht e uß schließ man,
2000 471 3025 616 welches abevende ums nit bescheche. Deßhalb
2019 538 2995 689 o disere gmeind alhie nit fin yn Christor.
2021 601 2971 738 liche kilch achten konnen, doch gloube
2013 660 2958 785 e das etliche frrome darunder srund
2004 726 3028 850 unnd wann mas alhie den bann und christ
1992 789 2999 913 einliche ordnung hielte, welte er nit von
1992 870 2742 989 vnns wychen, sonnders urblybenn
