<?xml version="1.0" encoding="UTF-8" standalone="yes"?>
<PcGts xmlns="http://schema.primaresearch.org/PAGE/gts/pagecontent/2013-07-15" xmlns:xsi="http://www.w3.org/2001/XMLSchema-instance" xsi:schemaLocation="http://schema.primaresearch.org/PAGE/gts/pagecontent/2013-07-15 http://schema.primaresearch.org/PAGE/gts/pagecontent/2013-07-15/pagecontent.xsd">
    <Metadata>
        <Creator>prov=University of Rostock/Institute of Mathematics/CITlab|PLANET AI GmbH/Gundram Leifert/gundram.leifert@planet-ai.de:name=German_Kurrent_XVI-XVIII_M1(htr_id=19584)::::v=2.6.7
prov=University of Rostock/Institute of Mathematics/CITlab|PLANET AI GmbH/Tobias Gruening/tobias.gruening@planet-ai.de:name=de.uros.citlab.module.baseline2polygon.B2PSeamMultiOriented:v=2.6.7
prov=University of Rostock/Institute of Mathematics/CITlab|PLANET AI GmbH/Tobias Gruening/tobias.gruening@planet-ai.de:name=/net_tf/LA73_249_0mod360.pb:de.uros.citlab.segmentation.CITlab_LA_ML:v=2.6.7
Transkribus</Creator>
        <Created>2021-04-27T18:46:24.371+02:00</Created>
        <LastChange>2023-06-19T09:52:58.832+02:00</LastChange>
        <TranskribusMetadata docId="1334845" pageId="52362073" pageNr="10" tsid="127236788" status="IN_PROGRESS" userId="68497" imgUrl="https://files.transkribus.eu/Get?id=UKCMFGURVZVOZIDDMCTTSXPU&amp;fileType=view" xmlUrl="https://files.transkribus.eu/Get?id=QZDWFBAUWUGNQSEBASNXDUEQ" imageId="19734353"/>
    </Metadata>
    <Page imageFilename="IMG_5011.JPG" imageWidth="3456" imageHeight="5184">
        <ReadingOrder>
            <OrderedGroup id="ro_1687513655645" caption="Regions reading order">
                <RegionRefIndexed index="0" regionRef="r2"/>
                <RegionRefIndexed index="1" regionRef="r4"/>
            </OrderedGroup>
        </ReadingOrder>
        <TextRegion orientation="0.0" type="paragraph" id="r2" custom="readingOrder {index:0;} structure {type:paragraph;}">
            <Coords points="282,952 290,4752 1654,4752 1646,952"/>
            <TextLine id="r2l1" custom="readingOrder {index:0;}">
                <Coords points="422,1090 521,1154 620,1099 775,1160 943,1084 1013,1122 1255,1106 1467,1179 1663,1173 1669,1085 1414,1087 1356,1037 1274,1063 1181,998 1104,1026 1042,986 845,1034 736,990 428,997"/>
                <Baseline points="432,1082 493,1080 554,1080 615,1078 676,1078 737,1079 798,1080 859,1082 920,1084 981,1088 1043,1091 1104,1096 1165,1101 1226,1107 1287,1112 1348,1120 1409,1127 1470,1136 1531,1145 1592,1154 1654,1166"/>
                <TextEquiv>
                    <Unicode>der heß hinzu geruffen, als in deßen beglut</Unicode>
                </TextEquiv>
            </TextLine>
            <TextLine id="r2l2" custom="readingOrder {index:1;}">
                <Coords points="412,1232 495,1188 801,1173 996,1244 1105,1196 1184,1268 1235,1228 1608,1263 1627,1216 1516,1161 1352,1178 1191,1117 1057,1144 938,1090 864,1137 798,1095 739,1147 689,1104 525,1151 465,1102 418,1117"/>
                <Baseline points="424,1182 483,1178 543,1176 602,1175 662,1174 722,1174 781,1174 841,1176 900,1178 960,1181 1020,1184 1079,1188 1139,1192 1198,1197 1258,1202 1318,1210 1377,1215 1437,1223 1496,1230 1556,1237 1616,1244"/>
                <TextEquiv>
                    <Unicode>Es wart und dem fußforg nachgienge, dieser</Unicode>
                </TextEquiv>
            </TextLine>
            <TextLine id="r2l3" custom="readingOrder {index:2;}">
                <Coords points="403,1300 477,1333 554,1288 638,1326 833,1286 1074,1347 1146,1305 1200,1351 1271,1316 1636,1344 1638,1281 1599,1267 1483,1245 1424,1286 1288,1236 1196,1274 1135,1222 1034,1274 908,1197 804,1264 575,1200 405,1257"/>
                <Baseline points="412,1292 472,1287 533,1285 594,1283 655,1282 716,1282 776,1282 837,1284 898,1286 959,1288 1020,1290 1080,1295 1141,1298 1202,1304 1263,1308 1324,1311 1384,1318 1445,1322 1506,1326 1567,1331 1628,1336"/>
                <TextEquiv>
                    <Unicode>bichtel schluge mit einem zum steben alsobald</Unicode>
                </TextEquiv>
            </TextLine>
            <TextLine id="r2l4" custom="readingOrder {index:3;}">
                <Coords points="407,1403 977,1392 1112,1448 1314,1411 1430,1473 1479,1433 1643,1441 1645,1373 1443,1330 988,1372 798,1300 664,1342 590,1300 465,1350 410,1330"/>
                <Baseline points="416,1386 476,1387 537,1388 598,1390 659,1392 720,1392 781,1394 842,1395 903,1396 964,1398 1025,1400 1085,1402 1146,1404 1207,1406 1268,1410 1329,1413 1390,1417 1451,1422 1512,1428 1573,1433 1634,1440"/>
                <TextEquiv>
                    <Unicode>mmb den votter zu. Wolche beide büchsel und</Unicode>
                </TextEquiv>
            </TextLine>
            <TextLine id="r2l5" custom="readingOrder {index:4;}">
                <Coords points="381,1533 430,1502 506,1557 637,1555 728,1496 861,1491 1153,1506 1352,1581 1479,1549 1540,1593 1640,1575 1642,1526 1498,1464 1373,1493 1245,1421 1152,1470 976,1391 387,1403"/>
                <Baseline points="392,1484 454,1488 516,1490 578,1492 640,1494 702,1494 764,1496 826,1496 888,1496 950,1498 1012,1498 1074,1500 1136,1502 1198,1504 1260,1507 1322,1512 1384,1517 1446,1524 1508,1530 1570,1541 1632,1550"/>
                <TextEquiv>
                    <Unicode>Haß duch henbes fractumeat ihm selangen</Unicode>
                </TextEquiv>
            </TextLine>
            <TextLine id="r2l6" custom="readingOrder {index:5;}">
                <Coords points="389,1632 582,1578 650,1625 707,1588 867,1595 944,1652 1035,1591 1084,1640 1210,1623 1284,1687 1422,1621 1471,1663 1617,1646 1585,1563 1538,1594 1241,1578 1106,1511 946,1551 793,1499 578,1561 393,1522"/>
                <Baseline points="400,1580 460,1581 520,1584 581,1586 641,1588 702,1588 762,1590 822,1591 883,1592 943,1594 1004,1596 1064,1597 1124,1599 1185,1602 1245,1604 1306,1608 1366,1613 1426,1616 1487,1622 1547,1627 1608,1634"/>
                <TextEquiv>
                    <Unicode>zur nit nach brandiß zu Lehren, ongrachtet sie</Unicode>
                </TextEquiv>
            </TextLine>
            <TextLine id="r2l7" custom="readingOrder {index:6;} place {offset:45; length:5;}">
                <Coords points="387,1678 494,1709 612,1680 686,1738 912,1672 1014,1742 1106,1689 1385,1693 1627,1751 1631,1646 1457,1669 1292,1623 1180,1670 1044,1596 958,1653 868,1593 598,1643 477,1596 388,1647"/>
                <Baseline points="396,1670 457,1670 518,1670 579,1670 640,1672 702,1672 763,1674 824,1674 885,1676 946,1678 1008,1680 1069,1682 1130,1685 1191,1688 1252,1690 1314,1694 1375,1699 1436,1702 1497,1706 1558,1712 1620,1716"/>
                <TextEquiv>
                    <Unicode>nach ohne wluhr hatten mit ihme in die statt beren</Unicode>
                </TextEquiv>
            </TextLine>
            <TextLine id="r2l8" custom="readingOrder {index:7;}">
                <Coords points="381,1803 463,1765 538,1808 671,1748 797,1788 1042,1769 1104,1824 1225,1800 1378,1850 1451,1805 1519,1853 1608,1813 1611,1745 1526,1777 1396,1710 1300,1761 1023,1748 902,1690 787,1739 554,1680 386,1701"/>
                <Baseline points="392,1760 452,1760 512,1758 573,1758 633,1760 694,1760 754,1762 814,1764 875,1766 935,1768 996,1771 1056,1774 1116,1777 1177,1780 1237,1784 1298,1788 1358,1792 1418,1797 1479,1801 1539,1805 1600,1810"/>
                <TextEquiv>
                    <Unicode>zum thor einem kommen mögen, dazumahl</Unicode>
                </TextEquiv>
            </TextLine>
            <TextLine id="r2l9" custom="readingOrder {index:8;}">
                <Coords points="375,1855 502,1857 541,1901 882,1866 1037,1928 1234,1897 1312,1940 1362,1911 1429,1968 1622,1977 1629,1850 1567,1833 1422,1870 1204,1806 1102,1855 1012,1783 904,1835 779,1773 655,1836 378,1802"/>
                <Baseline points="384,1848 445,1852 507,1854 568,1858 630,1861 692,1863 753,1865 815,1868 876,1870 938,1872 1000,1875 1061,1878 1123,1881 1184,1885 1246,1889 1308,1894 1369,1899 1431,1905 1492,1912 1554,1920 1616,1930"/>
                <TextEquiv>
                    <Unicode>übernachtetm sie zu Uingen tags hernach ferg</Unicode>
                </TextEquiv>
            </TextLine>
            <TextLine id="r2l10" custom="readingOrder {index:9;}">
                <Coords points="361,1999 436,1965 550,2021 669,1965 726,1992 810,1972 885,2023 1040,1977 1332,2003 1334,1942 1244,1900 1058,1934 780,1868 695,1929 635,1880 551,1913 456,1858 365,1906"/>
                <Baseline points="372,1952 419,1952 467,1952 514,1952 562,1952 610,1954 657,1955 705,1958 752,1958 800,1960 848,1964 895,1965 943,1968 990,1971 1038,1973 1086,1976 1133,1978 1181,1982 1228,1984 1276,1986 1324,1988"/>
                <TextEquiv>
                    <Unicode>igten sie ihne in das schlaß brandiß.</Unicode>
                </TextEquiv>
            </TextLine>
            <TextLine id="r2l11" custom="readingOrder {index:10;}">
                <Coords points="344,2104 467,2075 538,2137 671,2082 750,2120 811,2071 953,2129 1028,2082 1245,2142 1424,2106 1517,2164 1640,2131 1642,2049 1472,2002 1327,2060 1185,1988 1117,2030 965,1984 892,2027 347,2012"/>
                <Baseline points="354,2072 417,2072 481,2070 545,2070 609,2071 673,2072 737,2072 801,2072 865,2074 929,2076 993,2078 1056,2080 1120,2081 1184,2085 1248,2088 1312,2092 1376,2096 1440,2101 1504,2106 1568,2112 1632,2118"/>
                <TextEquiv>
                    <Unicode>e. ob er nit mehrd als 9 tr jubl entwendt haben.</Unicode>
                </TextEquiv>
            </TextLine>
            <TextLine id="r2l12" custom="readingOrder {index:11;}">
                <Coords points="332,2205 532,2229 643,2190 787,2276 984,2194 1072,2233 1617,2227 1619,2154 1526,2192 1461,2136 1355,2186 1196,2129 1021,2169 730,2119 638,2166 424,2087 335,2111"/>
                <Baseline points="342,2184 405,2188 468,2192 531,2195 595,2197 658,2198 721,2198 785,2200 848,2200 911,2200 975,2200 1038,2200 1101,2200 1164,2202 1228,2204 1291,2206 1354,2209 1418,2214 1481,2219 1544,2226 1608,2234"/>
                <TextEquiv>
                    <Unicode>R lein, Es seyen ward nach Mehrere in dem Lei</Unicode>
                </TextEquiv>
            </TextLine>
            <TextLine id="r2l13" custom="readingOrder {index:12;}">
                <Coords points="350,2331 572,2289 656,2359 932,2301 1210,2353 1319,2306 1419,2352 1487,2307 1581,2347 1595,2255 1542,2285 1270,2225 1171,2273 985,2194 792,2272 650,2199 583,2258 544,2219 352,2239"/>
                <Baseline points="360,2274 421,2280 482,2284 543,2287 604,2291 666,2293 727,2294 788,2294 849,2296 910,2296 972,2296 1033,2296 1094,2296 1155,2297 1216,2298 1278,2300 1339,2302 1400,2303 1461,2308 1522,2312 1584,2316"/>
                <TextEquiv>
                    <Unicode>nene sacklig gewesen, allein er habe wlehr nit</Unicode>
                </TextEquiv>
            </TextLine>
            <TextLine id="r2l14" custom="readingOrder {index:13;}">
                <Coords points="340,2414 370,2402 435,2429 551,2376 626,2385 717,2447 828,2390 909,2415 945,2388 986,2398 987,2358 662,2355 571,2290 516,2333 439,2293 342,2330"/>
                <Baseline points="350,2372 381,2372 412,2373 444,2376 475,2376 507,2378 538,2380 569,2380 601,2382 632,2383 664,2384 695,2384 726,2386 758,2386 789,2388 821,2388 852,2388 883,2388 915,2388 946,2388 978,2388"/>
                <TextEquiv>
                    <Unicode>als 9 darvon geomen.</Unicode>
                </TextEquiv>
            </TextLine>
            <TextLine id="r2l15" custom="readingOrder {index:14;}">
                <Coords points="320,2541 567,2515 628,2569 691,2522 842,2559 1240,2506 1396,2539 1445,2508 1518,2551 1607,2508 1607,2438 1544,2407 1372,2445 1306,2403 1173,2481 970,2424 916,2464 811,2422 742,2486 320,2433"/>
                <Baseline points="328,2502 391,2504 455,2504 518,2506 582,2507 645,2508 709,2508 772,2508 836,2508 899,2508 963,2508 1026,2508 1090,2506 1153,2506 1217,2506 1280,2506 1344,2506 1407,2506 1471,2508 1534,2508 1598,2508"/>
                <TextEquiv>
                    <Unicode>e ob ihme jemand zu dem vernebten diebstahl</Unicode>
                </TextEquiv>
            </TextLine>
            <TextLine id="r2l16" custom="readingOrder {index:15;}">
                <Coords points="342,2638 762,2598 896,2656 1126,2625 1204,2665 1383,2593 1505,2639 1611,2597 1611,2512 1343,2565 1270,2517 1190,2571 1009,2520 842,2561 713,2521 631,2572 502,2510 342,2535"/>
                <Baseline points="350,2594 412,2596 475,2599 537,2600 600,2602 663,2602 725,2603 788,2603 850,2602 913,2602 976,2602 1038,2600 1101,2600 1163,2598 1226,2598 1289,2596 1351,2596 1414,2594 1476,2594 1539,2594 1602,2594"/>
                <TextEquiv>
                    <Unicode>verholfen oder ob erd solchen entzig verbrachte</Unicode>
                </TextEquiv>
            </TextLine>
            <TextLine id="r2l17" custom="readingOrder {index:16;}">
                <Coords points="338,2733 346,2733 372,2708 390,2701 414,2709 433,2695 447,2693 466,2703 487,2705 486,2642 464,2647 427,2624 391,2657 361,2635 336,2639"/>
                <Baseline points="346,2690 372,2688 398,2686 425,2687 451,2688 478,2686"/>
                <TextEquiv>
                    <Unicode>hate.</Unicode>
                </TextEquiv>
            </TextLine>
            <TextLine id="r2l18" custom="readingOrder {index:17;}">
                <Coords points="323,2820 438,2859 580,2842 615,2877 767,2817 905,2862 1073,2837 1269,2903 1369,2840 1483,2864 1486,2807 1357,2803 1196,2722 1102,2767 909,2709 654,2769 392,2709 326,2743"/>
                <Baseline points="332,2800 389,2801 446,2802 503,2804 560,2806 618,2808 675,2809 732,2812 789,2814 846,2817 904,2818 961,2822 1018,2824 1075,2828 1132,2830 1190,2832 1247,2834 1304,2836 1361,2838 1418,2840 1476,2840"/>
                <TextEquiv>
                    <Unicode>R er seye gantz entzig darmit umbgangen.</Unicode>
                </TextEquiv>
            </TextLine>
            <TextLine id="r2l19" custom="readingOrder {index:18;} place {offset:30; length:7;}">
                <Coords points="309,2942 659,2925 877,2996 990,2935 1077,2993 1164,2938 1613,2964 1614,2915 1379,2844 1257,2907 810,2825 704,2901 312,2831"/>
                <Baseline points="318,2908 382,2910 446,2913 510,2916 575,2918 639,2922 703,2923 768,2925 832,2926 896,2928 961,2930 1025,2931 1089,2932 1153,2934 1218,2936 1282,2937 1346,2939 1411,2940 1475,2942 1539,2944 1604,2946"/>
                <TextEquiv>
                    <Unicode>e. Auß waß ursach erd dann zu Brandis vorge-</Unicode>
                </TextEquiv>
            </TextLine>
            <TextLine id="r2l20" custom="readingOrder {index:19;} person {offset:11; length:19;} person {offset:35; length:7; continued:true;}">
                <Coords points="303,3039 421,3001 602,3056 731,3016 1132,3053 1224,3023 1366,3101 1499,3030 1543,3063 1598,2965 1354,2950 1264,3005 1064,2996 989,2940 877,3001 809,2947 751,2992 690,2931 305,2964"/>
                <Baseline points="314,2992 377,2996 441,3000 505,3004 568,3008 632,3010 696,3012 759,3016 823,3018 887,3020 951,3022 1014,3024 1078,3024 1142,3026 1205,3026 1269,3028 1333,3028 1396,3028 1460,3028 1524,3028 1588,3028"/>
                <TextEquiv>
                    <Unicode>geben, daß Hanns Rautenbergerd und Elsbeth</Unicode>
                </TextEquiv>
            </TextLine>
            <TextLine id="r2l21" custom="readingOrder {index:20;} person {offset:0; length:11; continued:true;}">
                <Coords points="318,3133 436,3092 716,3152 770,3114 1348,3133 1456,3179 1583,3133 1585,3078 1524,3046 1359,3106 1261,3042 1200,3084 1121,3037 940,3095 808,3027 682,3079 640,3041 502,3067 398,3002 321,3041"/>
                <Baseline points="328,3086 390,3088 452,3090 514,3093 577,3096 639,3100 701,3102 764,3106 826,3110 888,3113 951,3117 1013,3120 1075,3122 1137,3125 1200,3126 1262,3128 1324,3128 1387,3128 1449,3128 1511,3128 1574,3124"/>
                <TextEquiv>
                    <Unicode>Scheidegger seine gewesene nlebend, diensten ihme</Unicode>
                </TextEquiv>
            </TextLine>
            <TextLine id="r2l22" custom="readingOrder {index:21;}">
                <Coords points="306,3229 366,3185 477,3226 562,3194 842,3218 875,3254 1043,3210 1523,3274 1587,3231 1590,3163 1415,3147 1228,3199 1138,3143 1025,3161 888,3114 762,3124 695,3181 594,3112 543,3154 470,3105 310,3132"/>
                <Baseline points="318,3180 381,3182 444,3185 507,3188 570,3192 633,3195 696,3198 759,3201 822,3204 885,3208 948,3211 1011,3214 1074,3217 1137,3218 1200,3220 1263,3222 1326,3224 1389,3225 1452,3226 1515,3226 1578,3226"/>
                <TextEquiv>
                    <Unicode>gecholffen diesemn dibstahl verneben. Ob ihne zu</Unicode>
                </TextEquiv>
            </TextLine>
            <TextLine id="r2l23" custom="readingOrder {index:22;}">
                <Coords points="310,3297 620,3355 707,3315 841,3316 916,3356 1095,3323 1158,3366 1294,3332 1298,3245 1151,3257 1045,3214 900,3279 839,3218 733,3271 594,3198 449,3244 364,3186 314,3224"/>
                <Baseline points="320,3274 368,3275 416,3277 464,3280 513,3282 561,3284 609,3287 658,3289 706,3292 754,3294 803,3296 851,3299 899,3301 947,3304 996,3306 1044,3308 1092,3310 1141,3312 1189,3313 1237,3314 1286,3316"/>
                <TextEquiv>
                    <Unicode>dieser anklag gemand angestifftet habe.</Unicode>
                </TextEquiv>
            </TextLine>
            <TextLine id="r2l24" custom="readingOrder {index:23;}">
                <Coords points="1288,3364 1297,3366 1301,3371 1308,3372 1316,3368 1326,3372 1348,3265 1332,3261 1323,3265 1309,3260"/>
                <Baseline points="1308,3314 1328,3318"/>
                <TextEquiv>
                    <Unicode></Unicode>
                </TextEquiv>
            </TextLine>
            <TextLine id="r2l25" custom="readingOrder {index:24;}">
                <Coords points="302,3430 357,3404 409,3458 494,3431 560,3476 665,3423 708,3453 951,3412 1047,3454 1212,3435 1293,3500 1412,3438 1474,3498 1586,3453 1521,3351 1430,3413 1262,3346 1050,3333 968,3373 806,3324 686,3377 307,3296"/>
                <Baseline points="312,3398 375,3400 438,3400 501,3402 565,3402 628,3404 691,3407 755,3410 818,3412 881,3415 945,3418 1008,3420 1071,3423 1134,3425 1198,3427 1261,3429 1324,3430 1388,3433 1451,3434 1514,3434 1578,3436"/>
                <TextEquiv>
                    <Unicode>e. Er habe ihne sonderbard niemand darzu anhge</Unicode>
                </TextEquiv>
            </TextLine>
            <TextLine id="r2l26" custom="readingOrder {index:25;}">
                <Coords points="293,3499 506,3480 880,3544 963,3516 1073,3563 1260,3536 1357,3593 1571,3538 1607,3465 1473,3497 1400,3450 1291,3508 1150,3437 923,3480 664,3428 444,3466 355,3402 295,3443"/>
                <Baseline points="302,3484 366,3484 431,3486 496,3488 560,3492 625,3495 690,3499 754,3504 819,3508 884,3512 949,3516 1013,3520 1078,3525 1143,3528 1207,3530 1272,3532 1337,3532 1401,3532 1466,3530 1531,3528 1596,3524"/>
                <TextEquiv>
                    <Unicode>iesen. Allein weilen dard Sammel hesß under</Unicode>
                </TextEquiv>
            </TextLine>
            <TextLine id="r2l27" custom="readingOrder {index:26;} place {offset:22; length:7;}">
                <Coords points="289,3571 372,3619 614,3576 670,3612 1055,3612 1143,3667 1459,3629 1516,3672 1601,3645 1605,3569 1346,3596 1263,3537 1160,3586 974,3526 766,3573 499,3481 418,3526 292,3500"/>
                <Baseline points="298,3564 362,3566 427,3569 492,3573 557,3577 622,3581 686,3585 751,3591 816,3593 881,3599 946,3602 1010,3606 1075,3609 1140,3613 1205,3616 1270,3618 1334,3620 1399,3622 1464,3622 1529,3621 1594,3620"/>
                <TextEquiv>
                    <Unicode>wege, da er ihne nach brandiß geführt, vorgegeben</Unicode>
                </TextEquiv>
            </TextLine>
            <TextLine id="r2l28" custom="readingOrder {index:27;} person {offset:36; length:7;}">
                <Coords points="285,3689 549,3666 620,3720 725,3682 900,3741 997,3706 1058,3752 1124,3715 1248,3777 1347,3720 1603,3725 1567,3635 1188,3693 1083,3635 911,3644 864,3591 663,3658 470,3582 377,3621 290,3583"/>
                <Baseline points="296,3654 361,3657 426,3660 491,3664 556,3669 621,3673 686,3677 751,3684 816,3688 881,3693 946,3698 1011,3701 1076,3706 1141,3708 1206,3711 1271,3712 1336,3714 1401,3712 1466,3711 1531,3708 1596,3704"/>
                <TextEquiv>
                    <Unicode>Sie habind bey 30 jube erlehren, er Waldebi</Unicode>
                </TextEquiv>
            </TextLine>
            <TextLine id="r2l29" custom="readingOrder {index:28;}">
                <Coords points="308,3780 549,3796 604,3757 851,3825 913,3783 1050,3826 1147,3802 1249,3855 1332,3808 1588,3823 1590,3767 1458,3727 1261,3779 1129,3717 956,3750 792,3690 686,3737 574,3668 521,3701 490,3666 386,3705 315,3677"/>
                <Baseline points="320,3728 383,3734 446,3741 509,3746 572,3752 635,3758 698,3764 761,3771 824,3776 887,3782 950,3788 1013,3792 1076,3797 1139,3800 1202,3804 1265,3806 1328,3806 1391,3808 1454,3806 1517,3804 1580,3802"/>
                <TextEquiv>
                    <Unicode>ger hingegen nicht mehr als gedachte 9 stuck ge</Unicode>
                </TextEquiv>
            </TextLine>
            <TextLine id="r2l30" custom="readingOrder {index:29;}">
                <Coords points="297,3826 665,3850 720,3899 802,3865 870,3915 1082,3882 1334,3923 1383,3889 1557,3903 1560,3854 1333,3807 1123,3872 1031,3810 704,3818 600,3757 508,3808 300,3782"/>
                <Baseline points="306,3818 368,3821 430,3826 492,3832 554,3838 617,3843 679,3850 741,3856 803,3862 865,3867 928,3872 990,3877 1052,3882 1114,3885 1176,3888 1239,3891 1301,3892 1363,3892 1425,3892 1487,3890 1550,3888"/>
                <TextEquiv>
                    <Unicode>nomen, Item habe er heßß dazumalen ihme</Unicode>
                </TextEquiv>
            </TextLine>
            <TextLine id="r2l31" custom="readingOrder {index:30;} person {offset:15; length:11;} person {offset:35; length:11;}">
                <Coords points="304,3912 1331,3984 1481,4050 1609,3946 1440,3895 1118,3957 869,3919 808,3867 674,3912 534,3828 309,3846"/>
                <Baseline points="314,3896 378,3903 442,3909 506,3916 570,3922 635,3928 699,3937 763,3942 827,3949 891,3955 956,3962 1020,3966 1084,3972 1148,3976 1212,3979 1277,3982 1341,3984 1405,3984 1469,3984 1533,3982 1598,3978"/>
                <TextEquiv>
                    <Unicode>verdeütet, der Laubenberar und die Scheideggrn</Unicode>
                </TextEquiv>
            </TextLine>
            <TextLine id="r2l32" custom="readingOrder {index:31;}">
                <Coords points="310,4007 684,4021 789,4084 836,4046 1167,4117 1531,4090 1580,4004 1454,4004 1348,4062 1276,4008 1082,4010 972,3961 686,3999 557,3931 405,3971 315,3937"/>
                <Baseline points="320,3990 382,3994 444,3998 506,4002 569,4010 631,4016 693,4021 756,4028 818,4036 880,4042 943,4049 1005,4055 1067,4061 1129,4066 1192,4070 1254,4073 1316,4077 1379,4078 1441,4078 1503,4077 1566,4074"/>
                <TextEquiv>
                    <Unicode>seyen beide wnecklich im verhafft, hab ind albereit</Unicode>
                </TextEquiv>
            </TextLine>
            <TextLine id="r2l33" custom="readingOrder {index:32;}">
                <Coords points="326,4090 945,4141 1069,4200 1132,4166 1484,4193 1567,4163 1574,4087 1345,4092 1281,4144 1087,4081 1030,4115 860,4056 789,4085 679,4021 449,4063 332,4017"/>
                <Baseline points="336,4078 397,4082 458,4088 519,4094 580,4100 641,4107 702,4113 763,4121 824,4128 885,4136 947,4143 1008,4149 1069,4155 1130,4160 1191,4164 1252,4168 1313,4170 1374,4172 1435,4172 1496,4170 1558,4166"/>
                <TextEquiv>
                    <Unicode>beide bekennt, daß sie ihme zu dem diebstahl</Unicode>
                </TextEquiv>
            </TextLine>
            <TextLine id="r2l34" custom="readingOrder {index:33;}">
                <Coords points="300,4197 387,4174 460,4238 608,4195 774,4273 953,4226 1299,4305 1502,4260 1579,4300 1601,4169 1134,4231 946,4144 725,4167 632,4115 309,4097"/>
                <Baseline points="312,4162 375,4167 439,4173 502,4178 566,4186 630,4193 693,4200 757,4208 820,4217 884,4224 948,4233 1011,4239 1075,4246 1138,4250 1202,4255 1266,4258 1329,4261 1393,4262 1456,4262 1520,4258 1584,4254"/>
                <TextEquiv>
                    <Unicode>behelblich gelasen, er solle daß en mur auch bekannt,</Unicode>
                </TextEquiv>
            </TextLine>
            <TextLine id="r2l35" custom="readingOrder {index:34;}">
                <Coords points="290,4282 541,4262 683,4328 823,4304 997,4372 1105,4338 1576,4389 1584,4302 1516,4270 1293,4335 1217,4264 1073,4293 973,4236 868,4281 702,4225 651,4257 298,4203"/>
                <Baseline points="302,4254 365,4259 428,4264 492,4269 555,4276 619,4283 682,4290 745,4298 809,4306 872,4313 936,4321 999,4330 1062,4336 1126,4342 1189,4348 1253,4351 1316,4355 1379,4356 1443,4358 1506,4356 1570,4354"/>
                <TextEquiv>
                    <Unicode>lich seyn. Und so er es ihme bekenne, wolle er</Unicode>
                </TextEquiv>
            </TextLine>
            <TextLine id="r2l36" custom="readingOrder {index:35;}">
                <Coords points="314,4347 389,4402 494,4354 540,4396 710,4376 999,4461 1210,4436 1292,4487 1568,4460 1615,4409 1469,4419 1381,4370 1287,4420 1215,4351 1001,4393 818,4310 595,4321 538,4262 319,4297"/>
                <Baseline points="324,4342 387,4348 451,4352 515,4358 579,4365 643,4374 707,4383 771,4391 835,4399 899,4409 963,4418 1026,4426 1090,4433 1154,4440 1218,4444 1282,4449 1346,4452 1410,4454 1474,4452 1538,4450 1602,4446"/>
                <TextEquiv>
                    <Unicode>verschaffen, daß ihme keine straaff angefahn, uad</Unicode>
                </TextEquiv>
            </TextLine>
            <TextLine id="r2l37" custom="readingOrder {index:36;} place {offset:18; length:7;}">
                <Coords points="300,4468 411,4432 688,4503 747,4467 1046,4514 1092,4561 1428,4529 1525,4561 1598,4549 1605,4484 1499,4455 1421,4502 1209,4448 1034,4483 905,4414 731,4388 601,4422 480,4356 393,4401 313,4345"/>
                <Baseline points="314,4420 377,4425 441,4431 505,4438 569,4445 633,4454 696,4462 760,4472 824,4480 888,4490 952,4499 1015,4508 1079,4515 1143,4522 1207,4528 1271,4534 1334,4537 1398,4540 1462,4540 1526,4540 1590,4536"/>
                <TextEquiv>
                    <Unicode>Er nit einmahl zu brandiß eingesezt werde Wrd</Unicode>
                </TextEquiv>
            </TextLine>
            <TextLine id="r2l38" custom="readingOrder {index:37;}">
                <Coords points="279,4518 557,4538 677,4594 901,4582 1110,4645 1208,4612 1323,4678 1423,4643 1530,4674 1584,4645 1594,4557 1408,4533 1323,4581 1164,4537 1090,4569 1044,4529 976,4552 736,4477 672,4516 406,4432 284,4471"/>
                <Baseline points="290,4504 354,4509 418,4514 483,4521 547,4527 612,4535 676,4542 740,4552 805,4560 869,4569 934,4577 998,4586 1062,4593 1127,4601 1191,4607 1256,4614 1320,4620 1384,4624 1449,4628 1513,4630 1578,4630"/>
                <TextEquiv>
                    <Unicode>mittelst diesem faltschen vorgeben, habe er sich also zu</Unicode>
                </TextEquiv>
            </TextLine>
            <TextLine id="r2l39" custom="readingOrder {index:38;}">
                <Coords points="1124,4715 1186,4710 1228,4730 1262,4720 1289,4743 1317,4730 1359,4759 1416,4739 1436,4758 1470,4760 1480,4679 1446,4666 1427,4642 1354,4688 1278,4694 1168,4620 1135,4634"/>
                <Baseline points="1136,4690 1161,4693 1186,4698 1211,4702 1236,4706 1262,4709 1287,4712 1312,4716 1337,4719 1363,4722 1388,4724 1413,4727 1438,4729 1464,4730"/>
                <TextEquiv>
                    <Unicode>der mrichten</Unicode>
                </TextEquiv>
            </TextLine>
            <TextEquiv>
                <Unicode>der heß hinzu geruffen, als in deßen beglut
Es wart und dem fußforg nachgienge, dieser
bichtel schluge mit einem zum steben alsobald
mmb den votter zu. Wolche beide büchsel und
Haß duch henbes fractumeat ihm selangen
zur nit nach brandiß zu Lehren, ongrachtet sie
nach ohne wluhr hatten mit ihme in die statt beren
zum thor einem kommen mögen, dazumahl
übernachtetm sie zu Uingen tags hernach ferg
igten sie ihne in das schlaß brandiß.
e. ob er nit mehrd als 9 tr jubl entwendt haben.
R lein, Es seyen ward nach Mehrere in dem Lei
nene sacklig gewesen, allein er habe wlehr nit
als 9 darvon geomen.
e ob ihme jemand zu dem vernebten diebstahl
verholfen oder ob erd solchen entzig verbrachte
hate.
R er seye gantz entzig darmit umbgangen.
e. Auß waß ursach erd dann zu Brandis vorge-
geben, daß Hanns Rautenbergerd und Elsbeth
Scheidegger seine gewesene nlebend, diensten ihme
gecholffen diesemn dibstahl verneben. Ob ihne zu
dieser anklag gemand angestifftet habe.

e. Er habe ihne sonderbard niemand darzu anhge
iesen. Allein weilen dard Sammel hesß under
wege, da er ihne nach brandiß geführt, vorgegeben
Sie habind bey 30 jube erlehren, er Waldebi
ger hingegen nicht mehr als gedachte 9 stuck ge
nomen, Item habe er heßß dazumalen ihme
verdeütet, der Laubenberar und die Scheideggrn
seyen beide wnecklich im verhafft, hab ind albereit
beide bekennt, daß sie ihme zu dem diebstahl
behelblich gelasen, er solle daß en mur auch bekannt,
lich seyn. Und so er es ihme bekenne, wolle er
verschaffen, daß ihme keine straaff angefahn, uad
Er nit einmahl zu brandiß eingesezt werde Wrd
mittelst diesem faltschen vorgeben, habe er sich also zu
der mrichten</Unicode>
            </TextEquiv>
        </TextRegion>
        <TextRegion orientation="0.0" type="paragraph" id="r4" custom="readingOrder {index:1;} structure {type:paragraph;}">
            <Coords points="1906,852 1906,4721 3326,4721 3326,852"/>
            <TextLine id="r4l1" custom="readingOrder {index:0;}">
                <Coords points="3192,907 3223,912 3250,930 3299,919 3295,834 3279,829 3269,837 3244,831 3232,842 3222,839 3208,849 3189,851"/>
                <Baseline points="3200,900 3229,897 3258,895 3288,896"/>
                <TextEquiv>
                    <Unicode>73.</Unicode>
                </TextEquiv>
            </TextLine>
            <TextLine id="r4l2" custom="readingOrder {index:1;}">
                <Coords points="1947,1160 2179,1176 2801,1084 2999,1126 3263,1052 3257,972 3198,955 2921,1053 2669,1002 2479,1061 2247,1036 2156,1096 1942,1090"/>
                <Baseline points="1956,1156 2020,1146 2085,1139 2150,1132 2215,1126 2280,1120 2345,1116 2410,1112 2475,1106 2540,1103 2605,1098 2669,1095 2734,1091 2799,1088 2864,1082 2929,1077 2994,1073 3059,1067 3124,1061 3189,1055 3254,1046"/>
                <TextEquiv>
                    <Unicode>des unrechten anklag verliten laßen. Getochter</Unicode>
                </TextEquiv>
            </TextLine>
            <TextLine id="r4l3" custom="readingOrder {index:2;}">
                <Coords points="1961,1290 2108,1250 2179,1292 2259,1246 2319,1276 2415,1226 2647,1248 2756,1184 2907,1221 3259,1136 3255,1088 3167,1077 2882,1145 2725,1097 2619,1104 2557,1161 2435,1127 2344,1171 1951,1167"/>
                <Baseline points="1966,1246 2030,1238 2094,1230 2158,1222 2222,1216 2287,1210 2351,1205 2415,1199 2479,1196 2543,1190 2608,1186 2672,1181 2736,1178 2800,1173 2864,1169 2929,1164 2993,1159 3057,1155 3121,1150 3185,1143 3250,1136"/>
                <TextEquiv>
                    <Unicode>Erst habe ihm auch eingeführt auß gleicher verd</Unicode>
                </TextEquiv>
            </TextLine>
            <TextLine id="r4l4" custom="readingOrder {index:3;}">
                <Coords points="1956,1378 2113,1327 2207,1388 2287,1318 2417,1299 2629,1360 2872,1265 3082,1303 3179,1246 3277,1265 3272,1204 3173,1163 3058,1219 2948,1198 2894,1236 2819,1191 2594,1266 2413,1226 2347,1274 2268,1250 2177,1296 2109,1250 1950,1294"/>
                <Baseline points="1962,1344 2027,1337 2092,1329 2157,1322 2222,1316 2288,1311 2353,1305 2418,1299 2483,1295 2548,1291 2614,1287 2679,1282 2744,1278 2809,1273 2874,1268 2940,1264 3005,1258 3070,1253 3135,1246 3200,1240 3266,1230"/>
                <TextEquiv>
                    <Unicode>spuhung ihne ledig ze machen, daß er dord herren</Unicode>
                </TextEquiv>
            </TextLine>
            <TextLine id="r4l5" custom="readingOrder {index:4;} place {offset:14; length:7;}">
                <Coords points="1954,1458 2068,1433 2144,1475 2250,1415 2532,1385 2760,1422 3021,1360 3110,1412 3297,1334 3291,1247 3092,1305 2948,1255 2592,1369 2464,1311 2395,1374 2244,1349 2206,1389 2111,1327 1950,1392"/>
                <Baseline points="1962,1430 2028,1423 2094,1417 2160,1412 2227,1407 2293,1402 2359,1399 2426,1394 2492,1392 2558,1388 2625,1384 2691,1380 2757,1376 2823,1372 2890,1369 2956,1363 3022,1358 3089,1350 3155,1343 3221,1334 3288,1324"/>
                <TextEquiv>
                    <Unicode>landtvegt von brandiß nit sagen solle, daß er hesse</Unicode>
                </TextEquiv>
            </TextLine>
            <TextLine id="r4l6" custom="readingOrder {index:5;}">
                <Coords points="1950,1535 2554,1480 2716,1529 2777,1471 2854,1508 2990,1454 3115,1491 3168,1441 3319,1443 3314,1365 2925,1437 2857,1388 2778,1438 2576,1388 2402,1455 2248,1418 2200,1474 2051,1441 1947,1483"/>
                <Baseline points="1958,1522 2025,1516 2093,1509 2160,1503 2228,1499 2296,1494 2363,1489 2431,1486 2498,1482 2566,1479 2634,1476 2701,1472 2769,1469 2836,1464 2904,1460 2971,1455 3039,1450 3107,1445 3174,1439 3242,1432 3310,1422"/>
                <TextEquiv>
                    <Unicode>undervogt ihme die 6 juben abgenomen, sondern</Unicode>
                </TextEquiv>
            </TextLine>
            <TextLine id="r4l7" custom="readingOrder {index:6;}">
                <Coords points="1952,1637 2034,1605 2124,1656 2222,1593 2264,1624 2328,1577 2559,1560 2754,1630 2933,1555 3065,1604 3296,1527 3292,1451 3204,1438 3136,1499 2987,1456 2751,1542 2579,1482 2412,1530 2348,1503 2299,1558 2155,1513 2081,1564 1992,1530 1948,1562"/>
                <Baseline points="1960,1604 2026,1598 2092,1593 2159,1588 2225,1583 2292,1579 2358,1575 2424,1572 2491,1569 2557,1566 2624,1564 2690,1560 2756,1558 2823,1554 2889,1551 2956,1548 3022,1544 3088,1541 3155,1537 3221,1533 3288,1528"/>
                <TextEquiv>
                    <Unicode>daß er solches entbendle gaar zu hauß versteckt</Unicode>
                </TextEquiv>
            </TextLine>
            <TextLine id="r4l8" custom="readingOrder {index:7;}">
                <Coords points="1961,1707 2093,1670 2285,1708 2373,1660 2507,1722 2585,1650 2754,1642 2848,1699 2908,1651 3242,1642 3272,1571 2865,1622 2748,1582 2640,1627 2577,1584 2508,1633 2368,1589 2124,1656 2024,1619 1959,1667"/>
                <Baseline points="1968,1686 2032,1681 2097,1676 2162,1671 2227,1668 2292,1663 2357,1660 2422,1657 2487,1654 2552,1651 2617,1648 2681,1646 2746,1643 2811,1641 2876,1638 2941,1635 3006,1632 3071,1630 3136,1628 3201,1624 3266,1620"/>
                <TextEquiv>
                    <Unicode>abe. Welches er auch word dem herrn landvogt</Unicode>
                </TextEquiv>
            </TextLine>
            <TextLine id="r4l9" custom="readingOrder {index:8;}">
                <Coords points="1943,1788 2236,1770 2379,1826 2493,1743 2643,1801 2746,1738 2908,1771 2989,1719 3265,1697 3219,1626 2862,1705 2722,1654 2635,1702 2569,1667 2501,1725 2367,1663 2270,1722 2210,1673 2081,1738 2021,1698 1940,1737"/>
                <Baseline points="1950,1778 2015,1774 2080,1769 2145,1766 2211,1762 2276,1758 2341,1756 2407,1753 2472,1750 2537,1746 2603,1744 2668,1741 2733,1738 2798,1734 2864,1730 2929,1726 2994,1721 3060,1716 3125,1711 3190,1705 3256,1698"/>
                <TextEquiv>
                    <Unicode>also gesagt, in abreyn deß haßßan, ohne daß erd</Unicode>
                </TextEquiv>
            </TextLine>
            <TextLine id="r4l10" custom="readingOrder {index:9;}">
                <Coords points="2542,1879 2580,1845 2664,1831 2766,1902 2836,1844 2932,1816 3024,1814 3103,1857 3174,1809 3247,1807 3240,1711 3160,1712 3099,1761 3019,1751 2944,1789 2856,1743 2783,1791 2718,1761 2659,1816 2536,1803"/>
                <Baseline points="2548,1852 2582,1848 2617,1844 2651,1841 2686,1837 2720,1835 2755,1832 2789,1830 2824,1827 2858,1824 2893,1823 2927,1819 2962,1816 2996,1814 3031,1812 3065,1809 3100,1808 3134,1805 3169,1801 3203,1798 3238,1794"/>
                <TextEquiv>
                    <Unicode>Er haßs aber habe</Unicode>
                </TextEquiv>
            </TextLine>
            <TextLine id="r4l11" custom="readingOrder {index:10;}">
                <Coords points="1938,1868 2032,1858 2062,1885 2120,1852 2253,1851 2305,1893 2387,1859 2441,1897 2531,1850 2530,1805 2484,1781 2374,1823 2338,1799 2295,1815 2247,1781 2197,1802 2144,1769 2086,1818 2042,1790 1999,1812 1970,1787 1936,1800"/>
                <Baseline points="1946,1862 1974,1860 2003,1859 2032,1856 2061,1854 2090,1853 2118,1852 2147,1850 2176,1850 2205,1848 2234,1847 2262,1846 2291,1846 2320,1845 2349,1844 2378,1844 2406,1844 2435,1844 2464,1843 2493,1842 2522,1842"/>
                <TextEquiv>
                    <Unicode>selbiges wirdersprochen.</Unicode>
                </TextEquiv>
            </TextLine>
            <TextLine id="r4l12" custom="readingOrder {index:11;}">
                <Coords points="1952,1976 2040,1948 2112,2012 2224,1937 2571,1930 2676,1989 2750,1929 2990,1908 3218,1951 3319,1897 3316,1807 2758,1904 2679,1834 2437,1902 2389,1863 2267,1911 2145,1852 1949,1887"/>
                <Baseline points="1960,1940 2027,1938 2095,1936 2162,1936 2230,1934 2297,1934 2365,1932 2432,1932 2500,1930 2567,1928 2635,1926 2702,1925 2770,1922 2837,1920 2905,1916 2972,1913 3040,1909 3107,1905 3175,1899 3242,1892 3310,1886"/>
                <TextEquiv>
                    <Unicode>wobald hernach die 6 duben auß dem wihrtshaut</Unicode>
                </TextEquiv>
            </TextLine>
            <TextLine id="r4l13" custom="readingOrder {index:12;}">
                <Coords points="1952,2042 2317,2080 2467,2021 2698,2050 2927,2015 3078,2055 3169,2003 3296,2013 3295,1960 3174,1913 2909,1986 2755,1946 2650,2004 2465,2007 2265,1935 2115,2007 1951,1983"/>
                <Baseline points="1960,2032 2026,2029 2092,2028 2158,2026 2225,2026 2291,2026 2357,2026 2424,2026 2490,2026 2556,2026 2623,2024 2689,2024 2755,2024 2821,2022 2888,2019 2954,2016 3020,2012 3087,2007 3153,2000 3219,1994 3286,1984"/>
                <TextEquiv>
                    <Unicode>von antzehfliche in einem säcblin dem herren</Unicode>
                </TextEquiv>
            </TextLine>
            <TextLine id="r4l14" custom="readingOrder {index:13;}">
                <Coords points="1939,2125 2128,2180 2297,2123 3054,2164 3116,2108 3328,2085 3296,2009 3045,2065 2654,2027 2565,2100 2507,2049 2312,2095 2041,2025 1938,2072"/>
                <Baseline points="1948,2126 2016,2124 2085,2122 2153,2122 2222,2122 2290,2122 2359,2122 2427,2122 2496,2123 2564,2124 2633,2124 2701,2124 2770,2122 2838,2121 2907,2120 2975,2116 3044,2112 3112,2106 3181,2100 3249,2091 3318,2082"/>
                <TextEquiv>
                    <Unicode>landvogt zugesendt, mit vordenten ed habe selbig</Unicode>
                </TextEquiv>
            </TextLine>
            <TextLine id="r4l15" custom="readingOrder {index:14;} person {offset:9; length:4;}">
                <Coords points="1934,2272 2138,2209 2221,2276 2307,2214 2578,2253 2623,2218 2714,2277 2771,2226 3025,2205 3147,2254 3213,2195 3331,2193 3329,2084 2941,2189 2592,2180 2470,2126 2350,2178 2278,2136 1933,2186"/>
                <Baseline points="1942,2216 2011,2214 2080,2214 2149,2212 2218,2212 2287,2212 2356,2214 2425,2214 2494,2216 2563,2216 2632,2216 2701,2216 2770,2216 2839,2216 2908,2214 2977,2210 3046,2208 3115,2202 3184,2194 3253,2187 3322,2178"/>
                <TextEquiv>
                    <Unicode>sae ihme Ulli undertegs abgenommen, nachtoerts</Unicode>
                </TextEquiv>
            </TextLine>
            <TextLine id="r4l16" custom="readingOrder {index:15;}">
                <Coords points="1933,2354 2052,2305 2196,2354 2468,2310 2574,2364 2654,2308 2874,2376 3010,2324 3147,2364 3238,2294 3326,2338 3326,2223 3149,2259 2971,2221 2837,2299 2660,2225 2581,2256 2454,2216 2254,2282 2115,2221 2061,2272 1933,2272"/>
                <Baseline points="1942,2310 2010,2306 2079,2304 2148,2304 2217,2304 2286,2304 2354,2305 2423,2306 2492,2308 2561,2310 2630,2312 2698,2314 2767,2314 2836,2315 2905,2314 2974,2314 3042,2310 3111,2308 3180,2303 3249,2296 3318,2288"/>
                <TextEquiv>
                    <Unicode>habe der herr landtvogt ihme nichts glehr glauben</Unicode>
                </TextEquiv>
            </TextLine>
            <TextLine id="r4l17" custom="readingOrder {index:16;}">
                <Coords points="1944,2406 1995,2409 2005,2400 2023,2417 2040,2409 2084,2434 2129,2407 2139,2408 2138,2360 2098,2354 2055,2323 2008,2363 1965,2334 1943,2340"/>
                <Baseline points="1952,2404 1977,2401 2002,2400 2028,2400 2053,2398 2079,2398 2104,2399 2130,2398"/>
                <TextEquiv>
                    <Unicode>wollen.</Unicode>
                </TextEquiv>
            </TextLine>
            <TextLine id="r4l18" custom="readingOrder {index:17;}">
                <Coords points="1927,2555 2553,2534 2662,2615 2869,2549 3299,2575 3300,2462 3156,2476 3100,2435 2856,2494 2639,2425 2564,2471 2380,2429 2181,2481 1928,2456"/>
                <Baseline points="1936,2540 2003,2537 2071,2536 2139,2534 2206,2534 2274,2534 2342,2534 2409,2534 2477,2534 2545,2535 2613,2536 2680,2538 2748,2538 2816,2540 2883,2542 2951,2543 3019,2544 3086,2546 3154,2546 3222,2548 3290,2548"/>
                <TextEquiv>
                    <Unicode>repliciert. Aß alles hatte ihne noch nit verlien.</Unicode>
                </TextEquiv>
            </TextLine>
            <TextLine id="r4l19" custom="readingOrder {index:18;}">
                <Coords points="1943,2641 2102,2632 2167,2684 2278,2631 2632,2675 2680,2633 2763,2706 2842,2635 2934,2685 3042,2642 3233,2679 3269,2604 3138,2556 2631,2603 2550,2536 2377,2608 2294,2545 2121,2607 1944,2555"/>
                <Baseline points="1952,2628 2017,2628 2082,2630 2148,2630 2213,2630 2279,2632 2344,2632 2409,2632 2475,2632 2540,2634 2606,2634 2671,2634 2736,2635 2802,2636 2867,2636 2933,2636 2998,2638 3063,2638 3129,2639 3194,2640 3260,2642"/>
                <TextEquiv>
                    <Unicode>sollen inschuld igr personenn fallschlich zu beklagen</Unicode>
                </TextEquiv>
            </TextLine>
            <TextLine id="r4l20" custom="readingOrder {index:19;}">
                <Coords points="1942,2729 2273,2728 2425,2796 2560,2730 2695,2800 2779,2741 2876,2788 3002,2739 3094,2801 3317,2736 3318,2672 3145,2710 3042,2642 2928,2684 2842,2636 2757,2706 2678,2634 2625,2677 2547,2643 2250,2708 1943,2654"/>
                <Baseline points="1950,2722 2017,2722 2085,2724 2153,2724 2221,2726 2289,2726 2357,2726 2425,2728 2493,2729 2561,2730 2629,2732 2696,2732 2764,2734 2832,2734 2900,2734 2968,2736 3036,2736 3104,2738 3172,2738 3240,2738 3308,2738"/>
                <TextEquiv>
                    <Unicode>und in außerste schand und gnab zu Bringen, ob</Unicode>
                </TextEquiv>
            </TextLine>
            <TextLine id="r4l21" custom="readingOrder {index:20;}">
                <Coords points="1935,2823 2060,2876 2228,2823 2410,2884 2515,2863 2570,2890 2745,2837 2814,2890 2971,2826 2798,2747 2688,2804 2533,2735 2430,2798 2272,2728 2176,2800 2106,2760 1936,2760"/>
                <Baseline points="1944,2818 1994,2820 2045,2820 2096,2820 2147,2822 2198,2822 2249,2822 2300,2822 2351,2822 2402,2822 2453,2822 2503,2822 2554,2822 2605,2824 2656,2824 2707,2824 2758,2824 2809,2825 2860,2826 2911,2826 2962,2828"/>
                <TextEquiv>
                    <Unicode>er ihnen eann gehäßig gewofen.</Unicode>
                </TextEquiv>
            </TextLine>
            <TextLine id="r4l22" custom="readingOrder {index:21;} person {offset:3; length:4;}">
                <Coords points="1927,2970 2044,2935 2164,2997 2260,2946 2484,3011 2689,2945 3001,3017 3190,2952 3305,2978 3335,2902 2879,2857 2743,2916 2385,2862 2248,2908 2152,2847 2059,2878 1929,2828"/>
                <Baseline points="1936,2938 2005,2938 2075,2938 2144,2940 2214,2940 2283,2941 2353,2942 2422,2942 2492,2943 2561,2944 2631,2944 2700,2946 2770,2946 2839,2946 2909,2948 2978,2948 3048,2949 3117,2950 3187,2950 3256,2952 3326,2952"/>
                <TextEquiv>
                    <Unicode>Hr Klin, er seye ihnen nit fast gehäßig gewrsen.</Unicode>
                </TextEquiv>
            </TextLine>
            <TextLine id="r4l23" custom="readingOrder {index:22;}">
                <Coords points="1914,3074 2371,3056 2558,3128 2754,3059 2983,3114 3044,3069 3239,3089 3307,3065 3308,3016 3063,2993 2933,3040 2580,2986 2507,3028 2344,2988 2239,3032 2091,2956 1915,3006"/>
                <Baseline points="1924,3054 1992,3054 2061,3054 2130,3054 2198,3054 2267,3054 2336,3054 2404,3056 2473,3056 2542,3056 2611,3058 2679,3058 2748,3059 2817,3060 2885,3062 2954,3062 3023,3064 3091,3064 3160,3066 3229,3068 3298,3068"/>
                <TextEquiv>
                    <Unicode>repliciert, Es scheine doch in alllorg, ob wäre erd</Unicode>
                </TextEquiv>
            </TextLine>
            <TextLine id="r4l24" custom="readingOrder {index:23;}">
                <Coords points="1927,3169 2095,3145 2244,3203 2311,3158 2652,3141 2826,3215 2983,3132 3193,3178 3312,3149 3312,3112 3183,3131 3091,3066 2901,3105 2722,3059 2582,3127 2370,3056 2044,3109 1928,3064"/>
                <Baseline points="1936,3140 2004,3142 2072,3144 2141,3144 2209,3146 2278,3146 2346,3148 2414,3148 2483,3148 2551,3148 2620,3148 2688,3148 2756,3148 2825,3148 2893,3148 2962,3148 3030,3148 3098,3148 3167,3148 3235,3150 3304,3150"/>
                <TextEquiv>
                    <Unicode>ihnen keind gebesen, songeren hatte er nit können</Unicode>
                </TextEquiv>
            </TextLine>
            <TextLine id="r4l25" custom="readingOrder {index:24;}">
                <Coords points="1918,3281 2072,3234 2312,3286 2596,3245 2736,3308 3035,3249 3329,3272 3330,3193 3268,3151 3072,3190 3008,3144 2809,3227 2612,3222 2498,3165 2428,3197 2310,3159 2219,3215 2096,3146 1920,3179"/>
                <Baseline points="1928,3230 1997,3232 2067,3234 2136,3236 2206,3236 2276,3238 2345,3240 2415,3240 2484,3242 2554,3242 2624,3244 2693,3244 2763,3246 2832,3246 2902,3246 2972,3248 3041,3248 3111,3248 3180,3248 3250,3248 3320,3248"/>
                <TextEquiv>
                    <Unicode>zuschauen, als sie deßenwwegen gestreckt worden.</Unicode>
                </TextEquiv>
            </TextLine>
            <TextLine id="r4l26" custom="readingOrder {index:25;} person {offset:14; length:12;}">
                <Coords points="1927,3382 2342,3349 2535,3371 2618,3432 2741,3357 2926,3422 3265,3393 3265,3351 3047,3280 2901,3279 2813,3333 2665,3328 2510,3253 2345,3318 2281,3268 1929,3316"/>
                <Baseline points="1936,3350 2002,3350 2068,3350 2134,3350 2200,3350 2266,3350 2332,3352 2398,3352 2464,3354 2530,3354 2596,3356 2662,3357 2728,3359 2794,3360 2860,3362 2926,3364 2992,3368 3058,3369 3124,3372 3190,3374 3256,3378"/>
                <TextEquiv>
                    <Unicode>. Er habe dem Loutmnberger ganz entschlagen.</Unicode>
                </TextEquiv>
            </TextLine>
            <TextLine id="r4l27" custom="readingOrder {index:26;}">
                <Coords points="1918,3493 2072,3468 2144,3518 2393,3451 2496,3519 2552,3472 3048,3505 3122,3474 3072,3424 2927,3439 2840,3360 2737,3360 2612,3435 2331,3375 2166,3369 2052,3421 2006,3374 1920,3395"/>
                <Baseline points="1928,3442 1987,3445 2046,3446 2105,3448 2165,3448 2224,3450 2283,3452 2343,3452 2402,3453 2461,3454 2521,3455 2580,3456 2639,3456 2698,3458 2758,3458 2817,3460 2876,3462 2936,3462 2995,3464 3054,3466 3114,3468"/>
                <TextEquiv>
                    <Unicode>gehabt, eher beford erd gemarteret worden.</Unicode>
                </TextEquiv>
            </TextLine>
            <TextLine id="r4l28" custom="readingOrder {index:27;} person {offset:18; length:13;}">
                <Coords points="1897,3610 2139,3579 2281,3653 2371,3585 2518,3637 2566,3600 2653,3658 2773,3594 3012,3585 3243,3672 3296,3646 3299,3525 3018,3518 2932,3573 2786,3567 2652,3483 2496,3527 2405,3455 2229,3530 1899,3490"/>
                <Baseline points="1906,3576 1975,3576 2044,3576 2113,3576 2182,3578 2251,3578 2320,3580 2389,3582 2458,3582 2527,3584 2597,3586 2666,3588 2735,3590 2804,3592 2873,3594 2942,3596 3011,3596 3080,3598 3149,3600 3218,3601 3288,3602"/>
                <TextEquiv>
                    <Unicode>e. warumb erh die Scheideggeren zum weystern</Unicode>
                </TextEquiv>
            </TextLine>
            <TextLine id="r4l29" custom="readingOrder {index:28;}">
                <Coords points="1921,3701 2160,3685 2215,3732 2256,3692 2544,3677 2967,3755 3263,3687 3196,3626 3099,3659 3002,3585 2873,3583 2732,3662 2432,3591 2277,3658 2185,3586 1923,3618"/>
                <Baseline points="1930,3670 1996,3670 2062,3670 2128,3671 2194,3672 2261,3672 2327,3674 2393,3676 2459,3677 2525,3678 2592,3680 2658,3682 2724,3684 2790,3686 2856,3686 2923,3688 2989,3690 3055,3690 3121,3691 3187,3692 3254,3692"/>
                <TextEquiv>
                    <Unicode>ahl beklagt und wiederumb entschlagen habe.</Unicode>
                </TextEquiv>
            </TextLine>
            <TextLine id="r4l30" custom="readingOrder {index:29;} place {offset:23; length:7;}">
                <Coords points="1902,3817 2302,3795 2384,3859 2586,3782 2923,3796 2999,3849 3062,3801 3126,3849 3294,3800 3295,3763 3189,3720 2990,3778 2811,3724 2746,3764 2677,3715 2269,3770 2099,3710 1903,3765"/>
                <Baseline points="1912,3784 1980,3784 2049,3784 2118,3784 2186,3784 2255,3786 2324,3786 2392,3787 2461,3788 2530,3790 2599,3790 2667,3792 2736,3793 2805,3794 2873,3796 2942,3797 3011,3798 3079,3800 3148,3800 3217,3802 3286,3802"/>
                <TextEquiv>
                    <Unicode>e. Weilen mann ihme zu Brandiß nichts habe</Unicode>
                </TextEquiv>
            </TextLine>
            <TextLine id="r4l31" custom="readingOrder {index:30;}">
                <Coords points="1918,3879 2013,3871 2086,3927 2257,3871 2612,3929 2805,3900 2865,3964 3146,3895 3312,3929 3314,3872 3169,3810 3059,3881 2713,3819 2604,3861 2509,3798 2421,3863 2281,3812 2127,3850 2048,3794 1920,3825"/>
                <Baseline points="1928,3866 1996,3868 2065,3871 2134,3873 2203,3876 2272,3878 2340,3880 2409,3883 2478,3886 2547,3888 2616,3890 2684,3893 2753,3894 2822,3896 2891,3898 2960,3898 3028,3900 3097,3900 3166,3900 3235,3900 3304,3900"/>
                <TextEquiv>
                    <Unicode>wollen auß seinen reden laßen gehen und daran</Unicode>
                </TextEquiv>
            </TextLine>
            <TextLine id="r4l32" custom="readingOrder {index:31;}">
                <Coords points="1925,3976 2473,3975 2648,4047 2820,3988 2968,4054 3144,3972 3312,3998 3314,3927 3146,3895 2866,3964 2804,3900 2539,3902 2371,3949 2261,3871 2185,3932 2012,3871 1926,3915"/>
                <Baseline points="1934,3956 2002,3958 2071,3962 2139,3964 2208,3967 2276,3969 2345,3972 2413,3974 2482,3976 2550,3978 2619,3980 2687,3982 2756,3983 2824,3984 2893,3984 2961,3986 3030,3986 3098,3985 3167,3984 3235,3984 3304,3982"/>
                <TextEquiv>
                    <Unicode>nit kommen, wann er die wahrheit angezeigt. item</Unicode>
                </TextEquiv>
            </TextLine>
            <TextLine id="r4l33" custom="readingOrder {index:32;}">
                <Coords points="1903,4057 2103,4054 2210,4109 2260,4062 2439,4082 2512,4136 2625,4077 3250,4109 3294,4022 3051,3996 2964,4056 2901,4006 2647,4053 2549,3984 2097,4030 2034,3976 1905,3981"/>
                <Baseline points="1912,4042 1980,4045 2049,4048 2117,4050 2186,4054 2255,4056 2323,4060 2392,4062 2460,4066 2529,4068 2598,4070 2666,4072 2735,4074 2803,4076 2872,4076 2941,4077 3009,4078 3078,4078 3146,4076 3215,4076 3284,4074"/>
                <TextEquiv>
                    <Unicode>Weilen mann einem weit großeren verlurst geklagt</Unicode>
                </TextEquiv>
            </TextLine>
            <TextLine id="r4l34" custom="readingOrder {index:33;}">
                <Coords points="1923,4146 2639,4146 2827,4219 2953,4153 3285,4168 3230,4089 3126,4081 3005,4113 2905,4080 2769,4135 2525,4065 2396,4122 2264,4063 2208,4112 2024,4060 1925,4097"/>
                <Baseline points="1932,4124 1999,4126 2066,4128 2133,4131 2200,4132 2268,4136 2335,4138 2402,4140 2469,4144 2536,4146 2604,4150 2671,4152 2738,4154 2805,4158 2872,4160 2940,4161 3007,4162 3074,4164 3141,4164 3208,4164 3276,4164"/>
                <TextEquiv>
                    <Unicode>als erd mit denen 9 jubl verursachet. Also habe</Unicode>
                </TextEquiv>
            </TextLine>
            <TextLine id="r4l35" custom="readingOrder {index:34;}">
                <Coords points="1930,4212 2099,4219 2154,4269 2392,4223 2603,4304 2710,4238 2938,4318 3234,4302 3238,4207 3151,4161 3043,4192 2975,4152 2841,4220 2646,4145 2191,4183 2089,4125 1933,4150"/>
                <Baseline points="1940,4206 2004,4208 2068,4210 2132,4213 2197,4216 2261,4218 2325,4220 2390,4222 2454,4225 2518,4228 2583,4231 2647,4234 2711,4236 2775,4239 2840,4242 2904,4246 2968,4248 3033,4252 3097,4254 3161,4256 3226,4260"/>
                <TextEquiv>
                    <Unicode>er sich eingebildet desto ehender auß der sach zu</Unicode>
                </TextEquiv>
            </TextLine>
            <TextLine id="r4l36" custom="readingOrder {index:35;}">
                <Coords points="1932,4317 1944,4317 1968,4295 2016,4295 2044,4317 2075,4311 2084,4302 2105,4307 2106,4270 2078,4269 2013,4222 2006,4227 1989,4209 1970,4220 1935,4226"/>
                <Baseline points="1942,4288 1967,4287 1993,4288 2019,4288 2044,4290 2070,4292 2096,4290"/>
                <TextEquiv>
                    <Unicode>uen</Unicode>
                </TextEquiv>
            </TextLine>
            <TextLine id="r4l37" custom="readingOrder {index:36;}">
                <Coords points="1911,4397 2126,4387 2198,4449 2276,4408 2334,4454 2512,4404 3288,4444 3289,4388 3096,4336 2736,4363 2640,4317 2447,4374 2312,4298 2191,4362 2123,4302 1913,4324"/>
                <Baseline points="1920,4386 1988,4386 2056,4386 2124,4386 2192,4388 2260,4388 2328,4390 2396,4392 2464,4394 2532,4397 2600,4399 2668,4402 2736,4405 2804,4409 2872,4410 2940,4414 3008,4418 3076,4420 3144,4422 3212,4424 3280,4426"/>
                <TextEquiv>
                    <Unicode>Diß ist nug darjenige, waß mit diesem kerlver</Unicode>
                </TextEquiv>
            </TextLine>
            <TextLine id="r4l38" custom="readingOrder {index:37;}">
                <Coords points="1922,4475 1991,4514 2069,4466 2244,4499 2304,4464 2835,4536 3021,4503 3024,4418 2925,4456 2686,4407 2523,4455 2400,4410 2182,4439 2048,4382 1924,4435"/>
                <Baseline points="1932,4466 1986,4464 2040,4464 2094,4464 2148,4466 2202,4466 2256,4468 2310,4470 2364,4472 2418,4474 2472,4476 2526,4480 2580,4482 2634,4485 2688,4488 2742,4489 2796,4492 2850,4494 2904,4495 2958,4496 3012,4496"/>
                <TextEquiv>
                    <Unicode>erichtet worden e  e obstat.</Unicode>
                </TextEquiv>
            </TextLine>
            <TextLine id="r4l39" custom="readingOrder {index:38;}">
                <Coords points="2808,4700 2933,4705 2956,4693 2997,4710 3048,4705 3076,4728 3133,4705 3166,4722 3227,4694 3267,4700 3267,4668 3135,4651 3048,4574 2989,4581 2959,4555 2877,4630 2808,4625"/>
                <Baseline points="2816,4694 2842,4695 2868,4696 2894,4698 2920,4698 2946,4698 2972,4698 2998,4698 3024,4696 3050,4696 3076,4696 3102,4695 3128,4694 3154,4694 3180,4696 3206,4696 3232,4698 3258,4700"/>
                <TextEquiv>
                    <Unicode>s oamin</Unicode>
                </TextEquiv>
            </TextLine>
            <TextEquiv>
                <Unicode>73.
des unrechten anklag verliten laßen. Getochter
Erst habe ihm auch eingeführt auß gleicher verd
spuhung ihne ledig ze machen, daß er dord herren
landtvegt von brandiß nit sagen solle, daß er hesse
undervogt ihme die 6 juben abgenomen, sondern
daß er solches entbendle gaar zu hauß versteckt
abe. Welches er auch word dem herrn landvogt
also gesagt, in abreyn deß haßßan, ohne daß erd
Er haßs aber habe
selbiges wirdersprochen.
wobald hernach die 6 duben auß dem wihrtshaut
von antzehfliche in einem säcblin dem herren
landvogt zugesendt, mit vordenten ed habe selbig
sae ihme Ulli undertegs abgenommen, nachtoerts
habe der herr landtvogt ihme nichts glehr glauben
wollen.
repliciert. Aß alles hatte ihne noch nit verlien.
sollen inschuld igr personenn fallschlich zu beklagen
und in außerste schand und gnab zu Bringen, ob
er ihnen eann gehäßig gewofen.
Hr Klin, er seye ihnen nit fast gehäßig gewrsen.
repliciert, Es scheine doch in alllorg, ob wäre erd
ihnen keind gebesen, songeren hatte er nit können
zuschauen, als sie deßenwwegen gestreckt worden.
. Er habe dem Loutmnberger ganz entschlagen.
gehabt, eher beford erd gemarteret worden.
e. warumb erh die Scheideggeren zum weystern
ahl beklagt und wiederumb entschlagen habe.
e. Weilen mann ihme zu Brandiß nichts habe
wollen auß seinen reden laßen gehen und daran
nit kommen, wann er die wahrheit angezeigt. item
Weilen mann einem weit großeren verlurst geklagt
als erd mit denen 9 jubl verursachet. Also habe
er sich eingebildet desto ehender auß der sach zu
uen
Diß ist nug darjenige, waß mit diesem kerlver
erichtet worden e  e obstat.
s oamin</Unicode>
            </TextEquiv>
        </TextRegion>
    </Page>
</PcGts>
