3024 4032
145 442 308 564 2l
265 561 1385 675 fornierte, Deittend an dem einderen till des
258 658 1386 802 haupts bey der sacturas Landaites oder drch frichten
248 722 1334 869 klagt fanden wird wenigstend zusey dder drg
243 808 1376 935 solcher dumpfen in der hirnschalen, Da wir
243 893 1355 1018 dann umb die sach beßdar uind usehen die integumen
231 962 1310 1089 ta und das Cranium selbsten Grosonrt, und
229 1043 1358 1164 viertand an beiden orten dieser dumpfen undere
233 1122 1200 1261 der hirnn schaln gestacktet blut gefunden.
217 1223 1308 1337 funfftens haben wird die lungen genommen und in
228 1290 1339 1433 einen düber voll waßer gerahn, diese gienge
212 1358 1334 1469 nicht zu Bader, sonder schwinnele ob dem Waßer
159 1469 1362 1609 Wird vlucht maßen, daß dieser dumpf von dem griß
190 1562 1356 1694 Henre handseyen in die hienschalen eingetruckt wod
171 1637 1350 1805 Den und sward habe der dann den vorderen dumpf
184 1736 1322 1869 die übrige finger aber die andere dumpf vermr
154 1807 321 1935 glecht.
157 1908 1311 2067 hierauß schließen wid, daß erstlich dieses kindt
137 2002 1298 2134 bebendig seye an das wolt liecht gebohren worden,
142 2094 1309 2234 hernach aber gwallttähtiger weis umb das leben
132 2194 355 2283 gekommen.
111 2289 375 2455 Sheit
576 2338 1085 2512 Aistinbah MM.
565 2451 1198 2600 N. Wernar Crgpurg.
2498 596 2627 678 125
