3024 4032
281 554 1358 714 Daß er sonsten sein leben tag gar keinen
299 650 1370 789 diebstahl begangen und zu dieser großen
283 742 1331 850 Übelthat von dem Philis, dem Berber
293 819 1358 949 Franz schlach bek und Bapen Fridel
284 897 1348 997 verleidet und so zusagen gezloungen
273 971 1343 1097 worden, dan, weil er dem rahteschlag
267 1047 1349 1187 beygebohnt, habe er s obwohl er es öffters
281 1118 1351 1261 zu sim genomen nit zuruk bltiben
270 1200 1337 1356 dörfen sonsten er vor ihnen seines lebens
266 1292 1323 1424 nit sicher gebesen. Diesere habind sich
258 1356 1339 1510 als meyster und Stincipali aufgeführt
259 1458 1348 1610 und ihme und denen drey anderen das gelt
242 1518 1316 1668 zutragen aufgeladen, damit jent im
234 1604 1352 1747 fehl nachjagens desto leichter hatten
233 1694 733 1820 entflichen können.
790 1694 1304 1841 Letstlicd. bolke
223 1779 1329 1943 dieser keine Persohn in der von Zurichtingen
219 1875 1333 2037 langten verzeichnus keunen als den wardieli
213 1944 1318 2070 genant Grandenburgerli mit deme er
218 2037 1330 2167 einmahlen zu Stohehauben streit gehabten
202 2099 1322 2266 und der ohne zu einem diebstohl anfuhren
206 2183 466 2289 bollen.
581 2199 1156 2346 Actum obstahl.
130 502 231 626 13.
2516 545 2635 657 19.
1771 588 2630 779 Gelandnnß und Vergut
1822 722 2471 845 des Johannes Welz
1644 794 2622 941 genant Wygen Hanch, gebürtig von
1651 864 2622 1026 Höchstetten obenhar donan wert von
1642 939 2306 1055 26 a 27 jahren alters.
1550 1096 2616 1272 Dieser Kerl Johannes Welz sich bis auf
1587 1205 2648 1341 die letste Johaunrs Schech neümend, ist auch
1581 1279 2652 1415 als ein mitthater des in dem pfrundhaus
1576 1365 2627 1506 zu Stugen den 30. julii ersthin beschehene
1546 1435 2639 1587 nächtlichen einbruchs mit vorgedachterer
1555 1515 2606 1666 Riderich Auguod Gotthardt Linder zu
1552 1604 2652 1761 klein giningen auf gethane erforderliche
1564 1701 2644 1821 anstalten behändiget von Loben imm stand
1540 1770 2654 1926 Basel zu allhiesigen oberkeidlichen banden
1572 1845 2665 2019 außgeliferet und hergeführt, folglich über
1568 1941 2655 2063 angezogenen Namhafften Raub und andere
1508 2031 2644 2160 Berübte Mißekhaten beides von meinem
1557 2107 2640 2238 Bochgefheten herren riachtsherren jenner
1558 2171 2676 2322 als hierzu vernamseten herren pocaminator
1556 2255 2654 2418 die auch hr ge dienere mutthh daro
1534 2349 2671 2511 Weibel Wurstemberger und gricht schride
1536 2418 2623 2566 hern Tschiffeli nicht allem in der gute und
1539 2505 2652 2643 ernstwortig, sonder burklich angebrudter
1537 2587 2659 2742 lahren Marter de 15. septbris 192 26eb
1533 2683 2610 2822 29. Novebris 8 l 11 und 14 decbris
1531 2776 2643 2921 ao 1728 siemit zu öffteren mahlen ea
1526 2840 2655 3000 miniet worden, welcher dan nach beschrieben
1550 2932 2618 3078 Erkantnus und Verricht ertheilt und
1523 3021 1950 3155 abgestattet hab.
1509 3153 2633 3344 Erstlich: Sohat dieser Johannes Welz
1512 3287 2638 3437 Angezeigt, daß sein vatter namens Caspar
1508 3364 2644 3550 Welch von underhochstetten seye vor langsten
2299 3520 2626 3673 verstorbentc.
