3024 4032
301 582 685 706 und versambt
274 704 1352 860 3. Von dieserm gemachten falschen gelt habe er
283 792 1371 939 des wihrt Heyingers tachtermann ohnlont satt satten
268 866 1358 1017 3. ddar 3. orentersolo und seinem schwäserd und zu
266 954 1354 1082 suchster d 30 solb und d dopgelt Picctlin und
259 1033 1367 1151 bey dem Neutohauß auch 2 Doppeltr Piecetlin geben,
277 1100 1319 1250 darfür er nichts ald bey Nlatt stittag einem ernnt
268 1180 1347 1322 und wwaß Sfiß und zu Buchter 2 Frenberob
275 1270 1342 1404 und ein einfach pieretlin gut gelt empfangen habe
263 1367 1332 1498 einem schneider von Schwarzenburg, des in lautsch
263 1439 1325 1566 land gerei�t, habe er m oder m trentesolo
262 1519 1316 1659 zugestellt, darfnr selbiges ihme eine arti bezahlt,
255 1605 1345 1743 find mlagd zu Urthenen, allda er übernachtet, habe
247 1704 1321 1822 e d. trento solo, so ihme auf dem boden gefallen,
255 1771 1281 1901 zum trinwgelt gelaßen und 2 30 solo deß
243 1858 1331 1982 Ruderen bannd Tachtermann bey des zihl bruge
238 1922 1315 2072 gegeben, der ihme etwann 5 bz darfür tut,
543 2014 1314 2139 etliche Diectlin habe Er auch dem
218 2035 406 2129 richtet,
210 2083 1345 2232 wihrt vomn Jegensterk durch dem gebrauchtem bottschafft,
218 2167 1336 2318 Trages Namans Christen Schundt zum Muster
612 2245 1288 2395 alles übrige aber, wie gesagt,
240 2263 610 2396 überschickt;
209 2356 1096 2487 hintegg und ins waßer geworffen.
196 2439 767 2618 ext ctum ut suprau
121 504 226 602 960
2528 524 2632 613 55.
1505 580 2637 751 Aber anetstehende stinimal procedur des
1507 685 2617 839 Faltsch Munzer Christen Arms habend Nel
1508 788 2627 919 und oberen r n B denselben nicht nach der
1511 872 2644 1011 schäefft ansehen, sondern milter dingen ihne
1525 945 2629 1087 dahin verfelt haben holben, daß er lebenslang
1522 1037 2648 1167 ins rhallnn werk mit einer fisernen kelen
1504 1118 2637 1254 ag de kaeren geschmidet, ihme zu keiner
1522 1192 2587 1328 gnad der acceso ertheilt und daselbsten
1511 1278 2609 1411 Waler zur arbeit angehalten werden solle
1852 1365 2083 1496 del
1505 1408 2638 1586 An mittha 3 Groß weibel Wurstemberger
1511 1523 2625 1675 und gricht schreiber Sschisfeli sie obiger
1512 1607 2613 1744 erkantnus zu berichten mit befelch ihme
1514 1693 2658 1829 Urii die hoch oberkeitliche gnaden urtheil
1506 1768 2677 1916 zu er�fnen und dem herren schallenhanß Ingei
1492 1850 2380 2014 Jor Meley übergeben zu loßen.
1502 1983 2650 2122 gldel an muhlen Banherren mutach ihne
1525 2077 2640 2233 auch obigte erkantnus zu nöthig habenden
1505 2159 2173 2298 bericht zu verspändigen.
1484 2294 2651 2465 gedel an herren meleen Inspectore des schallen
1520 2396 2645 2525 haußes ihne auch obiger erkantuub zu
1516 2488 2615 2613 berichten mit befelch, daß deren nachgelebt
1517 2578 2633 2729 werde, gefreubee auf sich halten ze loßen.
1458 2693 2634 2870 Gedel an Mahglich Benner ang spurger
1523 2805 2637 2977 und mit Combtstuf zu einrichtung der Crini¬
1735 2905 2126 3043 nnal gesazen.
1505 2955 2618 3148 aus anlas der vor Magli und Oberen R. u B.
1492 3101 2642 3238 heubigen morgens abgehandleten vergiht des faltschn
1496 3186 2579 3345 Munzel Sheisen krin sind von hochgedacht
1502 3260 2180 3427 Mugheir anzüe beschehen.
