3024 4032
2558 544 2655 641 75f
1617 596 2555 769 Bekantnuß und Vergildt
1614 709 2653 837 Friderich August Golthardt Linders
1627 813 2606 916 aus dem Stättlin Gettingen in dem
1621 869 2603 1015 Hannoer land gebürtig vonetban
1752 949 2367 1063 22 jahren alters
1465 1123 2646 1304 Colach deme Meyhe die Rädsüber
1561 1245 2654 1377 Die erhaltene traurige zeitung des in dem
1551 1330 2652 1469 Pfarrhaus zu Steigen amts Lenzburg
1570 1410 2594 1549 in der nacht lebst verschiünenen 30
1554 1497 2651 1604 Julii 1728 von einer in acht oder mehr
2354 1569 2392 1617 4
1541 1570 2654 1708 persohnen bestandenen raubers ratt
1555 1660 2641 1774 beschehenen finbruchs und verübten sehr
1561 1735 2675 1877 namhafften kaubs und daselbstigem herren
1538 1817 2606 1962 Predikanten Mey ster Burgern von
1556 1900 2663 2031 Zürich seiner gemahln und haußn volk
1561 1981 2654 2129 angethanen gebalthat und morderischen.
1512 2061 2658 2219 Fractaments etc. nicht allen in dero Sandt¬
1566 2167 2668 2294 zu erhaschung diesers diebs-gesinds die
1562 2239 2670 2397 anstalten verfügt, sondern durchgehends
1525 2321 2661 2459 sämtliche Fenachbarte Magistraton
1532 2410 2674 2583 deßen benachrichtet und auf deren betzek
1558 2497 2674 2656 von ui anhaltung derselben ansuchung
1534 2585 2653 2705 gethan abend Sind folgends den
1547 2651 2653 2788 d2. augusti et solche von gedenker Rän
1544 2763 2643 2899 ber gott zu Klein Hmnngdn entde¬
1551 2829 2641 2982 bet und under anderen dieser fridlrich
1548 2908 2638 3040 August Bothardt Linder neben beyden
1552 2995 2588 3124 nachvernamseten diebs-gespahnen von
1541 3066 2654 3215 loben ei stand Gasel in verhafft genommen,
1545 3145 2637 3270 nachzerto auf methi) abforderung auß
1528 3219 2638 3334 geliferet gebahrsamlich eingeholt ui
1539 3303 2619 3443 in allhiesige oberkeitliche gefangen
1518 3382 2601 3536 schafft gebracht, darüberhin durch mühhe
