3024 4032
128 895 407 907 Der mlenchen, blut vergeüßt, deßen but
133 456 278 602 192.
421 492 1162 706 Criminal Process
233 614 1268 804 De Marlena Stunder
327 775 1312 907 Eines dienst nagt von Zollitofen gebürtig
126 907 1353 1087 Der mlenchen, blut vergeüßt, deßen but
217 1031 1320 1165 soll durch mlenschen vergaßen werden spricht
1260 1128 1331 1198 57
1199 907 1274 917 Eines dienst nagt von Zollitofen gebürtig
230 1110 1265 1229 gott des hochste richters selbsten dorten im
226 1181 1339 1285 Buch Moris deß reünten capituld im 6te vero.
218 1267 1294 1409 und hat darmit einer jeden ob erkeit als seinerd
208 1361 1349 1487 auff dieser erden bestelten statt halterin das schwet
203 1424 1321 1567 in die hand gegeben umb solche mißettähterd nach
183 1512 1300 1634 dieserem seinem befehl am leben zu straffen.
165 1577 1333 1710 Wann nun der hohe gott und richter aller welt
178 1664 1312 1797 einen an jeglicher person auß vorstat begangenen
161 1731 1323 1882 Todtschlag darumben zu Lachen befollen, weilen er
176 1801 1273 1968 den mauschen nach seinem eben bild geacht hat.
159 1890 1301 2029 Ac. Waß soll dann andrerd gewärtig seyn für
158 1958 1310 2116 solche pperson, die an ihrem selbst eggenen kind
146 2031 1302 2203 so von ihrem fleisen und but erzeüget worden
140 2091 1316 2266 Ullin anß verzweielter shaam vord dem kauthen
135 2182 1314 2344 die sie doch vord des verbrachten sund hatt beobachten
111 2283 1276 2429 sollen, einem solchen schreitlichen mordt und zard
121 2347 1308 2531 verstzlich begangen hat. Derwwegen auch allin sige
116 2421 1288 2602 hohr Lano oberkeit eine solche untaht vr flicht
101 2489 1262 2671 mäßig zu Lachen weilen in nebung gehabt.
87 2584 1314 2774 Ein höchst beduurl iches exeppel eines solchen abschub¬
95 2685 1262 2835 lihen übeltaht wird und Leyder abermahler
91 2775 1240 2943 vorgestellt, durch diesere vor Unser alles angen
73 2851 1277 3039 gegenwärtig stehende elinde weibe, oferson klamrnd
61 2910 1259 3108 Madlena Steiner mard gelorsenen diensteland
74 3001 1263 3198 gebürtig von Sollikofen ihres alters von ohngefehr
511 3105 1262 3252 Diesere hat das eyferige ghe
63 3137 421 3274 22 jahrn.
35 3192 1280 3330 bätt zu Gott und erlaßen, die von ihrem elteren
44 3278 1256 3456 ereüblich angebendte auferzeichung und hilsamme
815 3374 1171 3496 vermahnungen
2517 584 2618 679 133.
1551 620 2621 806 vermahnungin in wind geschlagen und also sich
1554 709 2670 864 durch den höllischen wort, gryst dergestalten anseifften
1551 777 2603 925 und in seine strin von einer sund zur anderer
1547 865 2599 1000 ein führen laßen, ja ihre eygene leibs fruct
1551 936 2534 1070 auch zu Lezt sich selbsteig in dem todt gebracht.
1529 1033 2667 1217 In dene dieser Detinquntin nicht allin ohngefehr
1539 1166 2666 1295 zu sähns sit im herbst Lohthin zu Ditters wil
1534 1225 2644 1364 im wührts hauß in ihrem alldortigen dienst mit
1524 1306 2684 1427 einem ledigen kerl (deßen name ihra unbebusst
1528 1385 2654 1524 unzucht getrieben und sich habe schwängeren laßen.
1503 1464 2593 1598 sondern sie hat ihren schwangeren zustandt
1499 1541 2647 1668 Obschen sie solchen bereits ohngefehr umb osterzeit
1510 1627 2648 1754 gewahret und ihre lebt frecht deütlich empfunden.
1489 1702 2615 1835 weder deme so dieselbe vorursachet, noch sonstem
2513 1786 2634 1903 Jano
1512 1784 2469 1912 jegend inichem eleüschen nicht angezegt,
1507 1861 2653 1988 im gegentall hat sie ihre schwangerschafft ihrem
1486 1934 2645 2065 kehtmahligen diensts fleyster dem under-Müller
1486 2007 2631 2146 zu Schupfen, deßen ehefrauwen dem Mlüller knecht,
1486 2075 2641 2221 derd wlüllerin muter und geschweyen, welche ihro
1475 2158 2636 2293 solche öffters zugemuchtet, wie auch ihr der mates
1472 2240 2611 2364 frcantin ergenen muterd, die da expresses nacherd
1479 2318 2605 2451 Schupfer women und darüber scharft mit ihro
1476 2396 2621 2529 außgefahren, jaselbst dem wernn redikantln zu
1456 2469 2628 2574 Schupfen (der auch auff gedacht der Muber an
1475 2548 2596 2681 suchen sie vor sich beschickt und gleichfahls darüber
1455 2629 2615 2756 zu red gestoßen) auch sonsten männiglichem biß
1473 2702 2496 2840 auf die loghe stundt hartnätig verlaugnet.
1455 2796 2602 2960 Beinebbus ward sie bekanntlich, daß am tag ihrer
1458 2911 2596 3030 Rindt kinderfunft den 1 uni ingsthin de
1462 2986 2615 3116 geburts Schmerzei bereits umb glittags zeit all
1440 3071 2602 3195 deweil sie auff dard Matten heütoete angefangen
1454 3141 2608 3276 und si nach hauß getrieben, nachwerts aber wieder
1455 3213 2574 3371 auffgehört, inmaßen sie wiederumb auf die
2299 3303 2569 3410 gelatten an
