<?xml version="1.0" encoding="UTF-8" standalone="yes"?>
<PcGts xmlns="http://schema.primaresearch.org/PAGE/gts/pagecontent/2013-07-15" xmlns:xsi="http://www.w3.org/2001/XMLSchema-instance" xsi:schemaLocation="http://schema.primaresearch.org/PAGE/gts/pagecontent/2013-07-15 http://schema.primaresearch.org/PAGE/gts/pagecontent/2013-07-15/pagecontent.xsd">
    <Metadata>
        <Creator>prov=University of Rostock/Institute of Mathematics/CITlab|PLANET AI GmbH/Gundram Leifert/gundram.leifert@planet-ai.de:name=German_Kurrent_XVI-XVIII_M1(htr_id=19584)::::v=2.6.7
prov=University of Rostock/Institute of Mathematics/CITlab|PLANET AI GmbH/Tobias Gruening/tobias.gruening@planet-ai.de:name=de.uros.citlab.module.baseline2polygon.B2PSeamMultiOriented:v=2.6.7
prov=University of Rostock/Institute of Mathematics/CITlab|PLANET AI GmbH/Tobias Gruening/tobias.gruening@planet-ai.de:name=/net_tf/LA73_249_0mod360.pb:de.uros.citlab.segmentation.CITlab_LA_ML:v=2.6.7
Transkribus</Creator>
        <Created>2021-04-27T18:46:25.100+02:00</Created>
        <LastChange>2023-06-19T09:57:00.636+02:00</LastChange>
        <TranskribusMetadata docId="1334845" pageId="52362111" pageNr="16" tsid="127236892" status="IN_PROGRESS" userId="68497" imgUrl="https://files.transkribus.eu/Get?id=TUNIOOGALXDOTQBMLENYGFUL&amp;fileType=view" xmlUrl="https://files.transkribus.eu/Get?id=KGNVJWUTJBNPGCBSCMSMVBUQ" imageId="19734359"/>
    </Metadata>
    <Page imageFilename="IMG_5017.JPG" imageWidth="3456" imageHeight="5184">
        <ReadingOrder>
            <OrderedGroup id="ro_1687513656090" caption="Regions reading order">
                <RegionRefIndexed index="0" regionRef="TextRegion_1687161408618_1034"/>
                <RegionRefIndexed index="1" regionRef="TextRegion_1687161408618_1033"/>
            </OrderedGroup>
        </ReadingOrder>
        <TextRegion orientation="0.0" type="heading" id="TextRegion_1687161408618_1034" custom="readingOrder {index:0;} structure {type:heading;}">
            <Coords points="1868,949 3450,949 3450,1598 1868,1598"/>
            <TextLine id="r1l1" custom="readingOrder {index:0;}">
                <Coords points="3238,1071 3247,1070 3257,1061 3279,1063 3291,1072 3315,1066 3302,950 3292,953 3278,947 3273,950 3254,939 3249,943 3245,940 3225,942"/>
                <Baseline points="3240,1004 3269,1000 3298,998"/>
                <TextEquiv>
                    <Unicode>33</Unicode>
                </TextEquiv>
            </TextLine>
            <TextLine id="r1l2" custom="readingOrder {index:1;}">
                <Coords points="2080,1323 2278,1239 2495,1216 2567,1265 2648,1192 3033,1178 3219,1219 3300,1161 3292,1061 2982,1138 2803,1054 2432,1135 2362,1084 2074,1258"/>
                <Baseline points="2084,1272 2144,1260 2204,1249 2264,1240 2325,1233 2385,1225 2445,1220 2506,1214 2566,1210 2626,1206 2687,1202 2747,1199 2807,1196 2867,1192 2928,1188 2988,1184 3048,1181 3109,1175 3169,1169 3229,1163 3290,1154"/>
                <TextEquiv>
                    <Unicode>Selaulniss und alsergiche</Unicode>
                </TextEquiv>
            </TextLine>
            <TextLine id="r1l3" custom="readingOrder {index:2;}">
                <Coords points="2164,1403 2646,1337 2858,1358 3113,1319 3153,1300 3148,1241 3001,1276 2854,1207 2768,1286 2612,1302 2491,1216 2385,1284 2286,1256 2207,1351 2160,1359"/>
                <Baseline points="2172,1396 2220,1389 2269,1382 2317,1375 2366,1371 2415,1365 2463,1359 2512,1354 2560,1351 2609,1347 2658,1342 2706,1338 2755,1333 2803,1330 2852,1326 2901,1322 2949,1318 2998,1316 3046,1312 3095,1308 3144,1304"/>
                <TextEquiv>
                    <Unicode>des Eotianno Sumets</Unicode>
                </TextEquiv>
            </TextLine>
            <TextLine id="r1l4" custom="readingOrder {index:3;} place {offset:12; length:8;} person {offset:25; length:8;} place {offset:37; length:7;}">
                <Coords points="2046,1587 2112,1555 2211,1588 2460,1487 2762,1535 2951,1436 3220,1470 3382,1395 3375,1321 3305,1374 3084,1398 2918,1328 2737,1389 2693,1364 2629,1422 2454,1374 2334,1451 2200,1401 2036,1491"/>
                <Baseline points="2048,1530 2114,1522 2180,1514 2246,1507 2312,1499 2379,1491 2445,1486 2511,1478 2577,1471 2643,1465 2710,1458 2776,1452 2842,1445 2908,1437 2974,1432 3041,1425 3107,1418 3173,1410 3239,1405 3305,1396 3372,1388"/>
                <TextEquiv>
                    <Unicode>gebürdig zu cliatons sur la saone in Burgund</Unicode>
                </TextEquiv>
            </TextLine>
            <TextEquiv>
                <Unicode>33&#13;
Selaulniss und alsergiche&#13;
des Eotianno Sumets&#13;
gebürdig zu cliatons sur la saone in Burgund</Unicode>
            </TextEquiv>
        </TextRegion>
        <TextRegion orientation="0.0" type="paragraph" id="TextRegion_1687161408618_1033" custom="readingOrder {index:1;} structure {type:paragraph;}">
            <Coords points="1868,1598 3450,1598 3450,4839 1868,4839"/>
            <TextLine id="r1l5" custom="readingOrder {index:0;} person {offset:16; length:15;}">
                <Coords points="1952,1854 2085,1769 2321,1753 2488,1797 2540,1744 3303,1671 3333,1579 3281,1615 3123,1561 2911,1661 2803,1620 2677,1688 2414,1651 2282,1702 2137,1640 1933,1653"/>
                <Baseline points="1954,1788 2022,1779 2091,1773 2160,1764 2229,1758 2298,1751 2366,1745 2435,1740 2504,1735 2573,1728 2642,1723 2710,1718 2779,1711 2848,1705 2917,1700 2986,1693 3054,1686 3123,1679 3192,1671 3261,1663 3330,1654"/>
                <TextEquiv>
                    <Unicode>Bachdeme dieser Loticuno Duinit</Unicode>
                </TextEquiv>
            </TextLine>
            <TextLine id="r1l6" custom="readingOrder {index:1;} place {offset:18; length:5;}">
                <Coords points="2014,1894 2668,1865 2723,1827 2853,1886 2978,1807 3376,1768 3370,1698 3269,1670 3198,1739 3079,1756 2971,1720 2667,1808 2549,1742 2454,1819 2266,1765 2010,1841"/>
                <Baseline points="2022,1878 2089,1873 2156,1867 2223,1862 2290,1858 2358,1853 2425,1847 2492,1843 2559,1837 2626,1831 2694,1826 2761,1819 2828,1814 2895,1807 2962,1800 3030,1792 3097,1784 3164,1777 3231,1769 3298,1759 3366,1750"/>
                <TextEquiv>
                    <Unicode>seined altwod von Mwann 3 1 jahren vor etwaß</Unicode>
                </TextEquiv>
            </TextLine>
            <TextLine id="r1l7" custom="readingOrder {index:2;} place {offset:34; length:7;}">
                <Coords points="2036,2003 2394,1957 2706,2011 2788,1932 3170,1880 3318,1922 3361,1897 3352,1795 3195,1838 3091,1812 2884,1898 2602,1851 2464,1900 2112,1885 2030,1934"/>
                <Baseline points="2044,1984 2109,1979 2174,1974 2239,1969 2305,1963 2370,1959 2435,1954 2501,1949 2566,1943 2631,1938 2697,1934 2762,1927 2827,1921 2892,1916 2958,1910 3023,1903 3088,1897 3154,1889 3219,1883 3284,1875 3350,1866"/>
                <TextEquiv>
                    <Unicode>eits bey dem Wollden ziuwerin von Erladen</Unicode>
                </TextEquiv>
            </TextLine>
            <TextLine id="r1l8" custom="readingOrder {index:3;} place {offset:9; length:10;}">
                <Coords points="2041,2106 2280,2160 2476,2068 2724,2039 2915,2042 2991,2094 3112,2001 3261,2009 3373,1978 3370,1942 3175,1950 3101,1904 3031,1976 2930,1916 2856,1988 2769,1952 2702,2021 2508,1962 2416,2030 2274,2005 2037,2072"/>
                <Baseline points="2048,2094 2113,2090 2179,2086 2245,2080 2310,2075 2376,2070 2442,2066 2507,2061 2573,2054 2639,2049 2705,2042 2770,2036 2836,2030 2902,2022 2967,2016 3033,2009 3099,2001 3164,1993 3230,1985 3296,1975 3362,1966"/>
                <TextEquiv>
                    <Unicode>erren zu Jegenstorf in diensten gestanden</Unicode>
                </TextEquiv>
            </TextLine>
            <TextLine id="r1l9" custom="readingOrder {index:4;}">
                <Coords points="2035,2203 2650,2155 2749,2196 3011,2123 3081,2170 3266,2173 3401,2110 3395,2041 3195,2003 2984,2100 2909,2037 2651,2096 2482,2067 2358,2153 2093,2117 2032,2169"/>
                <Baseline points="2042,2190 2109,2189 2176,2186 2244,2184 2311,2179 2379,2175 2446,2169 2513,2163 2581,2158 2648,2152 2716,2146 2783,2139 2850,2132 2918,2125 2985,2119 3053,2111 3120,2105 3187,2099 3255,2094 3322,2087 3390,2082"/>
                <TextEquiv>
                    <Unicode>ind wegen eines untreüto, halb amh sich gezogen,</Unicode>
                </TextEquiv>
            </TextLine>
            <TextLine id="r1l10" custom="readingOrder {index:5;}">
                <Coords points="3244,2201 3267,2213 3283,2208 3346,2258 3391,2221 3406,2220 3401,2126 3374,2131 3355,2124 3321,2163 3306,2154 3290,2168 3277,2163 3265,2175 3243,2170"/>
                <Baseline points="3254,2202 3282,2199 3310,2197 3339,2195 3367,2194 3396,2196"/>
                <TextEquiv>
                    <Unicode>etlich</Unicode>
                </TextEquiv>
            </TextLine>
            <TextLine id="r1l11" custom="readingOrder {index:6;}">
                <Coords points="3142,2203 3151,2202 3176,2213 3202,2195 3213,2202 3224,2201 3217,2096 3206,2096 3189,2108 3158,2143 3138,2143"/>
                <Baseline points="3152,2220 3184,2217 3216,2216"/>
                <TextEquiv>
                    <Unicode>6</Unicode>
                </TextEquiv>
            </TextLine>
            <TextLine id="r1l12" custom="readingOrder {index:7;}">
                <Coords points="2023,2323 2187,2290 2286,2347 2345,2300 2619,2272 2719,2327 2804,2264 3021,2227 3085,2252 3137,2186 3023,2132 2743,2203 2676,2184 2540,2245 2393,2178 2294,2220 2197,2190 2125,2258 2019,2260"/>
                <Baseline points="2030,2292 2085,2291 2140,2290 2195,2288 2250,2286 2305,2283 2360,2280 2415,2277 2470,2274 2525,2271 2580,2268 2635,2262 2690,2259 2745,2254 2800,2250 2855,2244 2910,2238 2965,2234 3020,2227 3075,2221 3130,2214"/>
                <TextEquiv>
                    <Unicode>nm verdachts darauß verschibt worden.</Unicode>
                </TextEquiv>
            </TextLine>
            <TextLine id="r1l13" custom="readingOrder {index:8;}">
                <Coords points="2006,2421 2103,2403 2196,2484 2270,2409 2381,2454 2502,2387 2663,2447 2761,2359 3241,2353 3336,2307 3231,2247 3156,2291 3074,2249 2720,2326 2623,2274 2577,2320 2504,2286 2320,2371 2084,2309 2000,2346"/>
                <Baseline points="2014,2396 2079,2396 2145,2396 2210,2394 2276,2394 2342,2391 2407,2389 2473,2386 2538,2382 2604,2379 2670,2374 2735,2368 2801,2364 2866,2359 2932,2352 2997,2345 3063,2337 3129,2330 3194,2320 3260,2312 3326,2302"/>
                <TextEquiv>
                    <Unicode>Monat Hernacdh Sonntags de 28ten septmbris dis</Unicode>
                </TextEquiv>
            </TextLine>
            <TextLine id="r1l14" custom="readingOrder {index:9;}">
                <Coords points="2015,2512 2756,2480 2863,2543 2950,2462 3013,2504 3094,2454 3179,2511 3250,2448 3383,2443 3380,2381 3100,2348 3009,2406 2764,2359 2669,2452 2599,2424 2521,2465 2436,2404 2194,2480 2138,2434 2012,2450"/>
                <Baseline points="2024,2492 2091,2494 2158,2496 2226,2496 2293,2494 2361,2494 2428,2491 2495,2488 2563,2485 2630,2481 2698,2477 2765,2472 2832,2468 2900,2462 2967,2457 3035,2451 3102,2445 3169,2440 3237,2434 3304,2429 3372,2424"/>
                <TextEquiv>
                    <Unicode>N 27. jahrs dann abend gedachtem herren</Unicode>
                </TextEquiv>
            </TextLine>
            <TextLine id="r1l15" custom="readingOrder {index:10;} place {offset:4; length:7;} place {offset:30; length:11;}">
                <Coords points="2005,2637 2186,2686 2254,2612 2614,2594 2708,2644 2845,2587 2942,2639 3045,2569 3404,2562 3402,2514 3237,2469 3179,2512 3115,2469 3008,2549 2772,2495 2520,2580 2278,2501 2001,2541"/>
                <Baseline points="2012,2600 2081,2602 2150,2604 2219,2604 2288,2604 2357,2604 2426,2602 2495,2600 2564,2597 2633,2594 2703,2590 2772,2585 2841,2582 2910,2577 2979,2574 3048,2568 3117,2564 3186,2560 3255,2554 3324,2551 3394,2546"/>
                <TextEquiv>
                    <Unicode>von Erbaden auß seinem schloß zegenstorck einen</Unicode>
                </TextEquiv>
            </TextLine>
            <TextLine id="r1l16" custom="readingOrder {index:11;}">
                <Coords points="1993,2731 2084,2771 2349,2726 2567,2761 2641,2702 2828,2782 2923,2690 3169,2692 3261,2754 3387,2676 3385,2617 3178,2644 3046,2567 2861,2677 2568,2613 2492,2653 2419,2621 2358,2675 2258,2609 2185,2687 2069,2622 1990,2651"/>
                <Baseline points="2002,2712 2070,2714 2139,2718 2208,2718 2277,2720 2346,2719 2414,2718 2483,2716 2552,2714 2621,2712 2690,2709 2758,2704 2827,2702 2896,2696 2965,2692 3034,2688 3102,2683 3171,2679 3240,2674 3309,2670 3378,2664"/>
                <TextEquiv>
                    <Unicode>Nahmhaffen diebstahl von sehr kestbaren zu</Unicode>
                </TextEquiv>
            </TextLine>
            <TextLine id="r1l17" custom="readingOrder {index:12;} place {offset:0; length:5;}">
                <Coords points="1994,2846 2307,2835 2475,2886 2608,2828 3309,2817 3390,2792 3388,2718 3293,2765 3178,2714 2897,2716 2818,2796 2455,2730 2384,2792 2231,2737 1992,2784"/>
                <Baseline points="2002,2828 2070,2828 2139,2828 2208,2828 2277,2828 2346,2827 2415,2826 2484,2826 2553,2824 2622,2824 2691,2822 2759,2820 2828,2816 2897,2814 2966,2810 3035,2807 3104,2802 3173,2796 3242,2790 3311,2782 3380,2776"/>
                <TextEquiv>
                    <Unicode>belen verbracht, sich darmit fort und biß amh</Unicode>
                </TextEquiv>
            </TextLine>
            <TextLine id="r1l18" custom="readingOrder {index:13;} person {offset:0; length:10;}">
                <Coords points="2005,2951 3222,2941 3404,2886 3403,2848 3165,2828 2927,2900 2837,2825 2736,2863 2637,2831 2530,2915 2001,2843"/>
                <Baseline points="2014,2936 2083,2936 2152,2938 2221,2938 2290,2938 2359,2938 2428,2938 2497,2936 2566,2934 2635,2934 2704,2930 2773,2928 2842,2925 2911,2922 2980,2919 3049,2915 3118,2910 3187,2906 3256,2901 3325,2895 3394,2890"/>
                <TextEquiv>
                    <Unicode>Sontarlies begeben, daselbsten aber wegen vor</Unicode>
                </TextEquiv>
            </TextLine>
            <TextLine id="r1l19" custom="readingOrder {index:14;}">
                <Coords points="2014,3098 2189,3043 2297,3109 2368,3043 3021,3019 3245,3078 3335,3018 3428,3041 3423,2866 3162,2989 2916,2926 2809,2991 2716,2932 2631,3013 2420,2952 2323,3014 2226,2944 2011,2993"/>
                <Baseline points="2022,3034 2091,3036 2161,3038 2231,3040 2301,3040 2371,3040 2440,3040 2510,3039 2580,3038 2650,3036 2720,3034 2789,3030 2859,3028 2929,3024 2999,3020 3069,3016 3138,3012 3208,3008 3278,3004 3348,2999 3418,2994"/>
                <TextEquiv>
                    <Unicode>gebehrten guten anstalten entdocket, angehalten</Unicode>
                </TextEquiv>
            </TextLine>
            <TextLine id="r1l20" custom="readingOrder {index:15;}">
                <Coords points="2023,3169 2312,3149 2463,3218 2578,3150 3195,3129 3333,3191 3424,3123 3422,3047 3243,3084 2983,3032 2528,3113 2348,3061 2214,3119 2111,3066 2021,3111"/>
                <Baseline points="2030,3134 2099,3140 2168,3146 2237,3149 2306,3152 2376,3154 2445,3154 2514,3154 2583,3153 2652,3150 2722,3148 2791,3146 2860,3143 2929,3139 2998,3134 3068,3130 3137,3126 3206,3123 3275,3119 3344,3116 3414,3112"/>
                <TextEquiv>
                    <Unicode>und in verhafft gesthet, nachwerts auff anstuchen</Unicode>
                </TextEquiv>
            </TextLine>
            <TextLine id="r1l21" custom="readingOrder {index:16;}">
                <Coords points="2007,3260 2224,3316 2273,3271 2534,3271 2612,3337 2700,3274 2774,3319 2834,3256 2950,3285 3260,3240 3392,3280 3378,3144 3333,3191 3217,3136 3059,3151 2913,3223 2669,3224 2580,3150 2416,3234 2312,3148 2005,3198"/>
                <Baseline points="2016,3256 2084,3260 2152,3263 2220,3264 2289,3266 2357,3266 2425,3266 2494,3265 2562,3264 2630,3262 2699,3260 2767,3257 2835,3254 2903,3251 2972,3247 3040,3244 3108,3240 3177,3236 3245,3233 3313,3230 3382,3226"/>
                <TextEquiv>
                    <Unicode>Meghen  von alldasigen herren commerdante</Unicode>
                </TextEquiv>
            </TextLine>
            <TextLine id="r1l22" custom="readingOrder {index:17;} person {offset:0; length:7;}">
                <Coords points="1988,3401 2511,3382 2599,3437 3064,3362 3178,3425 3416,3352 3415,3285 3324,3317 3148,3264 3094,3312 2906,3273 2813,3350 2703,3299 2536,3355 2407,3291 2255,3336 2075,3268 1987,3299"/>
                <Baseline points="1998,3376 2068,3376 2138,3376 2209,3376 2279,3376 2350,3376 2420,3376 2490,3376 2561,3374 2631,3374 2702,3374 2772,3372 2842,3370 2913,3369 2983,3367 3054,3365 3124,3362 3194,3360 3265,3356 3335,3352 3406,3350"/>
                <TextEquiv>
                    <Unicode>Bearues willig außgelieferet und uewahrstamlich</Unicode>
                </TextEquiv>
            </TextLine>
            <TextLine id="r1l23" custom="readingOrder {index:18;}">
                <Coords points="2015,3488 2304,3487 2514,3571 2581,3526 2647,3571 2774,3493 2982,3538 3198,3480 3302,3529 3424,3486 3424,3374 3175,3425 3064,3362 2942,3431 2776,3402 2610,3469 2381,3376 2219,3458 2095,3382 2015,3409"/>
                <Baseline points="2024,3464 2093,3473 2163,3478 2232,3484 2302,3488 2372,3490 2441,3492 2511,3494 2580,3494 2650,3494 2720,3494 2789,3493 2859,3492 2928,3490 2998,3488 3068,3486 3137,3483 3207,3481 3276,3480 3346,3476 3416,3476"/>
                <TextEquiv>
                    <Unicode>allero in die gefangenschafft gebracht, darüberzin</Unicode>
                </TextEquiv>
            </TextLine>
            <TextLine id="r1l24" custom="readingOrder {index:19;}">
                <Coords points="2005,3595 2204,3588 2279,3648 2353,3599 2834,3607 2969,3664 3186,3607 3308,3657 3459,3571 3459,3498 3279,3536 3215,3487 3104,3533 2887,3507 2792,3570 2698,3536 2606,3587 2424,3510 2280,3563 2171,3502 2111,3561 2005,3550"/>
                <Baseline points="2014,3576 2085,3581 2157,3586 2229,3591 2301,3594 2373,3598 2444,3600 2516,3602 2588,3604 2660,3604 2732,3604 2803,3604 2875,3604 2947,3602 3019,3600 3091,3597 3162,3594 3234,3592 3306,3587 3378,3584 3450,3578"/>
                <TextEquiv>
                    <Unicode>beidet durch mleinen ahgeehrten heeren rahtszert</Unicode>
                </TextEquiv>
            </TextLine>
            <TextLine id="r1l25" custom="readingOrder {index:20;} person {offset:0; length:7;}">
                <Coords points="1995,3703 2792,3738 2860,3793 3286,3726 3407,3784 3380,3628 3236,3696 3092,3607 3005,3667 2933,3630 2839,3690 2627,3705 2359,3622 2245,3678 1998,3593"/>
                <Baseline points="2004,3686 2073,3690 2143,3695 2213,3700 2283,3704 2353,3709 2422,3713 2492,3716 2562,3721 2632,3724 2702,3726 2771,3728 2841,3730 2911,3730 2981,3730 3051,3730 3120,3728 3190,3725 3260,3721 3330,3717 3400,3710"/>
                <TextEquiv>
                    <Unicode>Stliger hirzu verordnetem herren paaminatoren</Unicode>
                </TextEquiv>
            </TextLine>
            <TextLine id="r1l26" custom="readingOrder {index:21;}">
                <Coords points="3184,3814 3193,3814 3211,3795 3222,3794 3222,3732 3213,3732 3211,3730 3204,3732 3198,3726 3194,3730 3193,3728 3184,3728"/>
                <Baseline points="3192,3792 3212,3792"/>
                <TextEquiv>
                    <Unicode></Unicode>
                </TextEquiv>
            </TextLine>
            <TextLine id="r1l27" custom="readingOrder {index:22;} person {offset:26; length:6;} person {offset:34; length:8; continued:true;}">
                <Coords points="2021,3794 2191,3843 2275,3809 2341,3874 2454,3817 2599,3887 2699,3830 3124,3885 3197,3833 3436,3823 3437,3774 3188,3809 3055,3750 2811,3806 2707,3733 2537,3770 2402,3706 2204,3770 2022,3759"/>
                <Baseline points="2030,3788 2099,3792 2169,3795 2239,3800 2309,3805 2379,3809 2448,3812 2518,3816 2588,3820 2658,3821 2728,3824 2797,3827 2867,3828 2937,3830 3007,3830 3077,3830 3146,3830 3216,3829 3286,3828 3356,3825 3426,3822"/>
                <TextEquiv>
                    <Unicode>nud auch Ihr Gul. Dienere Mutohl: Itmannel</Unicode>
                </TextEquiv>
            </TextLine>
            <TextLine id="r1l28" custom="readingOrder {index:23;} person {offset:0; length:13; continued:true;}">
                <Coords points="1962,3909 2426,3917 2484,3957 2951,3927 3102,3989 3149,3947 3209,4003 3402,3942 3405,3841 3197,3833 3086,3900 3018,3847 2970,3879 2844,3837 2686,3891 2504,3856 2272,3893 1964,3809"/>
                <Baseline points="1972,3896 2043,3903 2114,3906 2185,3911 2256,3916 2327,3918 2398,3921 2469,3924 2540,3927 2611,3929 2683,3930 2754,3932 2825,3934 2896,3934 2967,3935 3038,3936 3109,3936 3180,3936 3251,3936 3322,3936 3394,3936"/>
                <TextEquiv>
                    <Unicode>Wurstenberger Großweübel und den grichtschrei</Unicode>
                </TextEquiv>
            </TextLine>
            <TextLine id="r1l29" custom="readingOrder {index:24;} person {offset:5; length:23;}">
                <Coords points="1995,4015 2143,4009 2227,4086 2301,4018 2607,4027 2762,4095 2834,4054 3104,4115 3248,4035 3408,4033 3410,3968 3337,3948 3227,4015 3148,3947 3105,3988 2928,3947 2818,3976 2766,3933 2583,3974 2429,3930 2273,3987 2065,3925 1996,3964"/>
                <Baseline points="2004,3998 2073,4002 2143,4006 2213,4010 2283,4013 2353,4017 2422,4020 2492,4022 2562,4025 2632,4028 2702,4030 2771,4032 2841,4033 2911,4034 2981,4034 3051,4034 3120,4034 3190,4034 3260,4032 3330,4030 3400,4028"/>
                <TextEquiv>
                    <Unicode>bere Johann Rudel Tschiffeli Gürtlich und</Unicode>
                </TextEquiv>
            </TextLine>
            <TextLine id="r1l30" custom="readingOrder {index:25;}">
                <Coords points="1996,4163 2214,4121 2472,4210 2607,4137 3250,4138 3392,4208 3395,4102 3200,4061 3121,4125 2815,4066 2706,4117 2400,4054 2269,4096 2163,4019 1999,4047"/>
                <Baseline points="2006,4104 2074,4108 2143,4110 2212,4114 2281,4118 2350,4121 2419,4125 2488,4128 2557,4132 2626,4134 2695,4136 2763,4139 2832,4141 2901,4142 2970,4144 3039,4146 3108,4146 3177,4146 3246,4146 3315,4144 3384,4144"/>
                <TextEquiv>
                    <Unicode>ernstwortig zwar ohne angewendte Marterd dem</Unicode>
                </TextEquiv>
            </TextLine>
            <TextLine id="r1l31" custom="readingOrder {index:26;}">
                <Coords points="2003,4223 2662,4234 2703,4272 2777,4240 2941,4310 3077,4243 3411,4239 3398,4166 2898,4216 2777,4142 2537,4214 2196,4121 2004,4161"/>
                <Baseline points="2012,4206 2081,4210 2151,4213 2220,4217 2290,4220 2359,4223 2429,4226 2498,4228 2568,4231 2637,4232 2707,4234 2776,4236 2846,4237 2915,4238 2985,4238 3054,4238 3124,4238 3193,4238 3263,4236 3332,4235 3402,4234"/>
                <TextEquiv>
                    <Unicode>27en octobris und 5ten novembris anzogenen 172</Unicode>
                </TextEquiv>
            </TextLine>
            <TextLine id="r1l32" custom="readingOrder {index:27;}">
                <Coords points="1997,4336 2042,4326 2082,4354 2156,4300 2306,4304 2647,4337 2756,4377 2776,4318 2654,4252 2594,4274 2531,4242 2473,4284 2304,4279 2178,4225 2141,4248 2003,4243"/>
                <Baseline points="2010,4292 2047,4292 2085,4294 2123,4294 2161,4296 2199,4298 2236,4301 2274,4303 2312,4304 2350,4306 2388,4309 2425,4311 2463,4314 2501,4317 2539,4320 2577,4322 2614,4325 2652,4328 2690,4332 2728,4336 2766,4340"/>
                <TextEquiv>
                    <Unicode>jahrs eocaminieret worden.</Unicode>
                </TextEquiv>
            </TextLine>
            <TextLine id="r1l33" custom="readingOrder {index:28;}">
                <Coords points="2981,4399 3033,4388 3095,4339 3136,4348 3168,4379 3223,4345 3250,4361 3281,4337 3319,4365 3369,4345 3369,4301 3350,4301 3312,4265 3263,4286 3201,4286 3152,4259 3123,4272 3077,4244 3012,4282 2981,4284"/>
                <Baseline points="2990,4346 3016,4344 3042,4341 3069,4340 3095,4340 3122,4340 3148,4340 3175,4341 3201,4342 3227,4343 3254,4344 3280,4344 3307,4342 3333,4342 3360,4340"/>
                <TextEquiv>
                    <Unicode>hat derselbige</Unicode>
                </TextEquiv>
            </TextLine>
            <TextLine id="r1l34" custom="readingOrder {index:29;}">
                <Coords points="1992,4409 2192,4467 2269,4413 2792,4434 2904,4509 3398,4455 3402,4390 3319,4431 3084,4357 2971,4428 2889,4364 2359,4342 2308,4304 2242,4350 1997,4336"/>
                <Baseline points="2002,4392 2071,4390 2140,4392 2210,4393 2279,4396 2349,4400 2418,4404 2487,4409 2557,4415 2626,4420 2696,4426 2765,4433 2834,4438 2904,4442 2973,4446 3043,4449 3112,4452 3181,4452 3251,4452 3320,4451 3390,4448"/>
                <TextEquiv>
                    <Unicode>nachfolgende bekanntnuß und vergiht ervillt und</Unicode>
                </TextEquiv>
            </TextLine>
            <TextLine id="r1l35" custom="readingOrder {index:30;}">
                <Coords points="2001,4493 2035,4486 2086,4534 2147,4526 2187,4557 2309,4518 2355,4515 2367,4527 2399,4513 2401,4472 2346,4438 2273,4464 2193,4466 2135,4428 2094,4445 2052,4406 2003,4432"/>
                <Baseline points="2010,4484 2035,4486 2060,4486 2086,4488 2111,4490 2136,4490 2162,4492 2187,4492 2212,4494 2238,4494 2263,4494 2288,4496 2314,4497 2339,4500 2364,4501 2390,4504"/>
                <TextEquiv>
                    <Unicode>von sich gegeben</Unicode>
                </TextEquiv>
            </TextLine>
            <TextLine id="r1l36" custom="readingOrder {index:31;} person {offset:29; length:10; continued:true;}">
                <Coords points="1859,4656 2026,4737 2416,4678 2681,4700 2748,4750 2863,4716 2959,4784 3077,4730 3332,4741 3335,4681 3197,4636 2935,4671 2789,4624 2686,4672 2553,4611 2284,4625 2076,4522 1863,4580"/>
                <Baseline points="1868,4664 1940,4662 2013,4660 2086,4660 2159,4662 2232,4664 2304,4666 2377,4670 2450,4676 2523,4681 2596,4686 2668,4693 2741,4699 2814,4704 2887,4709 2960,4713 3032,4718 3105,4722 3178,4724 3251,4726 3324,4726"/>
                <TextEquiv>
                    <Unicode>1. Deye er W. 1i. auß seinem Heymat vor</Unicode>
                </TextEquiv>
            </TextLine>
            <TextLine id="r1l37" custom="readingOrder {index:32;} person {offset:0; length:8; continued:true;}">
                <Coords points="2999,4844 3045,4823 3061,4833 3089,4824 3172,4848 3214,4829 3230,4844 3249,4828 3295,4816 3296,4781 3239,4784 3187,4735 3160,4745 3124,4728 3081,4753 3052,4741 3000,4780"/>
                <Baseline points="3008,4816 3033,4813 3058,4811 3083,4810 3109,4810 3134,4811 3159,4812 3184,4813 3210,4815 3235,4816 3260,4818 3286,4818"/>
                <TextEquiv>
                    <Unicode>Cliatons</Unicode>
                </TextEquiv>
            </TextLine>
            <TextEquiv>
                <Unicode>Bachdeme dieser Loticuno Duinit&#13;
seined altwod von Mwann 3 1 jahren vor etwaß&#13;
eits bey dem Wollden ziuwerin von Erladen&#13;
erren zu Jegenstorf in diensten gestanden&#13;
ind wegen eines untreüto, halb amh sich gezogen,&#13;
etlich&#13;
6&#13;
nm verdachts darauß verschibt worden.&#13;
Monat Hernacdh Sonntags de 28ten septmbris dis&#13;
N 27. jahrs dann abend gedachtem herren&#13;
von Erbaden auß seinem schloß zegenstorck einen&#13;
Nahmhaffen diebstahl von sehr kestbaren zu&#13;
belen verbracht, sich darmit fort und biß amh&#13;
Sontarlies begeben, daselbsten aber wegen vor&#13;
gebehrten guten anstalten entdocket, angehalten&#13;
und in verhafft gesthet, nachwerts auff anstuchen&#13;
Meghen  von alldasigen herren commerdante&#13;
Bearues willig außgelieferet und uewahrstamlich&#13;
allero in die gefangenschafft gebracht, darüberzin&#13;
beidet durch mleinen ahgeehrten heeren rahtszert&#13;
Stliger hirzu verordnetem herren paaminatoren&#13;
&#13;
nud auch Ihr Gul. Dienere Mutohl: Itmannel&#13;
Wurstenberger Großweübel und den grichtschrei&#13;
bere Johann Rudel Tschiffeli Gürtlich und&#13;
ernstwortig zwar ohne angewendte Marterd dem&#13;
27en octobris und 5ten novembris anzogenen 172&#13;
jahrs eocaminieret worden.&#13;
hat derselbige&#13;
nachfolgende bekanntnuß und vergiht ervillt und&#13;
von sich gegeben&#13;
1. Deye er W. 1i. auß seinem Heymat vor&#13;
Cliatons</Unicode>
            </TextEquiv>
        </TextRegion>
    </Page>
</PcGts>
