3024 4032
129 486 214 588 7
271 529 1340 705 Die andere Partheÿ aus, also habind sie
283 652 1370 785 sich durch ungleiche wegen nach gedeuten
283 726 1340 862 pfarrhaus zu Sengen begeben, allles
274 814 1354 939 Er und seine kold die Ersteren abends
277 893 1361 1030 etwan em 10 uhren angelangt, im
268 980 1317 1090 erbartung der anderen giagen sie
269 1050 1309 1185 um das Haus herrin, csitieten, auf
262 1109 1335 1260 was manier hin ein zukommen und ob
256 1206 1326 1321 nit etwan eine wyfer zufindem leie
259 1277 1351 1413 auch ob kein liecht im hausware, konteg
256 1359 1339 1510 aber beder leyter finder noch liecht
240 1444 1338 1581 sehem sonder h�rten nur drinnen gehen,
241 1526 1347 1668 da indeßen er bey dem Imben Häußli aus
222 1598 1349 1742 des Berbern franzen ordee wacht stehen
223 1679 1326 1839 und auf den nachten wächtergachtung
219 1758 1320 1898 geben mußt. Erbarteten hierauf der
202 1829 1327 1975 anderen parthey under einem saum
195 1922 1322 2044 und schwarzte er und etwelche andere ihre
195 1995 1284 2136 gesicht mit Bulfer gleich darauf sind
195 2075 1317 2213 alle ankommen, alsobald habe der schlaachn
188 2158 1274 2300 bek bey dem Keller loch den emnbruch
183 2235 1316 2379 gethan, daner zuvor an der Haußen thür
182 2310 1309 2458 probirt und nichts außgerichtet und das
170 2390 1295 2532 fisen mit einem sparren außgewogen.
166 2478 1314 2609 Garbey Baren f mit prsfollten, einer mit
166 2555 1303 2679 einem hirschefänger und ein anderer
137 2629 1283 2754 mit einem wegen versehen, damit sie
124 2689 1281 2835 sich im fahl angriffs wehren möchten. Der
128 2773 1304 2903 schoh seye der erste und nach shine der schbart
124 2856 1275 3003 ockhinhin geschloßen, stelten en wachßt
118 2949 1276 3084 kirchtan und hernach fiader 5 s sie bey
127 3027 1291 3174 sich gehabt, offnelin von nur die Keller
105 3114 1294 3257 und haußthuren, allesamt saußert dem
96 3198 1257 3335 Bayerli, so bis zum end vor dem Haus
86 3252 1265 3424 wacht gehalten und niemahls hineinkommen,
84 3344 1265 3486 als da er die sclladen vor den fenstorei
75 3433 1267 3596 gegen der stras zugeschloßen, damit man
13 3522 1036 3705 4 und baß für eine uunderrufft etc.
2541 552 2639 620 25.
1530 545 2608 716 Den schein von dem dorf nit so leicht sehr:
1532 642 2624 802 giengen ins haus hinein lupffen die stegen
1532 703 2617 877 thur hinans kamen zu erstin desameer
1540 803 2630 931 darum die magd lage, so nur in der fallen
1522 864 2633 1020 zugemacht ware. Der ffranz begabe sich zu
1524 949 2619 1095 der magd beld, fragte sie mit larten borten
1518 1021 2650 1194 in belchem gemach der herr pfarrerschließe,
1515 1089 2605 1260 und bis viel ppersonen imHans segen
1509 1183 2586 1329 sieruffte vor schreken  Jonb  Josul.
1513 1257 2606 1408 und auf vertröstung, daß so sie ihnen
1522 1337 2632 1502 auf ihre fragen entsprechen, ihro nichts
1505 1426 2612 1567 leids widerfahren werdeetc., habe sie das
1510 1506 2624 1637 hint und andere angezeigt: Dennoch
1502 1587 2629 1711 wurden ihro mit einem strikhand und
1503 1671 2611 1789 fus gebunden und der grindskopft
1489 1739 2605 1888 by ihro zue wacht gestelt. Sie die
1503 1824 2630 1979 übeigen 6 abergiengen zu des pfarrers
1500 1927 2616 2076 gemach, so mit einem stotholz aufgen
1478 1993 2640 2158 sprengt ward und allesamt in das gemach
1503 2091 2588 2220 Linfin der Mhilip schlarzbekund
1479 2157 2649 2314 Gapen-Fridel dringken auf den pfarrer
1457 2237 2645 2409 zu fragten ihne, wo er sein gelt habe und
1480 2341 2646 2496 daer es nit sagen wolte, ergriffe einer ihne
1483 2401 2644 2572 bey dei halb und schlugt ihne mit der
1473 2509 2652 2651 hausins angesicht, der andere mit einem
1453 2588 2647 2750 Stämmen fisen auf den kopf gestelten ihme
1476 2658 2656 2851 hand und fus mit strilen und beiben er
1485 2753 2675 2930 immerhinschm�et sagte der hilipß san
1482 2815 2649 3007 er nit sch beigeno werde man ihme die halß
1475 2915 2581 3064 abschneiden. Die hrh pfarrerin aber
1457 2982 2680 3156 sprangt im seind auds dem bett und holte
1451 3066 2655 3258 zu einer schur hieder dem bott hinauß-
1481 3147 2681 3326 flichen. Der franz solches erblikendeibete
1479 3237 2670 3393 von außen her ihra den weg vor und kriegte
1449 3308 2597 3490 sie sprëichend, wo wilhzu hin du her.
1456 3388 2669 3585 führte sie hereyn und burden ihro hand
2281 3592 2594 3716 und hubetc.
