3024 4032
149 501 218 582 10
310 554 1364 680 Und fub gebunden, die Fuß aber bald
291 634 1336 751 Bider aufgelößt und also sie hierdurch
295 697 1336 818 und mittbelst versprechung ihro nicht
262 766 1316 896 leyds ze thun, ban sie den ohrt des gelts
277 842 1347 978 weisen getrieben die schlüßel zu selbigen
272 925 1265 1030 gemach in einem schäfftlin zuzeigen.
268 983 1352 1117 Der gerber faßdr den bundmit schlußen
261 1058 1332 1189 Eswelche under anderen der schbarz bek
267 1137 1332 1275 so ihme vermuchtlich den hiebgeben) blieben
269 1210 1328 1355 bim herren pfarrer übrige giangen nach selbige
258 1299 1328 1442 gem gemach und wurde die herren pfarrerin
219 1368 1331 1511 von dem schoch am strif hinauf und hernach
256 1445 1318 1590 bider hinab geführt, das gemach droke
252 1530 1343 1674 obnete des derber franz mit dem schlußen
253 1607 1334 1754 die ksten aber allwo das gelt sprengte er
250 1678 1293 1787 mit einem Stänn flisen auf, daraus
226 1754 1319 1860 sie drey Leinene sekel theils mit goldund
229 1825 1322 1958 theils mit silber gelt versehen genommen.
223 1906 1329 2053 deren einiche er fridel vor das hinaus getragen
214 1976 1284 2096 Nachlerts begabe, Sie sich widerumm die
230 2064 1329 2209 undere stuben und nahmen aus einer
220 2149 1336 2285 gemahleten eruken annoch Gold und silber
189 2215 1295 2337 gelt, auch Munz und ander Klein gelt
208 2286 1296 2428 und aus einer kisten worinn kleyen daren
178 2382 1301 2506 silbergschirn als einen großen und viel
199 2454 1286 2587 kleine löftel gablen und meßer eine
181 2527 1301 2671 Caffe kantz, dree oder vier beschlagene
184 2610 1322 2745 Bucheri l gulden arme Band. achdeme
170 2689 1307 2816 un diesere samtliche beut zum Haus hiauß
155 2761 1310 2873 getragen, müße er kinder mit dem Reich
163 2843 1261 2972 man und zlarjener voran den herren pfarrer
147 2926 1284 3060 so durch und durch ganz blutig bare, bey den
132 2992 1281 3108 faßen, dieser aber sinden nach bim kopft
140 3072 1315 3219 oder an den handen faßen und in den Keller
120 3157 1282 3280 hinunder tragen (deme Sie so fostmöglich
96 3226 1294 3380 geschonet sezten ihne drunden auf einbloch
111 3302 1289 3443 allbohin seines behalts ein anderer ein betd
101 3377 1249 3536 gebracht und ihne darauf gelegt, demeder
1526 572 2641 728 Schwarze ort annoch diehand zu den füste
1544 642 2648 791 gefeßlet und sagte, gelb du sidelmer pfaften
1535 723 2637 869 Wirsind dir über dem gelt kommen: Under¬
1541 804 2611 932 beys redte er kein wort im Keller aber
1546 873 2587 1033 ruffte er allezeit tehns o Heiland.
1539 950 2620 1101 bedreübete er sit, da� er sie schon kriege
1529 1024 2612 1188 beede, dahero der Bapen-shridel ihme den
1527 1097 2613 1275 Barans machen wollen, wan er und der schech
1522 1173 2620 1326 solches nit verhinderet. ie hr Predig
1537 1265 2621 1411 kontin aber habe der schech an händen gen
1528 1340 2613 1490 bunden auch in den Keller geführt, allda
1516 1429 2602 1573 Sie auch auf ein bloch gesetzt worden und
1515 1501 2655 1650 syr seines büßens ihre sonst nicht leids
1528 1584 2637 1730 biderfahren, dan ihme nicht bekant
1519 1667 2653 1809 welcher sie drunden in mehrerem gefeßlet
1509 1751 2643 1881 noch auch ber das bey der magd gelegene
1503 1812 2665 1979 kind ansänden gebunden habe. Nach diesen
1509 1896 2657 2053 machten sie sich samtlich zur haußthür hinaws
1510 1962 2630 2132 und mit dem Raubfort, namen ganz einen
1508 2047 2637 2180 anderen weg übermellingen nach einem
1502 2106 2642 2263 darß am waßer vogelsang und schißeten in
1500 2214 2644 2354 einem gedingken schidt bis nach Klingnau
1508 2274 2647 2426 allbo sie in dem wihrtshaus zum Engel
1511 2353 2657 2515 engekehrt und das Gold und er sich getheilt
1509 2419 2647 2596 zu Klingnaw mitteren sie ein ander schiften
1492 2503 2647 2671 und führen gedachte acht Rauber mit den allda
1492 2596 2643 2731 zu ihnen gestoßene weiberen und kindere
1491 2683 2641 2817 ais auf logeren, woselbsten sie in der oberen
1468 2751 2643 2936 Stuben die übrigen gelter und pffecken parta
1488 2838 2623 3006 gitt und einanderen des silbere jergs und
1479 2928 2607 3074 der Armn Sanden halb außgekaufft, von
1475 2992 2635 3151 diesem Staub habe er für seiwn Antheil bee
1487 3086 2643 3245 900 g bekmmen, daraus er zu Basel
1473 3173 2662 3331 verschiedene waarty angekaufft, so man samt
1477 3270 2651 3416 dem redren gelt samtlich bey seiner behändigen
1473 3340 2634 3520 auf ihme gehunden. Übrigens sagte Er
