3024 4032
152 506 250 596 12
281 560 1392 712 meinen hochgeplrehen herren rahtsherre
290 662 1339 780 Ienuer als herzu verordneten verbe
300 720 1341 854 Examinatore und auch jhr Miz die
314 811 1339 934 nere Mutthdn großweibel Emdunel
243 886 1346 1023 Guestemberger und den Gricht-schreiber
278 956 1321 1099 Johan Rudolff Spiffeli beides gütlich
289 1044 1343 1177 und peinlich mit anboredung der lahren
260 1130 1328 1261 Warter de 15. septbris 19 26 und 20
268 1212 1345 1339 Nocbris 8. 10 14, und 14, Fecbris Ao 1728
274 1295 1349 1414 hiemit zu verschiedenen mahlen examinrt
263 1364 1340 1502 worden, darauf dan nachfolgende bekant
255 1440 841 1569 uns heranskommte.
233 1562 1334 1735 Für das fesen, So lb dieser fiderius
226 1679 1319 1822 ugust Gotthard kinder angezeigt, sein
205 1764 1319 1894 Vatter seye under den Zellischen truppen
215 1840 1309 1979 wachtmeyßer gelesen und in der schlacht
219 1918 1303 2054 zu Hochstetten also bey sein sridels um¬
220 1982 1274 2091 mündigkeit umkommen. Nachmahle
206 2063 1319 2183 habe seine muter mit otto herbsteiner
188 2143 1317 2284 Hanoverischen granadierer sich verehelichet
170 2223 1302 2353 von welchen er seib 9 jahren daher abler
181 2302 1301 2427 sonder und sin und bider auch under andere
192 2387 1252 2517 eem bey einem kramer zu roht um
153 2463 1288 2606 Weseler wald gedient. Nach werts seye
186 2541 1294 2687 er zu Hanß Grorg Helm von Eisenach
181 2625 1321 2762 seinem schläger vatter einem kramer
171 2702 1300 2851 und spihler kommen, habe bey demselben
159 2789 1276 2931 Glöry Jahr sich aufgehalten, das gluks
149 2862 1279 3013 hafen und andere spihl erlehret und
134 2944 1309 3074 sein weib bekommen. Er verstehe hiemit
140 3039 1254 3180 seine andere begangenschafft all dars
118 3093 1288 3278 Blükbhafen spihl, darmnd er sich samt
94 3193 1267 3341 seinem weib und kind auch bis auszo
110 3296 532 3441 durchgebracht.
83 3349 1304 3597 So seyen seine elteren Kömisch Catholis
98 3470 1278 3674 cher Religion gewesen, er Linder gbar
2538 559 2649 660 13.
1600 576 2653 739 erangelisch getaufft worden, dennoch
1610 657 2657 818 Habe er niemahls diesere sonder alhit
1586 731 2387 884 die Rönische religion geubt.
1563 825 2645 1028 Deme ward er bekantlich, daß er lelstn
1559 930 2621 1075 hin zu Baden auf dem plaz einem
1566 1011 2647 1167 krämer stand gehäbt und mit nach
1566 1080 2657 1237 Pernam seten beiden mit gefangenen
1553 1156 2660 1328 dieben gesellen, wie auch dem so genanten
1581 1244 2642 1379 Berber, Franz Bapeli, Fridel, dem
1545 1320 2671 1492 schlarz bek dem Bäyeeli und Schilig
1547 1428 2623 1546 sich mehrmahls daselbst in eines
1555 1510 2637 1632 Wasers Hauß (allda man Wein außen
1558 1570 2645 1710 schenke zusamen k�umen, allso des
1540 1664 2649 1813 Bapenschridels weib Gärbel genant
1557 1730 2652 1905 sich auch einbefunden und angerathen,
1539 1818 2654 1976 Sie sollind auf des Predikanten Hans zu
1518 1916 2640 2066 Stengen lobs gehen, werdind daselbst
1550 1972 2643 2143 Pielgelt antreffen, dan er gar keich
1538 2068 2640 2218 seye welches sie vernommen, da sie
1528 2157 2659 2291 einmahl dorten in dem pfarrhaus si
1531 2222 2620 2365 trunk gethan, eingleiches habind.
1516 2316 2647 2465 der apriß und der schich mit Lißtans
1507 2384 2648 2563 des schmids mund erfahren zu haben
1514 2472 2670 2657 verdrutet, da sie ohnlängst lapelste
1511 2535 2239 2701 von Baden dorthin gereists.
1506 2689 2657 2917 Über diesen Raht schlag seÿzend sie gen
1499 2814 2667 2992 dachte acht manor Kerli Freytags de 30t
1502 2885 2670 3081 Julii betsthin etwan um 3 uhren abends
1506 2978 2617 3167 nach und nach von Baden außgangen
1503 3032 2635 3256 und laut ihrer abred in einem dorf
1503 3102 2692 3331 stund außricher Mellingen in dem wihrts
1483 3209 2694 3422 haus lolder zusamen kommen, daselbsten
1484 3263 2700 3503 habind sie sich in 2 rotten jch zu 4 abge
1490 3334 2668 3580 theilt. Bey der parthey under deren er
1475 3423 2652 3663 sich befandt, waren noch der schechn der Beyer
1481 3478 2703 3777 und der Gerber Franz, die übrigen mahlen
2347 3715 2683 3845 die anderen
