3024 4032
284 538 1358 692 that seye er nach aufgebrochenem Keller
289 639 1352 789 Loch der Erste hintingeschloffen, und habe
313 724 1334 858 anfangs inbendig die thuren mit auf-
304 811 1328 938 gethan nachwërts habe er anfänglich
295 890 1346 1007 mit einem wachßen liecht gezundet
299 964 1318 1107 folgends habe er die her pfarrerin
281 1030 1333 1158 so der franzag handen und hüßen
280 1103 1344 1264 gefeßlet an den fußen bider aufgelößen,
259 1203 1320 1338 sie mit gebundenen handen am stril
292 1285 1329 1423 im haus hinauf und hinab und endtlich
274 1367 1303 1501 in den Keller hinunder geführt, und
269 1454 1333 1595 drunden sie aufein bloßgesetzt, auch ihre
259 1522 1320 1688 hind und füb zusamen gebunden. hernach
260 1604 1302 1762 einen theil des raube auch fortgetragen
248 1692 1308 1817 der wilung dieser brut zu Klingnan
260 1764 1318 1910 und togeren beygeloohnt und darvon
228 1850 1309 1993 für seine dortion bey 900 g im
229 1935 1275 2086 gold und silberg gelt, wie auch 2
226 2018 1310 2165 gro�e und ein klleinen silbernen costel
214 2102 1295 2226 2 Bablen und 2 Meßer von Silber
226 2189 1310 2344 bekommen, auch  Guldene arm band
202 2296 1337 2440 von den anderen diebsn gespohnen außgekaufft.
196 2369 1298 2530 Die Goldenstut samt denen arm banden
208 2452 1291 2595 habe er seinem menfich zu Cogeren
210 2534 1305 2683 eingehändiget, welche sie alldorthinder
190 2626 1301 2772 dem haus verstelt zu heben ihme nach bete
196 2723 1313 2854 eröffnet, bey 100 tha in silber gelt
190 2804 1298 2954 habe er obrnhar Scheinfelden selbsten
182 2891 1309 3017 in einem wald und 1saguetlin, so dern
160 2971 1299 3125 Rrichman underlags entfallen, etwan
163 3065 1324 3202 d stund von stugen auch im halz verborgn
143 3150 1309 3307 Item habe er zu Sasel auch Waarta ein
144 3244 1302 3370 gekaufft, welche samt dem silbern zeug
145 3334 1293 3486 bey seiner anhaltung zu Klein konmegen
176 3414 1054 3572 auf ihme gefunden worden seyn.
2530 534 2626 611 83
1554 553 2623 742 Im übrigen gibt er vor, daß er der hr
1563 686 2657 848 Predikantin sonsten weiters kein leyd zuge
1576 773 2627 919 fügt, sonder im gegentheil für die er
1570 840 2629 990 haltung ihres und des pfarrers leben
1564 962 2640 1059 angelegenlich intercediet und gebetten
1582 1019 2642 1172 als der Bapenfridel sie niderzeiach
1561 1119 2633 1244 öffers bedreubte. Er seye zufälliger
1573 1189 2627 1337 Weis in diesere böse geselbschaffts deren
1557 1284 2645 1418 er zuvor keinen als den schwarhe bekh
1565 1373 2642 1508 kent gerathen und also von derselben
1559 1455 2606 1586 verführt und ans armucht
1540 1544 2651 1691 zu diesem schbährenfahl getrieben worden
1565 1644 2630 1774 von der ihme bürflich abgelesenen
1559 1722 2631 1869 von Zürich eingeschikten verzeichnus
1570 1800 2621 1951 vielen diebe, gesinds wolte er Welz
1552 1895 2182 2048 auch keinen erkennen.
1552 2040 2185 2211 Actum obstaht.
