3456 5184
486 873 1438 1016 damit sie daßelbe bekrnnen köünte.
488 987 1672 1162 D. Ob sie niemahen geschuihet, daß die kuechten
499 1071 874 1203 viel Galtgehabt.
474 1166 1624 1326 R. Als sie bey dem 1ls gelosen habe sie
501 1261 1664 1449 sichts gesführt, Nachwerbs aber wol hörrn sagen
500 1360 1040 1497 daß sie viel gelt hab ind
471 1480 1668 1676 disen nach zeut 1heren landtvagt ihre köüftigs
482 1593 1674 1747 zugesprochen und die frag, ob sie nicht in die
467 1668 1649 1839 rebend, steber gangen, dem men die hosen und
471 1756 1642 1946 aus denselben das Gänterli schlußeli genommen
462 1864 1000 2003 habe? Wiederhobet.
450 1952 1596 2129 H. ja es sege ihre Leyd, sie habe aber kin
444 2083 762 2199 Gelt genomen
415 2177 1687 2351 z. als sie das schlußeli genomen gehabt werde
434 2273 1659 2461 Sie und die knechten darmit das gänterli groß,
427 2369 709 2493 niet haben.
415 2468 1658 2659 e. Sie habe das Schlüßeli den luechten geben
425 2574 1494 2742 und wuße nicht wat darauff erfolget sege
389 2697 1609 2867 z. welchem tag den knechten sie das schlüßel
427 2793 736 2922 geben habe.
405 2901 1658 3073 e: Es habe einer von ihnen das schlüßeli ihre
426 2995 1617 3168 auß der handgenomen, wuße aberd nicht welcher
399 3109 1015 3260 Weilen es finst erd gewesen.
371 3221 1655 3434 a. Ob sie ist auch in des Gänteli gegenken und glt
406 3341 923 3484 darauß genemen habe
389 3432 631 3549 Bo Nein
379 3549 1648 3747 2. Ald sie das gelt genomen hatten, ward das Gänter
406 3651 1285 3831 lin wiederumb zugeschloßen habe.
393 3750 1615 3937 g Die kiechten, Sie aber habe das Gänterli
421 3830 772 3978 nicht angerachet
388 3951 1663 4110 z us die Schuideggerin das schlüßelin, Nachdeme
414 4034 1699 4209 das kanterlin wider zugeschlaßen word, nicht wieder
411 4099 1659 4269 in deß vleystorr hoßig getahn und dieselben an ihr
419 4191 865 4349 ort getragen habe.
404 4274 623 4438 B. Ja.
1267 4383 1445 4483 P. Ob
1885 801 3092 965 A 1b sie nicht wolle bekennen, auch von dem
1951 893 3152 1044 gelt bekommen zu haben. Villeicht habe sie solb te
1949 958 3142 1128 darvon genommen oder etwaß von den liechten
1953 1099 2251 1205 empfangen
1957 1166 3164 1334 hr lemtladers, Auch habind die ihrigen nichts
1976 1264 3147 1435 darvon bekommen, Inmaßen sil hiervon kein
1955 1380 2304 1534 gmooß gehabt
1927 1480 3176 1650 e. ob sie nicht einmal duben vor dem 1 hg raß
1965 1578 2902 1759 stall herdob gezogen und gezeigt, habe
1958 1726 2332 1858 Ps Namaliis.
1973 1837 3218 2004 2. Er seye doch nit glaublich, daß sie den knechteng
1976 1926 3229 2082 zu diesem gelt geholffen und nichts darvon be
1985 2032 2299 2196 mmen habe
1961 2131 3254 2310 H. Die habe keig gelt begehrt und nichts darvon
1997 2290 2299 2380 em pfangen.
1961 2318 3029 2496 etdum den 13ten januarii 1727
1994 2532 3249 2708 Den 1 januarii 123 sonrde gesagte Schei
1931 2643 3124 2823 Heggern fehrners examiniert wie volget.
1952 2783 3283 2967 e. ersteie gung samm bekent, daß sie auch von um
1993 2868 3235 3030 galt bekomen habe, sie solle dat die wahrhzeit
1989 2974 3290 3136 bekennen, wie viel sie gmomnen oderd empfangen
2004 3086 2133 3203 habe.
1997 3167 3271 3344 . Sie kame garo nichts bekonnen, habe nichts
2002 3293 3117 3463 von dem gelt genomen, auch nichts begehrt
1986 3408 3286 3578 e. sie wurde fehrners zur wahren bekannt,
1989 3519 2434 3654 nuß vermahnt.
2006 3602 3260 3757 . Sie habe iin trento solo von dem Hanner
2000 3687 3287 3850 Lautzenbergerd empfangen, aber gar nicht mlehr.
1990 3798 3288 3968 B. ob sie dann das gänterli nicht geholffen habe
2024 3915 2333 4009 Vivitieren.
2008 3978 3306 4139 R slein, Sie habe daßßelbe niemahl angerühet,
2030 4081 3291 4235 lein gelt begehrt und von den knechten nichts gefor,
1996 4190 2176 4307 deret.
2933 4228 3022 4344 e
