3024 4032
210 492 355 622 11
245 589 337 679 24
251 818 341 905 22.
224 1010 324 1116 23
223 1266 329 1384 21
180 1697 292 1825 25
174 2247 294 2370 26.
194 2875 301 2979 27.
127 3434 270 3535 28
373 551 1456 682 Auß einem andere kaden so elß schneider hart
357 635 1460 759 manns auf gleiche manier habe erd zu einer zit
351 709 1462 835 dern stuttlin gestrichletes zeügs arteguino und
360 765 1466 918 zu einer anderen zeit annach a stuckl dito erhasht.
357 844 1429 986 solches alles befinde sich auch nach bey seinem Zeug¬
367 974 1467 1112 weiters auß einem anderen kaden sdes hren wag
335 1056 1486 1212 nerd) habe er einem sack mit seiden erkheien
342 1162 829 1285 so auch noch verhanden
355 1258 1412 1404 In atztem winter habe er auß einem aben
339 1342 1459 1477 gewosenen laden an der neütenstatt ud stueb
322 1424 1465 1525 lin blaub Rubelin sammet, wie auch der Stück
318 1497 1448 1645 ein erhgrauw und 1 Stuklin rohten halb lein
329 1599 1267 1725 gmanan, so auch noch bey seinem zeug.
333 1705 1474 1816 An der kram, gaßßen auß einem anderen leden
309 1786 1449 1924 sdes herren erhandts so aff in gewesen, habe er
319 1844 1458 2005 ain abend zwischen tag und nacht 2 stucklung
303 1941 1458 2096 Wüllin zeüg entwendt und daselbe an einem
300 2015 1461 2182 Marit im Anzerwrd, gebitt umb 8 a 9 l vor
297 2122 502 2236 kaufft.
317 2253 1478 2369 An der Kram, Gasßen auß einem anderen offen
314 2317 1475 2463 gestandenen laden habe er auch der stutt tuch ge
300 2400 1469 2553 nonrn, darvon er ein luttlin für sich machre
288 2483 1489 2626 laßen, 3. ell des wihrts Wlatthysen Babi in seine
297 2541 1505 2747 Heymat verehrt und N Ell dem Cati Hinli h
307 2684 577 2817 verkaufft.
322 2756 1466 2937 Du thum an einem jahrsweit habe ey denhe
323 2829 1498 3049 Rui h statt tach erlischt und solches in das
285 2926 1496 3148 wihrts hauß zum lautzen gewagen, alleo es
281 2965 1502 3228 ihme von einem schneider wiederumb abggahen
281 3098 1456 3316 er auch wein zu bezahlen verfellt und darmit
278 3246 879 3377 roaß gelaßen worden.
312 3294 1501 3506 Alldort an einem anderen larit habe Er dem Grbs
286 3381 1489 3628 im benteil 3 gegerbte haut erbütschten komen
1296 3464 1459 3571 selbige
1533 991 1624 1087 29
1542 1716 1620 1789 30
1562 2610 1642 2694 3.
1551 3065 1632 3144 32
2570 524 2666 602 141
1619 578 2648 707 selbige verboagen und hernach fort und nach hauß
1642 662 2721 769 getragen, foglich einem schuhmacher auff borg verd
1647 714 2728 840 laufft, Eherbwvor aber solche bezahlt habe der
1649 796 2678 929 gerbard dieselben enzdriket und wieder zu
1645 872 2139 990 seinen handen genomen.
1649 979 2706 1102 zu gemeltem thun in dem wihrtshauß leyen
1637 1027 2722 1180 Weißen keruf habe er auß der stuben ein ehrin
1629 1119 2773 1243 Glörselin von etwann 3 3 lb gnomnen und imen
1629 1187 2745 1315 savoer, Keßler umb 14 bz verkaufft, ward
1648 1269 2747 1397 aber entdeckt und zu schuldtheyß wytten,
1643 1333 2770 1476 bach geführt. welcher dann mit einer vermahnung
1648 1422 2698 1538 ihne kauffen laßen, weilen er vorherd dem
1610 1502 2781 1610 wihrt umb seinen verluost vlehr als gnug außge-
1627 1562 2349 1701 wirsen und befriediget gehabt
1660 1680 2785 1817 Nach Lohtmahligem Shurdot habe er mit seinem
1662 1773 2746 1887 Bruder Matthuß Müller dem Lehenmann zu
1644 1842 2787 1967 diß sach nachts dry ehrer hafen entkandt. dar
1644 1930 2793 2070 von er den einzen dem aupferschmild Itth auch ver
1636 2004 2792 2150 ghauslet. Die zwey anderen aber befind ind sich in
1647 2085 2721 2218 seinem hauß dreben im Luhe-ställin hinder
1671 2171 2773 2281 einem haußen siebstewen vorborgen Alls in
1655 2233 2795 2385 steye Er Niolaus zum Fenster zuain gestiegen,
1660 2322 2780 2462 der Watthÿs aber habe Außanzer Gewartet und
1655 2395 2812 2534 die hafen ihme abgenomen. Zu diesem diebstahl
1668 2485 2758 2624 habe erd seinem bruder getrieben und angeführt.
1685 2605 2774 2740 Auff einer Alp im Einentahl auf dem Sattel
1661 2685 2800 2827 genant habe er nachts auß einer karrn hutten
1659 2772 2812 2896 d h. Ein lüht, häütlin von einem abgestandenen
1669 2851 2792 2988 Veich entbandt und dem Gerber im Gtratt umb
1669 2935 2061 3043 2. B. Verkauft.
1680 3025 2714 3197 Ald er bey Pefer Hagen dem Wasengeb suz
1652 3130 2776 3276 Weißenburg in diensten sich befande, habe er ihme
1662 3197 2819 3343 d. Raß d lühr haut und 3 halb, sFell veruntren
1658 3258 2833 3433 gort und solche nach Schwartz enegg getragen und daselb
1669 3378 2328 3511 istigen Sattler verhandlet
2557 3397 2682 3525 33.
