3024 4032
160 502 263 616 9t.
368 531 1358 693 fridels numündigkeit umkommen
356 651 1327 734 da nachberte seine muter einen
359 699 1345 841 anderen man genommen, der ihnen
329 794 1352 942 bis vor 9 jahren bey sich gehabt, seit
329 876 1336 1015 selbiger zeit aber habe er hin und
319 967 1354 1119 har gedienet, auch gbren Jahr Lang
316 1036 1345 1186 bey Hanß Grörg Helmrinen
295 1143 1342 1276 Kramer und Spihler von Eisenach
296 1234 1337 1389 seinem schligern vatterder sich auf
274 1325 1361 1479 gehalten und von ihme anders nicht
289 1406 1318 1554 als das G luksn hafen, und andere
267 1499 1332 1652 spihl erlehrnet und darmit sich
270 1592 1321 1745 bis anjezo durch zubringen gesucht.
182 1784 1327 1971 Senne. So bekante er nach ange
245 1896 1322 2067 wendter lahren marter, daß er in
258 1988 1320 2147 letst verschinnenen sonmer et
244 2101 1299 2227 welche wochen lang zu Baden nm
261 2169 1308 2307 Argoulo mit seinem glukenhofen
253 2260 1299 2428 spihl zugebracht und daselbsten
245 2387 1309 2490 in eines crosers haus mit diesem
236 2457 1317 2599 beyden mitgefangenen, wie auch noch
215 2540 1255 2688 funst anderen dieben gesellen
223 2641 1300 2782 namens Gerber franz Schwarzen
197 2725 1313 2882 Bek Grörg Maghofer gewant ägin
183 2814 1296 2961 Psilis Stich, lie auch dem Bape¬
177 2911 1287 3073 Fridel und deßen Weib Bärbdl
192 3003 1281 3158 genant öffters zusamen kommen.
190 3072 1279 3229 und auf diesers weibs angeben den
174 3165 1291 3359 anschlag gemacht, auf des herren predin
158 3275 1277 3471 kantze Hans zu Seigen looß zugehen,
166 3368 1281 3518 und umr sich daselbstiger eigentlichen
145 3465 1234 3636 behandtnus zuerkundigen, ibey aus
135 3554 1069 3760 ihnen dorth in verschikt habind.
2504 560 2602 653 93.
1582 593 2629 796 Über diesen raht- schlag hin seÿnd Sie
1602 700 2636 886 die gedachten acht Mans Kerli, die einten
1606 779 2656 928 mit sistollt und rudert ander mit
1582 850 2627 1022 Birsch junger und degen versehon
1575 968 2648 1115 d frey tags de 30. julii ersthin caspresae
1584 1034 2649 1218 von saden hinbege und auf sengen
1574 1136 2666 1279 zugegangen und nachts etlag nu
1579 1218 2615 1380 10 uhren dorten bey dem pfarrhaus
1582 1329 2670 1468 angelangt, allleo sie bey dem Keller
1573 1418 2676 1548 den einbruch gethan, etwelche thuren
1582 1483 2650 1647 aufgesprenht, samtlich und zwar
1582 1592 2667 1749 etliche mit zuvor geschwarzten gesihen
1582 1658 2673 1850 derrn in etwelche gemacher gedrungen
1564 1750 2664 1926 die im haus gelesene lrucht in ihrer
1554 1833 2670 2009 buft und schlaf überfallen den herren
1559 1908 2653 2087 Ppfarhter in dem Bedt an händen und
1549 2019 2661 2181 füßen gebunden, ihme mit inotou-
1571 2113 2636 2264 menk Schlag auf den Kopf, und
1531 2228 2652 2350 sonsten, auch einen sieb in leib gegeben
1535 2290 2668 2452 und ihne also vielfaltig verbundt
1551 2357 2668 2565 Sind darmit sinnloos gemacht, ihne
1548 2469 2643 2658 in den Keller hinunder geschloppet
1557 2569 2656 2719 und daselbsten gekrüplet gebundtn
1519 2668 2617 2829 Die sr Predikanti dan habind die
1566 2766 2632 2924 auch gefaßet, gefeßlet in dem Hans
1519 2840 2681 3056 von einem gemach in das andere geführt,
1526 2928 2646 3108 Ihr geschos und degen auf die Ernst
1535 3031 2637 3215 gesezet, und also zu anweisung des
1523 3156 2614 3329 gelts etc. bezbungen und zu letß sie
1530 3235 2620 3409 auch in den Keller hinab geführen und
1489 3318 2642 3505 ihra hand und für znsameen gebunden.
1507 3388 2610 3610 De Magd alich an händen und füßen
1530 3477 2642 3691 und ein tochterllin an händen geschmürt
