3024 4032
152 472 295 588 117.
286 552 1355 720 und erschindlichenn mahlen und swaro den 20
276 646 1322 751 dito duni, wie auch den 18en 20s augusti
267 729 1319 849 gürtlich und den 22 tag dito ernst wörtig mit
248 806 1342 944 betreütung der Mlarter, setzung aufe den Fal
247 894 1328 1028 ster stuhl und anschnüerung der händen, jedoch
252 968 1335 1113 ohne würckliche ambrziehung tc. auf war weiste
245 1051 1220 1179 sie mit ihrem arnen und umbgegangen etc.
228 1130 1330 1263 Scharbr quadtioniert, auch dardurch Nachteschebene
228 1224 1287 1365 bekanntnuß und vergicht von ihre erhalten
207 1295 962 1433 worden und herauß kommen ist.
132 1437 1309 1637 Naublichen und zur das Erste, So Zigte
189 1551 1306 1708 sie an1 daß sie von ihren elteren namenr
167 1631 1294 1808 Hann Reiner mit Christman zuzeligen
161 1718 1282 1888 kofen sorgfaltige anferzeüchung empfangen und
159 1808 1319 1950 wegen dero geringen zeitlichen mitteln alberitseit
133 1878 1305 2025 kundtjahren daher an vier orten auff dem Land
151 1979 1250 2123 in diensten sich befunden und diensts halb
146 2075 1265 2241 fromm grtorut und fleißig aufgeführt undt
126 2156 510 2290 verhalten habe.
71 2281 1312 2490 Zur Auderh bekennte sie auch, daß sie ofegehr
99 2422 1285 2581 zu sähns seit im herbst Letzthen zu Ditertgtih
96 2511 1265 2663 im wührtshauß in ihrem daselbstigen dienst der
78 2613 1176 2746 Gerters redigen sohn von Groß, gfolteren
75 2706 1259 2855 . deßen namen ihra nicht betuß) einmahl bey
74 2767 1292 2949 sich habe übernachten, ohne anderwärtige derspreching
69 2882 1257 3033 unzüchtige leibt, gmeinschafft treiben und sich
63 2988 716 3115 also schwängeren laßen.
19 3122 1216 3312 3. Versehrte Sie weiters, sid deme Sie don
6 3237 1249 3398 Wayhnachten herr zu Schupfen im dienst gestanden
15 3313 1116 3488 und zward ohngefahr umb oster zit habe sie
966 3391 1235 3508 schwanger
2502 592 2587 690 113.
1539 644 2616 778 Schwanger zu seyng gewahret und ihre lubtfrucht
1570 730 2608 869 von selbiger zeit an biß auff etliche tag vor dero
1547 803 2652 946 ghenßt ( da sie einen fall getahnen, jedach deßthalb
1544 878 2624 1036 innerlich keinen schmertz erlitten) Immerhin bey sich
1539 949 2503 1119 verspührt und empfunden, dennoch aber ihre
1532 1040 2639 1190 schwangerschafft wederd deme, so ihra solche vormeb
1529 1101 2628 1264 sachet, noch irgind einichem anderen mlanschen auß
1522 1198 2644 1342 forcht und schaam gegen ihren fromnen elleren nicht
1529 1274 2179 1409 angezegt und groffenbahret:
2291 1314 2659 1421 sonderer im Ge¬
1518 1371 2672 1513 igenteill habe die selbige ihrem Nleysters und vleyser
1506 1473 2622 1607 frauben zu Schupfen dem mubter kiecht, der
1489 1534 2642 1693 Shulberin wluber und geschwege, die da ihro solche
1509 1631 2643 1781 öffters zugemehrt, wie auch ihr der detinquentin
1505 1730 2612 1861 eygenen muter, so cxpresse nach schupfen kommen
1497 1815 2663 1946 und darüber scharff mit ihro aufgefahren ist, ja
1492 1895 2662 2052 selbstan dem heran Predikanten zu Schupfen, welcher
1492 1988 2604 2129 auf gedacht der muterd anstuchen sie auch vor sich
1490 2072 2648 2218 beschikt und glichfahld über ihre schwangerschafftde
1484 2140 2641 2278 Red gestoßen hat) auch sonsten mäünglichen bß
1490 2223 2637 2368 auff die achte stundt vernemet und verlaugnet
1469 2338 2584 2520 I. Hat sie gestanden, daß sie den 40
1459 2449 2620 2583 Duni am tag ihrer kidts, wiederkunff am  der
1463 2565 2633 2687 latten nechst dem hauß heübbend sich befande und
1476 2633 2582 2765 umb mittags zu mit einem hefftigen bauchwehr
1475 2725 2641 2848 angegauben ward und dahero nach hauß gehen müßte
1453 2811 2632 2951 hernach aber wiederumb auff die glätten sich begeben
1446 2884 2618 3009 habe und etwann umb 1 uhren abends wiedero
1451 2969 2611 3109 mahlen wegen angefallenen hefftigen trummend und
1455 3054 2590 3190 bauch grimnen in das hauß auf die buhin zu ihrem
2281 3133 2607 3237 derd Müllern
1430 3138 2054 3261 Schlaagks bett gegangen seye
2069 3178 2121 3239 5
1439 3213 2615 3363 Nuter (welche andent ihre abends zuvor kinder
1449 3301 2610 3444 iederkommenen tochterd und dem Kindlin abzuwarten
2383 3407 2539 3520 hatte.
