3456 5184
323 2624 401 2716 2.
507 913 1786 1147 von Uliaton suota saore ziborgg und zu keien
490 1039 1786 1226 burg ankommen, allwo er m monat lang in dem
498 1127 1772 1310 Wihrtshauß zum Gften als kochgedienet. Von
498 1212 1780 1399 dannen seye erd nach Ppariß gereist und 6 monat
462 1311 1325 1483 lang daselbsten verblieben.
1324 1336 1766 1493 Nachtorts be¬
502 1422 1753 1586 habe er sich wiederumb in die schweit auff
470 1511 1766 1718 gnnte und anderte daselbsten pretigion, Voli
478 1611 1754 1806 lich seyr er wirdermahlen nach Netomnburg zum
470 1708 1769 1879 aken in dienst getretten und 6 monat darinnen
474 1825 743 1953 geblieben.
927 1829 1735 1977 Darauffhin habe er sich mit
463 1929 1735 2107 seinem weib auß dem xocles gebührtig verehe
449 2011 1756 2189 gelicht, sich darthin verfüegt und mit ihre sieben
453 2121 1443 2300 Jahr lang Alldart hauß gehalten.
1517 2143 1721 2287 heenach
437 2205 1744 2414 seige ur zu Herren von Erladen von Jegenstargk in
437 2332 1739 2516 seinen dienst kommen und 2t monat lang alldan
439 2398 709 2536 gestanden
407 2557 1727 2814 Hal hand von Erlach ihm ehngegeben scheift,
423 2712 1707 2903 elichen abscheyd dennoche mit bezahlung seines
423 2813 1735 2987 rohns verschikt. Auß urstachen weil fr auinet
415 2901 1743 3082 den stargen nebend, diensten bey dem herren ver
400 2995 1725 3217 lüßet und beschuldiget worden, ob hatte er ein
404 3110 1673 3308 mahlen hand in daß herren Burcan geseeket
403 3210 991 3381 und eingriff getahn.
1223 3263 1696 3393 Erd wollte aber
372 3288 1712 3548 keines vogt gestehen jemahls ob dem Burcangt,
375 3425 1682 3659 lasen zusezn, noch vil weniger daß ersich
333 3549 1707 3754 vend seinem dienst das geringste seinem gerren
374 3601 1721 3837 weder alls zu hauß noch amh denen verschindenen
391 3697 1597 3936 mit ihme gerahnen reysen voruntreütet habe
342 3774 1695 3990 sonderen sagte, daß diese beschuldigung und verd
379 3890 1691 4124 böserung von denen kebend, diensten lediglich
373 3971 1703 4200 aus haß und raach wieder ihne beschehen. Wie
371 4078 1688 4322 auch daß wolgedachter heer von Erlech ihme alle
364 4171 1714 4393 seine alchies und zu Locle gehabte effecten habe
371 4242 1700 4480 durchsuchen und alle seine ormbeschafften hier und
1273 4460 1691 4595 zu Reubenburg
1866 2520 1964 2645 3
1885 3425 1970 3528 4.
1862 4182 1970 4292 5.
1986 912 3279 1148 zue Nautdenburg anhalten laßen, dennoden aber
2028 999 3254 1165 mnler studl der untreüb nicht winder ih n
2023 1084 3297 1291 etdeten, nach das Geringste von dem seinigen
2929 1182 3272 1306 Außert daß
2016 1216 2775 1367 darunber antreffen können
2027 1298 3295 1446 im Lorle under seines eheloribu lar deo zweü
2022 1383 3288 1578 von Heren von Erlacht kurcheren namendtlich
1996 1490 3270 1633 ahiotoires do Robinson dom 1. und
2003 1579 3299 1745 Lihio lore da Ron uilleaumo 3. Jom 17
2650 1682 3310 1830 Welche küecher aber sein
2020 1710 2541 1877 gefunden worden.
2008 1750 3319 1974 rd ihme während seiner kurtz zuvor gehabten
2019 1864 3292 2057 wanckhet und lang gedaurterd impästlichkeit
2020 1961 3306 2178 gelichen, sein weib dann bey ihrer damahlen
2003 2060 3331 2291 ihme getahnen heymsuchung umb solche auch zu leßen
2016 2171 3317 2361 mit sich genommen und selbige dazumahlen noch
2002 2294 2740 2477 nicht zur mt geschickt hatte.
2007 2431 3302 2626 S bekent er, daß er anmahlen v tisch
1975 2555 3316 2789 Waachelin 1 welches er auff der mit seinem
2001 2670 3278 2878 herren nach der tambicris getahnen reuß zu
2004 2793 3329 2986 bahel von ihrem wihrten zu einprung eines
1999 2875 3340 3077 bratens abgelehnt und nacorrts wegen einer
2007 2973 3340 3135 anderwart ig genomenen voute bey der rudt
1986 3067 3316 3271 kunfft nicht windergeben können) behalten,
1995 3198 3328 3375 und darauß ihme d Vollin anmachen laßen
1970 3357 3267 3565 Seit dame er anß herrrn von Erlacht dienst
1988 3495 3323 3681 gwahten, weilen wegen deß obanzogman ver,
1970 3600 3295 3780 achts der untrut er dieser enden aller orten
1984 3700 3296 3873 verschreyt worden, seye erd mit seinem weib s so
1986 3788 3317 3959 nun schwanger) mit einem kind von 7 jahren
1979 3883 3295 4059 Alters wjederumb in sein heymab nach etratono
1996 3991 2236 4119 gekehret.
1970 4129 3315 4323 Letstlich auß gehuß seines weibs steye er gegen
1973 4251 3267 4405 rocto gerei�t umb zustehen, ob ihre elteren
2009 4332 3306 4498 nach bey leben waren. Underwegs seye er
1981 4416 3295 4589 durch eingegstung bösers gedanken verleytet
2983 4523 3197 4643 worden
