3024 4032
142 465 240 571 90
337 549 1401 696 Und sich allesamt in des Trähers Haus Osr
347 636 1369 748 mit des BapenFeidels weib versamlet
340 712 1361 838 und gerahtschlaget auf eines pfarreren
341 786 1358 911 haus swußde nit an welchem ohrt loos
310 877 554 1004 turlg.
820 871 1350 995 Nach dieser Abred
296 951 1350 1074 sey er rReichman mit den gesamtenob
323 1027 1369 1160 melten siben kerls freytags den 30. juli
301 1103 1344 1237 Ebsthin von Staden nach gedrukem sengen
306 1187 1352 1332 zugangen, er hiemit dem hievorbeschrie
301 1253 1345 1404 sener gestalten in dem ppfarrhaus daselben
287 1326 1335 1493 seen verübden nächtlichen einbrucht beyge
278 1412 1305 1542 bohnet, hinauf in das Haus sich begeben
235 1476 1341 1617 habe und anfangs obenher vor einer
264 1575 1329 1711 Fur hernach bey der sammer da die Mard
261 1651 1339 1800 gelegen und bereits gebunden ware. schile
278 1736 802 1885 bacht gestelt worden.
1018 1755 1332 1893 die feh Pfar
253 1839 1322 1980 verin habe er auch in dem oberen gtmachen
253 1908 1332 2063 an dem strik, mit welchem sie an handen
247 1981 1307 2124 gebunden gebesen gehalten, alldieweil die
232 2073 1308 2211 anderen um die schlüßel zu der kißen
223 2148 1030 2307 zusuchten hinunder gegangen.
1030 2174 1283 2264 Und
227 2247 1310 2364 endlich habe er mit dem friderich linder
217 2317 1294 2467 den herren pfarrer in den keller getragen, er
206 2416 1288 2546 ihne be dem kopft, der andert aber bey
207 2490 1307 2642 den hußen gefaßet und drunder aufein
179 2578 1293 2733 bloch gesezet, mit deme seyen sie aber so
194 2666 1298 2812 gelindmüglich migtgangen dan traln
188 2752 1283 2895 brreid über und über bludig waren und
182 2844 1311 2968 shan zuvor wie er nach der land vernommen
176 2931 1279 3069 von dem schloarh ock den hiebin leibind
168 3026 1308 3162 von dem Bapon-Fridel mit einem Stär
161 3109 1300 3244 Eisen ein schlag auf den kopff bekommen hatte.
138 3185 1309 3337 sonsten habe er sich in keinem grmach befunden.
144 3274 1284 3417 und megends keine hand angelegt, auch
128 3363 1280 3510 beiters weder dem herren pfarrer nach der
121 3462 856 3608 hr nichts beydt zugefugt.
2543 551 2665 663 8s
1522 560 2655 749 Die geraubten sliken habe er auch müßen.
1585 687 2667 844 holfen forr fragen und der theilung derselben
1588 774 2644 911 beides zu Klingnau und sögeren sich
1598 840 2643 990 einbefunden und darvon für seinen theil
1578 927 2634 1041 in bahrem geld gald und silber dorben
1597 991 2627 1135 seines erachtens bey 700 gs empfangen,
1575 1071 2638 1222 welches alles außert was er seit der zeit
1583 1168 2650 1313 verbraucht hatte, bey seinem verhafft auch
2404 1263 2662 1366 Im übrigen
1580 1240 2265 1387 Ihme sich einbefunden:
1586 1323 2666 1461 bie gesagt, seye er zu dieser übelthat
1577 1407 2651 1519 Theils aus noht und armust, theils aber
1569 1500 2660 1626 durch anzogen böse gesellschafft als ein
1567 1576 2669 1724 nach junger kerl verleitet und so zu reden
1570 1662 2674 1803 gegloungen worden, indem er dem raht
1576 1750 2667 1908 schlag beygeloohnt und nit zuruk bleiben
1577 1831 2664 1954 dörffen ausforcht, erwurdt nachmahlen
1543 1916 2561 2061 Vor den anderen nit naher sicher seÿn.
1516 2029 2655 2216 schließlichen gestuhnde er auch, daß er mit
1561 2147 2668 2297 einem gflan�en hiliß ans Prisgaulo
1549 2220 2643 2371 drußen im Urich zu Ober rotenbirg leegen
1564 2304 2662 2493 eines spihlstands in uichinigkeit gerathen.
1546 2397 2645 2539 allda sie mitden Mäßeren and gemein
1546 2476 2662 2615 worden und beyderseits einanderen verkundt
1557 2562 2597 2703 habind, dahero er nit mehr dorthin gehen
1552 2642 2622 2766 dorffe, sonsten wolte er seinee andere in
1539 2719 2628 2878 der specification von Zürich beschriebene
1526 2789 2622 2968 persohnen erkennen. ctum ut supra
