3456 5184
412 1104 1536 1318 H. Ob sr nit diesem seinem mleister trulaaß
411 1195 741 1328 worden seye.
421 1309 1518 1515 . Ja Er habe denselben 9 l dube serne,
406 1376 634 1479 trubet.
398 1476 1480 1713 B. Auff Waß weise erd diesen dirbstahl fürge-
392 1573 702 1681 nommen habe.
378 1662 1518 1847 e. er seye etwang fachts umb 14 Uhren ans
407 1734 1509 1930 dem obergaden auf dem ofen durch daselbsti
400 1833 1517 2055 ger noch huunter gestiegn, habe seinem elih
383 1901 1519 2124 ster auß den hosen, die da amb einem trag ge-
383 2010 1548 2205 legen, den Ganterli schlußel herauß genommen.
374 2066 1524 2254 darmit das gänterli groffnet und auß einem
350 2160 1517 2361 seckel, der etwann einer faust großen angefüllt
361 2244 1032 2400 gewesen obiges gelt genomen
333 2337 1526 2562 2. Wie manchmal erd in den seckel gegen en habe
339 2427 774 2554 R Wurd einmalen.
335 2537 1406 2718 2 woer her nach den schlüßel hingetahn habe
339 2643 1477 2789 e. er habe solchen wiederumb an sein ort in die
341 2717 638 2852 hasen gelahn
316 2824 1479 2978 e. wed ihme diesen diebstahl habe verneben helfen
332 2899 634 3009 R. Niemand.
323 2994 1086 3141 h ob niemand darbey gewesen
339 3091 1022 3228 3 kein jad sliemand.
331 3175 1459 3365 ob dann Hanns Laubenberger und Elsbeth
326 3253 1432 3450 Scheidegger seine gelasene rabend, diensten nicht
330 3352 1362 3520 ihme zu diesem diebstahl behulfklich gewesen
335 3432 522 3544 R sei
324 3527 1444 3722 . an welchem ort sie sich dann dahumahlen
336 3602 721 3736 befunden habind.
334 3715 1424 3878 e. Sie seyen beide selbiger zeit nit im haußge
327 3760 1461 3940 woesen sondern villaucht in der kurtzweil steben.
312 3864 1466 4029 e. warumb er dann diese bride dn vormahls
326 3960 1389 4133 angeklagt habe, als wann sie seine wlittahter
317 4015 437 4125 wauen
317 4094 1461 4306 e. er hahe augenen gebraucht und die soch nit beßer
322 4165 513 4299 gesammen.
314 4260 1451 4443 e. Ob er wwann wieder diese seine shebend, diensung
2827 950 2932 1060 19.
1763 1059 2924 1241 mng slind getragen, daß er sie also unschuldig im
1759 1183 2277 1365 dnhiden gracht halbt.
1752 1295 1944 1430 1 Nug
1753 1320 2971 1546 repliciert: Es habe ta vormald mit allen unbstanden
1739 1405 2951 1615 gerachts bide lebend diensten beschuldiget und
1745 1498 2916 1693 gezagt, daß das Elß lath ihme darzu behulfklich
1747 1637 1920 1752 gewesen
1749 1667 2742 1870 ja allein fr habe solche erstinnet.
1746 1767 2960 1953 z. Auß waß ursach und dann solches getahn habe.
1758 1885 2932 2045 p Er habe vermeint. erd komme darmit ehes dar
1756 1993 1859 2110 1n
1737 2063 2930 2221 Repliciert. Diß alles seye nit gleüblich erd
1739 2154 2933 2307 solle demn gedachten lebend, diensten nit etbaung
1731 2238 2912 2387 verschanen, dennach aber ihnen auch nicht unricht
1715 2321 2791 2469 suhn, sondern die purt wahrleit angeben
1722 2430 2961 2600 e. er könne nichts anders sagen, als er dieß malen
1731 2527 2894 2679 angezeigt, er wüße nichts bater von ihnen
1718 2632 2898 2784 B. Wald ui dem gedachten gelt hinkommen seye
1733 2734 2959 2888 H Grey von denen  dube habe er zu Huttwil
1730 2822 2962 2961 gewachrlet und darfen das eleiste gelt seinem vatter
1718 2905 2954 3046 zu ghalten gebene, welcher es nachtworts denn seßen
1730 2994 2951 3127 wiederumb zugestellt. Die übrigen 6 dubl damn
1749 3063 2971 3212 habe ur dem Samuel hesß drußen auff dem feld
1736 3160 2236 3290 selbsten wiedergeben
1725 3235 2967 3394 repliciert. Er habe hirord angezigt des sanuel
1750 3330 2937 3486 uß habe ihme das gelt auß dem satt genommen.
1745 3416 2946 3575 e. Er habe sich damals nit so eygentlich vlehrd
1746 3497 2956 3662 verstimet. Der heßß habe ihne befaagt, waer
1748 3581 2957 3731 das gelt hege und da er geantwortet im saten
1750 3669 2914 3803 habe fr ihme hinein greiffen wollen, Worau
1755 3749 2653 3889 Er all ihme solches darauß gegeben
1736 3821 2946 3973 e. ob hiemit wahr seye, daß er obgemellt senen
1742 3901 2624 4018 glebend, diensten unrecht getahn habe.
1726 3979 2809 4127 h ja, er habe denenselben unrecht getahn
1739 4081 2934 4212 e. waß ihne zu solcher unrechten anklag betrogen
1741 4171 1878 4275 habe.
1746 4223 2926 4363 H. nichts anders, als daß Samuel Hesß als er
2628 4321 2775 4443 ihne
