3024 4032
393 953 464 973 Ebenfahle ist dieser Johannes Reidman
440 544 1312 724 Bekantnuß und Vergubt
485 677 1213 784 Johannes Reichmans
394 754 1351 903 genant Grinds-Kopff, gebürtig von
391 845 1376 973 Büsteraub aus dem Mettenburgisch
131 482 250 595 181
293 973 1373 1128 Ebenfahle ist dieser Johannes Reidman
302 1084 1364 1211 Von etwan 20 jahren alters und der
307 1170 1355 1317 Rönisch Catholischen Religion zugethan
1263 973 1368 993 Büsteraub aus dem Mettenburgisch
310 1248 1383 1434 mit obbenseten beiden seinen diebs Convor
307 1333 1342 1471 auf verfügte hoch oberkeite anstalt als ein
294 1424 1364 1562 Mitbegeher des sengischen raubs zu Kerin
303 1516 1360 1642 Bfningen angehalten und eingestelt, von
283 1581 1343 1734 lobptin stand Basel außgeliferet, ein
272 1653 1353 1829 geholt und gebahrsamlich in allhiesige hoch-
266 1746 1362 1899 oberkeiten gefangenschafft gebracht, folgend
256 1827 1358 1982 durch meinen hochgeehrten herren rahtherr
254 1917 1339 2062 Denner hierzu besteltem herren suami-
256 2009 1358 2138 natore. wie auch multh Groß weibel
260 2088 1336 2231 und gricht schreibern gutlich und srnsten
248 2179 1334 2326 bortig, auch mit bedreüben dennoch nit
220 2260 1331 2396 sollends angebrndter Marfer den 1t
233 2351 1343 2484 Septbris 18 26 und 29. novebris 8 101
232 2437 1342 2570 und 14 decbris ao 1728 hiemit zu lcht
221 2510 1354 2658 underschiedlichen mahlen coraminiet worde.
209 2606 1334 2728 hat darüberhin nachstehende bekantnuß
221 2676 1298 2827 und vergicht ertheilt und von sich gegeben.
227 2791 1307 2950 Nams und Erstlich hab dieser Johannes
200 2891 1340 3037 Reickman vorgeben, daß sein valdernamen
208 2996 1333 3115 Heinrich Reichman als ein soldat verstorben,
187 3064 1308 3214 seine muter aber mit schristoff Büschel
177 3155 1320 3300 nunmehro verheürakhet seye, mit selchem
172 3234 1335 3385 er den märlken nachgezogen und von ihnet nichts
171 3312 1305 3469 anders als das spihlen erlehrnet, Er alßo
159 3395 1317 3554 eine sehr übele auferzeuchung empfangen,
2518 532 2616 627 85.
1582 554 2589 717 Auch weder schreiben noch besen gelehrnt
1566 638 2606 778 habe. Beynebens seye er um osteren
1591 715 2654 888 letsthin von gedëük seinen elteren auß
1583 808 2579 959 gestoßen worden und seikhero Bald
1588 910 2608 1030 hier bald dort mihergezogen und also
1587 972 2617 1125 under schlimme gefellschafft gerathen
1575 1053 2614 1211 die da ihne verführt und zu diebstählen
1563 1143 1974 1266 verleitet habe.
2117 1168 2445 1268 und Zloar
1566 1264 2600 1453 Erßtenmahls habe er zu Möringen mit
1588 1397 2627 1532 dem Gerber franz dem Bägerl und
1571 1480 2636 1603 dem Brandonburger, seidel bekant
1563 1563 2645 1703 schafft gemacht, welche ihne in das wiggen
1575 1636 2655 1793 thal bey Rotenburg mit geführt, allleo
1564 1727 2642 1887 sie nachts in die kirchen hinein geseigen
1573 1820 2654 1974 und daraus alles gelt und silberg pie
1567 1904 2638 2048 entragen, was sie darinen angetroffen.
1574 1978 2636 2120 zusamt des meßners rok von dem gelt
1557 2061 2643 2216 habind sie ihme bey 10 thal geben, den
1546 2139 2647 2296 kok wrage er noch dißmahlen auf dem leib
1552 2235 2632 2409 darfür er die anderen außgekaufft, von
1546 2311 2625 2467 den silber docalen aber, so die übrigen zu
1537 2405 2629 2569 Stein am schryn verhandlet haben sollen,
1549 2477 2468 2639 seye ihme nichts entrichtet worden.
1513 2649 2640 2813 Eltstlichen dan seye er Rrichman mit gedahn
1553 2751 2636 2898 dem Berbern franz und Bayerli von
1538 2851 2631 2998 Schafhausen nach Baden gereißt, weile der
1543 2935 2620 3054 derber verdeubet, sie werdind alldorten
1539 3006 2646 3158 kerlb antreffen, die von loß zusprechen
1546 3109 2644 3243 bußen. daselbsten habind sid den daper
1524 3153 2639 3324 Fridel, den Philisp stich den schbarzen bel
1541 3248 2598 3406 und beyde hier mit gefangene feiderich
1490 3327 2623 3510 kinder und Johannes Schech angetroffen,
