3024 4032
2503 587 2634 676 111.
1566 576 2538 768 Betanlnaß vnd Bertzichl
1656 707 2474 865 Der Madlena Steiner
1558 819 2631 986 einer dienst mlagd von Zollikofen gebürtig
1557 898 2448 1037 von ohngefehr 22 jahren alters
1460 1041 2648 1214 Rach dene 3hr Gnoden zu nicht ge¬
1510 1186 2670 1287 eingem bedauren hinderbracht worden, Wie daß
1509 1242 2677 1358 freytags den 10en letst versteichenen umpttig
1515 1331 2665 1443 dieser weibt Pperson komens rlaslena Steiner
1989 1037 2003 1040 von ohngefehr 22 jahren alters
1500 1422 2667 1549 damahls bey dem underen Müller zu Shupken
1509 1512 2662 1650 in diensten in gezeyn ein uneheliches und zur
1490 1574 2659 1710 wolt gebahren und uiderd sein schlaaff bett verd
1491 1641 2675 1810 steckt, solches endtlich aus vielet vermahnen und
1496 1737 2631 1877 betreüten todt hervorgeben und deßß enthalben
1501 1838 2617 1983 auch wegen an deßßelben löpflin gefundenen
1494 1936 2662 2075 vrmuchtlich zwaltähtigen wahlzichen nicht mmbl
1483 2027 2614 2164 lich den verdacht, ob hatte as diß sein kinderlein
1486 2122 2649 2261 vorsetzlich umbs leben gebracht, au sich gzogen.
1476 2195 2682 2352 Als habend hochgedacht Ihr Gnadin, hierau durch
1480 2296 2550 2427 abgelaßenen befelch an herren amtsmann zu
1469 2359 2644 2525 Friemisperg diesere weibd-person von gedachtem
1464 2463 2622 2604 Schupfen zi orgg getahnsamlich allhero in vorhafft
1463 2549 2654 2699 bringen, anfänglich biß zu Anßgang der besammten
1465 2635 2571 2804 Kindtbotthi zit im spittahl verwahrt Enthalten
1461 2716 2646 2872 und hernach in die obere gefangenschafft sezen
2269 2830 2491 2911 Beiger
1446 2802 1925 2958 Abdooomassas sabo
1917 2855 2616 2970 hachen befelch sie beides durch
1450 2900 2628 3058 Meinen hochgeeheten herrn segmblichern Muller
1461 2998 2634 3141 als auß ghr gal ehrenmittaln hirzu verordnetem
1456 3083 2627 3236 herren caaminatore wie auch mithl ) Großweybel
1451 3161 2601 3321 Enanuel Wurßtembargerd und gericht Schreiberen
1442 3250 1842 3381 Johann Rudolb
1881 3275 2605 3421 Eschiali si zu Vier und erschiden
1441 3356 2519 3500 das bereits begrabene kindtosorperli aberlichen
1439 3453 2313 3575 wieder herausnemmen und durch sefirtaten
1414 3509 2331 3628 doctoren und gruraum wir deren relation
1430 3568 2519 3715 mitgibt visitiren laßen, volglich aus hochgedacht mehls
1362 3375 1426 3463 4
