3024 4032
253 561 1351 715 hatte s kame dennach biß weilen zu Ihre delin
248 669 1322 787 quentin auf die buhne, fragte, wo es ihro fehle
258 745 1304 850 heüißte sie in die stuben laumen, Sie aber seye
258 813 1348 940 nit in die stuben gangen und habe beidet denen
245 892 1322 1034 auch auf der vlatten geworsonen arbeits,Leüthn
256 976 1348 1112 und ihre der alten franten anders nichts angezeigt
239 1070 1348 1176 als sie habe bauch wehr, wüße aber nicht wohne.
215 1150 1331 1290 seie also daselbst bey ihrem bott verblieben, er
211 1237 1325 1347 ann am abend umb 7 biß 8 Uhren, da sie
221 1308 1292 1417 unten an der bittstald gestanden, das Kindlin
207 1390 1346 1514 von ihra außgegangen und auff den boden gefalen
196 1462 1322 1599 len. sie also sahend gwesen und durch den fall
199 1541 1292 1672 die Kabelschuwd von selbsten von einnanderd
186 1629 421 1732 gerißen.
620 1621 1326 1740 Was kndtlin habe Sie biß daß
197 1680 1306 1853 eine zimmliche zeit hernach Sie auch von der flihgen
157 1797 1280 1924 burt antlediget auf dem baden ohne zabingeun
175 1877 1315 2029 des säbelins liegen laßen, daßelbige nachtat
159 1975 1302 2103 auf die schooß genommen, in das angehabte für
144 2057 1301 2192 tuch eingewunden und mider das underbett verd
128 2161 368 2279 borgen.
137 2294 1273 2443 5. Ward sie auch nach abelchen variationen
124 2377 1305 2536 und retractionen bekanntlich, daß sie von dem
124 2463 1269 2626 kind in seiner geburt löbens zeinhen und se
106 2554 1282 2710 gungen gesführt und solches sich auf dem beden
111 2642 1260 2790 Rüharin und bewegen gestehen, dennach aber keine
1062 2708 1263 2819 daß si
98 2752 830 2876 Shum von ihme gehört habe.
96 2797 1303 2964 das Kindlin s alligweil eo sich noch ein werig ef
91 2906 1273 3048 mit beiden handen vom baden ansegnomen, mit
91 2978 1283 3126 der eintan hand ilmo das köpflin hart angegriffen
82 3049 1261 3232 und getruckt, und darmit vermichtlich ihme do
622 3183 652 3245 2
69 3146 1249 3282 buck und die mit bnt underlafren an dem
56 3207 1256 3399 hauptlin sich befundent wehtzinhem ferürsahte
59 3284 1252 3509 Dicecalen abar auch daß nachdeme, sie das kid
1033 3411 1150 3515 73
2479 584 2605 679 115.
1513 598 2608 777 Todt under dat Renderl. bott dersenbt hotte, des
1519 693 2645 884 Ofeter Springs schmirdt ehefraub, so die delinqcentus
1538 782 2630 949 über eine kindr gebährung schars quastioniert,
1524 849 2611 1013 biß zum dritten wlahl verlaugnet und biß auf
1528 940 2623 1078 betraubung nicht angezügt und bekennt, diß
1534 997 2616 1164 alles aber in dem bosen absehen, vorhaben und
1514 1080 2639 1232 zu solchem end getahn habe, damit sie das kind
1531 1180 2612 1323 feymblich abschaffen und sich nachwerts vor der
1519 1245 2637 1395 wolt als unschuldig darstellen möchte. ohne daß
1498 1342 2641 1485 Sie jedennach von einichem nanschen darzu berahten
1509 1403 2197 1557 nach angestiffet worden seye
1491 1506 2623 1701 Diß ist also das gieige, was diese flende weibt,
1485 1629 2630 1777 fer son in denen mit ihro gürtlich und ernstword
1482 1721 2630 1871 stig verführten Caramin ibuo bekennt und verjahrt
1480 1805 1669 1924 hut.
1694 1805 2032 1938 Act Obstat
1629 1990 2208 2145 Retatis Medican.
1766 1938 1836 1951 Act Obstat
2043 2168 2174 2231 1jun
1425 2168 2608 2312 2. Sestern als den 13n diß haben wird und erschrien
1470 2261 2597 2419 bene nach erhaltenem hoch oberkeiten befelch uns
1474 2351 2551 2462 nach schupfen begeben und des Madle Steiners
1467 2431 2623 2558 auff dem kirchhooff allda in einer triken begra
1456 2507 2594 2646 benad kind in beiseyn deßigen wleyer und statt
1443 2588 2585 2740 halters hervord Graben laßßen und solches hernach
1463 2683 2247 2811 auf das genantoeste Vivitiert:
1438 2762 2597 2895 ddiesem kind, so eig vellkommenes und wol außge-
1444 2858 2576 2967 wagenes Knäblin ware erstlich die sebelschnur
1459 2935 2586 3080 nicht gekuupfet worden, zweyhens fanden wird
1456 3024 2577 3153 an dem oberen mnd vorderen weill seines haupts
1443 3100 2552 3224 ohnmittelbard ob der stirnnn, wo die suturan
1444 3181 2596 3327 Cormalio oder krantz, kaat ist, daß die herr Schalm
1449 3269 2594 3412 eingetruckt ware und also einen tumpf formr
2362 3366 2479 3495 4
