3024 4032
1498 1010 1561 1029 Hachdie e Baade z iht guegen.
2461 592 2610 711 119
1640 622 2487 807 Schantnuß und Gorgiche
1642 715 2404 879 Dico Madlina Steiner
1519 819 2591 986 Einer dienstmeyd den sollikolen gebürtig von
1596 915 2363 1040 ohngefehr 2 jahren alteer.
1491 1029 2618 1224 Hachdie e Baade z iht guegen.
1517 1151 2629 1307 bedenen hinderbacht worden. Wie daß freytagt
1504 1247 2649 1402 den 10. leht verstrichenen guni 1 29 dieser weibe
1485 1314 2502 1456 pferson damaht bey dem Underen müller zu
1483 1412 2645 1571 Shup ken in diensten in ghumb ein anehelicher
1495 1480 2642 1626 kind zu Wolt gebohrren und uider seinem schlaaff
1482 1577 2629 1711 bott versterbt, solches endtlich auf viebes dermah
1481 1675 2645 1790 n und betreüten todt hervord geben und deßen
1472 1751 2630 1870 ghalben auch wegen an deßalben Köpflin gefun
1458 1828 2616 1963 enen dernuchtlich geballtähtigen wahtzechen nicht
1480 1907 2641 2012 umbillich den verdacht, ob hatte er diß seine Linderlin
1485 2020 2557 2125 vorsetzlich umbs leben gebracht, auf sich gezogen.
1474 2084 2579 2224 Als habend hochgedacht ihro Gal. hierauff durch
1474 2156 2575 2300 abgelaßenere befelchen an herren amtsmann zu
1466 2243 2607 2396 Frienisperg diesere weibs, person von gedachtem
1449 2329 2613 2485 Schupfen hinwegg gewahrsamlich allzero in derhafft
1456 2412 2621 2566 bringen, anfänglich biß zu außgang der gewohnten
1450 2511 2585 2661 kindlättig, zeit im spittahl verloahrt enthalten
1444 2614 2618 2750 und hernach in die obere gefangenschafft sezen laßen
1438 2686 2558 2839 slltoo und derselben hohen befelch sie beides durch
1438 2785 2608 2929 meiner hochgeehrten herren heymblich vra Müller
1445 2878 2570 3010 als aus ihro ane s ehren slitelig hierzu verordne,
1420 2954 2524 3099 dem herrencaaminatoren. Wie auch vrtohen e
1411 3051 2550 3194 roß weybel Einannel Wurstemberger undt
1422 3123 2557 3279 Gricht Schreiber Jehang Rudolff Eschikel sie
1421 3213 2567 3354 zu unnd sechs und erschiedlicher mahlen und zwar
1415 3299 2569 3449 Den 20te dito juni. wie auch den 11 8. 20 augusti
2277 3402 2447 3534 guetlich
