3456 5184
633 985 1147 1150 2. Examens
383 1134 1605 1327 Du Volg tler Gal befelchs do 45 februarii
392 1231 1617 1418 Sartn Ulli der vatters und Samuel aßß
404 1344 1613 1506 der sohn, als vorgemellten Waldpfurgere
383 1429 1559 1635 verkläget examiniert und hernach mit ihme
366 1504 1102 1668 confrontieet d 22 dito
757 1619 1378 1810 Samuel huß de Sohn.
339 1705 1589 1915 l ob nit wahrd, daß er hern landtvogt zu
366 1815 1580 1971 braudiß geklagt, daß seinem vatter 30 t.
375 1902 1034 2043 jubl entwendet worden.
350 1990 1646 2182 . Die klag habe er geführt, aber nit pracin
352 2095 1614 2281 30. ta dub Indemesein vatter nach jich und
348 2190 1610 2374 nicht wurde, wie viel er verlahren, er wolle
325 2286 1059 2443 den herren landtvogt fragen
310 2403 1592 2596 a. wis ihme bevilliget diesen kerl auß dem
311 2507 1595 2697 statt gericht zu führen und wo er ihne beß
327 2608 561 2723 kommen
293 2723 1620 2918 . Auf de brutfelt ohntait dem bulster hauß
317 2834 1566 2999 habe er ihne ertntscht und so ed nicht ntacht
296 2910 1582 3137 Istin were, hätte er ihm nicht vergeführt.
302 3024 1612 3202 er habe gemeint, weil er seinem vatter bestolen
286 3115 1351 3299 dörfe er ihne aller Örten greiffen.
260 3221 1573 3428 e. wie er mit dem in verhafft stitzenden walds,
271 3311 847 3490 burger unbgangen.
257 3439 1568 3647 h alser vernomen, daß er zu Krieg dingen
286 3519 1526 3731 wollte, seye er nach gold bach gegangen, habe
274 3609 1570 3822 dortherumb gefragt, Ob ermand mit ihme diesen
281 3694 1537 3940 dieben lachelen und  ihme darzu in sas
242 3798 1558 4021 Luchen wolle, Im diß sein begehren habe des
244 3903 1547 4113 junge lhauß orchsel gewilliget und seyr mit
264 3981 1547 4206 ihme kommen. Als sie uns das breitfeldt
273 4057 1545 4298 kommen, habe er den Kare wag, seine camerad
268 4170 1523 4431 aber den fußlag genomen, daranffl in er
261 4248 1536 4529 diesen dieben aus gang erkennt. Als erd aber
263 4366 1564 4577 ab seinem pferdt strigen wollte, seye er in dern
249 4420 1559 4694 Steg reyffin bhanget, welches dieser dirb fahr und
242 4508 1535 4780 hersen, gelt geben wollte, Er aber habe ihne bei
264 4593 1571 4832 den haaren erwütscht. Ulli Leütenberger deß
1185 4801 1382 4915 Vatter
3179 953 3285 1056 13
1957 1056 3300 1291 Vetter aber habe ihne weggezogen, seye latoo
1944 1155 3276 1392 daß der bichstel Clauß ihne Walßfurger
1941 1302 2793 1479 mit einem stecken geschlagen.
1897 1344 3301 1614 e. Warumb er dem Walsfurger di 6. dub
1936 1522 2630 1668 auß dem feden genommen.
1908 1551 3319 1788 B. Der Wals furger habe sie ihme früwillig
1931 1672 3164 1863 gben, berüfee sich desstorgen auff dum
1924 1760 3315 1948 bichsel Clauß und deß Walsfurgers vatter
1910 1875 3243 2059 welches aber der Waldrburger gentzlich ver-
1923 2003 2256 2156 nmt hat.
1906 2087 3284 2275 e. Warumb er dem Waldsburger under
1906 2193 3314 2371 wege vorgeben, daß Hanns Loütdenberger und
1934 2278 3245 2466 die Schideggerng schon in verhafftstitzen und
1924 2381 3319 2548 die diestahl bekennt haberen auf ihme darbun
1916 2467 3302 2649 versprochen, er solle nur auch bekennen, so tro
1914 2574 3282 2729 das tuhr wolle er ihne nir nicht ins schloß
1909 2675 3227 2839 führen, will geschledigen, daß ihme mnhe
1909 2777 2752 2896 stauff angetahnen werden solle.
1918 2861 3299 3025 . Er habe dem Waldsburger Riemalen von
1902 2963 3269 3144 solchen sachen nichts geredt, woll aber habe fr
1912 3084 3281 3219 auff sein anfragen hin bekennt, daß der
1913 3148 3328 3375 Laubenborger s einfacht und d vierfache,
1914 3263 3325 3456 die mlagd aber 7 oder 8 dublonen gestehlen
1866 3362 3251 3549 welches er Waldsfurger auch vernemmet hat.
1884 3463 3302 3680 h repliciert. Waß er darzusagen wurde.
1878 3570 3333 3790 so mann ihme für obiges kundtschafft stellen
1889 3647 2100 3765 urde.
1873 3742 3323 3988 e. Er möchte gernn dieser leüthsehen, die sol,
1885 3847 2486 4007 sicher zengen könten.
1878 3956 3320 4176 e. Weilen der waldscfhurger, wie er sehlsten an
1879 4074 3292 4272 geben, ihme die 6 luben schon undervegt zuge
1864 4150 3325 4373 gstellt, warumb erd dann dem herren landtvogt
1888 4246 3293 4426 zu Brandiß nicht angezeigt und gesagt, daß seine
1883 4324 2401 4482 antwort falle sey
1892 4421 3312 4608 R er meinefr herige dem herren landtvogt gesort.
1895 4503 3302 4661 Er habe ein teill wieder, die anderen aber wolle
1917 4600 3293 4748 erdstuchen, weilen der Waldspurger vergeben
1894 4671 3286 4850 er habe einn teill in dem feterd gang auff die
1899 4755 2392 4900 Sinsen versteckt.
2850 4817 3230 4941 2. Warumb
