3456 5184
487 1059 1644 1229 sellstng nit wußen, wie aff sie disen hundel
860 1496 899 1509 Camen
508 1178 857 1303 getrieben haben.
503 1233 1223 1401 Act den 16t januarii 1727
567 1380 880 1499 und erschrieben
974 1347 1613 1565 Antsheibeng bendiß.
468 1749 596 1778 Nachdem Elrbeth Schedegger von Sutteil, ohnge¬
747 1509 1067 1649 Camen
528 1609 1622 1793 Mit Elrbath Scheidigger von hatt wil
416 1778 1642 1989 Nachdem Elrbeth Schedegger von Sutteil, ohnge¬
429 1892 1624 2060 fehr 24 jahrd alles auff Ullrich heßen ihres
435 1971 1597 2142 gersenen vleg stros von Düreemacht geführte
419 2067 1590 2247 klag, daß sie neben Hanns Kontdenberger und
408 2147 1555 2309 Ullrich Wald schurger unei gewesenen mechten
403 2228 1584 2391 ihme sein gelt rlächtlicher weil fntwandet habe
390 2341 1640 2489 underem  diß zu Sunswaldin gefänglichen
386 2412 1550 2600 verhaft genommen worden Hat darüberhin
367 2518 1598 2683 geltoe und hochgeehrter herr Oberst Kombach
393 2623 1645 2791 dißmalen wol reger endrr landtvogt zu gesagten
367 2714 1613 2876 Siniswaldt sie Schedeggeren volgender maßen
372 2797 707 2916 exum iniert.
315 2906 1652 3100 Auaot Ob sie bey Ulrich Heß von Durrrnacht ge-
345 3023 541 3140 inet
331 3137 536 3301 . In
323 3269 1573 3451 e. Wie lang es steye seit der zeit, da sie von ihme
345 3357 1007 3518 auß dem dienst gegangen
318 3465 1659 3668 hr porg monat vor verfloßung der gestezten dinst
337 3587 1242 3738 zu namblich im octobr Etsthin
316 3697 1599 3881 2. ob sie nicht zu Hanns Lautenberger und Ulli
339 3799 1636 3945 Wald spurger den nachten einmal gestagte, der wleg
335 3900 1633 4059 ister habe viel gelt, mit anzeigung wo daßßelbe sich be-
325 3966 526 4111 fue
782 4006 1012 4162 B. ga
322 4111 1256 4278 e. zu welcher zeit sie solches gesagt.
347 4185 1615 4361 Hr. Achst tag vord der zet, da sie von dem Neyster
358 4280 761 4430 inbeggegangen.
334 4377 1657 4579 e. Ob sie nit solches auch zword als im jüngst verwoiche,
328 4459 1000 4617 ne sommer gesagt habe.
1969 945 3179 1179 z. Stin, sie hätte auch niemalden daran gedankt,
1961 1048 3220 1243 Wann nicht die machten den anlaß geben hatten: Nach
1965 1115 3192 1317 Andtag dieser antwort sagte Sie, sie erinnere sich
1975 1192 3217 1407 daß sie solches auch ai huttweil Jacobi varit
1974 1362 2240 1506 gsast hube
1942 1406 3256 1620 B. Ob sio nit zugleich gesagt, es seye in dem Gänterli
1975 1510 3216 1690 viel gelt und wann sie wollen, es könne ihnen
1964 1645 2378 1799 darzu Verhelfen
1966 1712 3248 1908 B sein solches seye nicht wehrd, auff zusprachen
1986 1857 2540 1984 aber bekennte sie Ja.
1949 1920 3178 2126 B. War die knchten ihre hiermnsr grantwertet.
1963 2033 3258 2226 e. der Hanns Lautenberger habe gesagt, Es
1975 2117 3215 2304 sege ihme grad gleich, er mangte wol übel gelt,
1950 2200 3246 2390 Was aber der andere grantwortet, wüße sie nicht
1963 2369 2100 2472 Mehr
1963 2428 3317 2595 z. ob die krachten nicht begehrt, daß sie ihnen zu
1992 2536 3332 2692 dem gelt verhelfen solle, oder ob sin solches ihnen
1987 2651 2474 2784 nit anerbotten habe.
1962 2755 2221 2886 A: sein
1958 2825 3340 3036 z. Wie es dann mit diesem diebstahl zugangen seyn
1978 2965 3336 3137 e. Die wuße es nicht, auch nicht u derselbe zu der
2004 3063 3328 3233 eit, da sie annach bey dem Negsterd gewesen vor
1960 3159 2347 3316 gegangen seye.
1960 3275 3337 3485 u. Ob su eit eine ihh zu den lnchten gestagt hae
1975 3386 3353 3546 Die sohn seynn z lilt, der Mleyster und die fredt
2003 3475 3348 3646 dann seyen schlafren gangen und es seye gut das
1986 3583 2445 3718 gelt zu bekomen
1975 3702 3212 3857 H slein, sie habe niemahlen daran gesinnet.
1983 3808 3361 3947 z. ob sie nit selbstern in die nebend sauben, da der mley
1988 3906 3309 4053 ster und die fraub geschlaßfen, gegangen und
2002 3997 3319 4147 das Ganterli Schlüßeli dem Meyster auß dem
2004 4085 2543 4220 losen genommen habe.
2007 4169 2253 4281 s Nein
1982 4281 3321 4430 e. ob sie nicht selbsten das Gänterli grösknet und
2006 4351 2777 4495 gelt darauß genommen habe.
2007 4431 3251 4615 lenn, sie wolle, daß sie solches getahren hatte,
3096 4553 3241 4642 Damit
