3024 4032
166 439 294 564 150.
285 554 1361 683 gürtlich den 22t dito auch den 6 und 8t
272 635 1391 773 Septembrio aber vill ernstwörtig mit betreütn
268 720 1375 849 der Marterd, einmahl aberd mit sezung amsde
256 796 1380 932 mlarter stuhl und anschnierung der handen, jedoch
250 866 1316 991 ohne würckliche auffziehung etc. auff was
244 933 1376 1067 weise sie mit ihrem krurn kind umbgegangen.
237 1016 1348 1166 Scharls quastioniert, auch dardurch nachbeschriebene
237 1104 1343 1228 bekanntnuß und vergicht von ihro erhalten word
212 1184 875 1307 den und herauß kommen ist.
171 1292 1366 1471 Namblichen und Für das Coste, So zigt Sa
208 1415 1342 1553 an, daß sie von ihren elteren nahmens Hanns
180 1495 1336 1629 Steines und Christma zu Vollikofen sorgfal
168 1574 1333 1719 stige auferzauchung empfangnen und wegen dero hre
153 1662 1348 1800 weiden 6 kinderen und geringen zeitlichen mittlen
168 1738 1323 1892 albweit seit funff jahrern daher an vier orten
167 1832 1289 1972 auff dem sand in diensten sich befunden, midt
143 1915 1312 2048 diensts halb frone, getreüt und fleißig aufge
135 1995 767 2132 führt und verhalten habe
99 2137 1303 2280 Dam Andot, bekante Sie auch, daß sie ohne
124 2233 1256 2386 Bartehs zu Sägend zeit im Hirose küsthing zu
108 2329 1312 2468 ieters wyl im wuhrtshauß in ihrem daselbstigen
99 2427 1239 2573 Dienst des Gertders redigen sohn von Groß
81 2510 1307 2656 Akolterne s deßen namen ihra unbetwusst ein
63 2580 1285 2756 mahl bey ihro habe übernachten, ohne anderwar,
62 2674 1262 2849 Bige versprechung untuchtige Lubs, gemeishafft
47 2783 1102 2925 streiben und sich also schwängeren laßen
24 2931 1273 3090 Ditters verrihete Sin, seit deme sie don Wesh
30 3016 1281 3214 nachten herr zu Schupfenn im dienst gestanden und
21 3120 1256 3292 zwar ohngefehr umb oster zeit habe sie schwenger
20 3204 1248 3374 zu seyn gewahrt und ihre lubs frucht von selbigen
4 3298 1272 3483 zur an biß auf erliche tag vord der genisst s da
891 3421 1132 3519 Sie eii
2491 584 2620 669 121.
1513 605 2603 789 Sie einen fall getahn, jedach dessthalb Innerlich
1531 674 2632 876 keiner schmerzen erlitten. Immerzing bey sich wad
1525 758 2622 949 spuhrt und empfunden, dennoch aberd Ihre Schwan
1523 849 2646 998 gerschafft wederd deme, so ihre solche verursthet
1520 912 2693 1060 nach iegend einichem anderen mlanschen aus forcht und
1514 990 2644 1114 schaam gegen ihren ffrauwen elteren nicht angetaigt
1528 1051 2645 1186 und groffenbahrer. sonder im gegenteill habe
1501 1117 2607 1276 Sie selbige ihrem Mleyster und Kleystar frauben zu
1484 1196 2610 1321 Schupfen, dem Wüllerd, kracht der Müllerin muters
1509 1265 2650 1404 und geschweyen, die da ihre solche öffterd zugenuchtet
1504 1340 2615 1480 wie auch ihro der Dilinquentin eygenen mluter, so
1493 1424 2648 1532 cxepresoes nach schupfen können und darüberd scharf
1493 1472 2637 1620 mit ihre and gefahren ist, ja selbsten dem herren pre
1483 1559 2618 1695 dikantl zu Schupfen( welches auff gedacht der
1486 1629 2651 1769 Wubard ansuchen sie auch vor sich beschickt und jedoch gantz
1480 1721 2623 1847 Einzig gleichfahld über ihr schwangerschafft zu Rud
1487 1781 2609 1926 gestoßen hat auch sonsten männiglichem beß am
1475 1848 2410 2000 die lezte stundt vernemet und verlaugnet.
1458 1962 2627 2140 1 hut sir gestanden. Daß si den 10 ta ani am
1454 2070 2623 2213 tag ihrer kindskinderkunfft auf der rlatten nechst
1458 2136 2605 2274 dem Hanß heubande sich befande, sie umb slittage
1456 2203 2584 2339 zeit von einem hefftigen bauch wehr angegriffen ward.
1465 2288 2533 2406 und dahero nach hauß gehen müßte, Hernach aberd
1458 2339 2609 2474 wiederumb auff die rhatten sich begeben habe und etwan
1442 2420 2576 2558 umb 4 uhren wiedermahlen wegen angefallenem
1437 2499 2622 2639 heftigen krummen und bauch gemmen in das hauß auff
1437 2587 2467 2744 die buhmi zu ihrem schlagfr bott gegangen seye.
1434 2676 2571 2818 derd Müllerin muter ( welche gedent ihrer abends
1416 2744 2595 2895 Verherd kinds Nilderkommenen tochter und dem Rindlin
1421 2840 2582 2978 abzuwarten hatte) Same dannach bißwillig zu ihre
1420 2919 2564 3039 Delinquentin aufs die buhig, fragte, wo er ihre
1412 2994 2579 3142 fehle. Hußte sie in die stuben kommen. Sie aber
1412 3056 2582 3208 seye nicht in die stuben gangen und habe beidas denen
1415 3126 2566 3273 auch auff der glatten gewesenen arbeits, Leüthen und
1416 3203 2585 3358 ihre der alten muters anders nichts angezeigt, als sie
1412 3295 2574 3448 habe bauch wehr, wüße aber nicht woherd. Seye
2252 3418 2367 3511 also
