3024 4032
2803 -22 2863 105 2
1597 76 2848 259 . Ob Sikin Labs, Genemschaft mit ihme
1634 209 1859 331 gehabt.
1627 239 2860 457 N. Einal sor gab nicht, und habe ihre dunkt
1619 338 2834 544 der Hanns Hatte ihn auch, wüße aber nit
1623 486 1883 592 warumb.
1585 556 2826 758 . Er solle doch wol bedreiken, waß er geredt,
1616 653 2832 840 und wan er angeklagt labe, daß er nliemand
1610 756 2849 917 nigecht tühr und faltschlich beklage, sonst er
1608 835 2856 1013 auß einem übel zwey machen wurde, solle seine
1597 950 2129 1095 gelaußen entladen.
1583 1046 2885 1222 N Er juhr darinnen niemand unricht, waß er ar-
1580 1156 2890 1302 eredt, das seye wahr und wollte es ihnen uider
1594 1243 2883 1418 Angen erhalten, auch darauff leben und sterben
1551 1397 2912 1586 Nachsvarl nun hierauff Hanns Loawgaber
1575 1531 2878 1701 ger ihme under angen gestellt worden, ist erd
1589 1639 2915 1782 auff alle ihme wiederhalte fragen bey seiner An-
1566 1722 2910 1890 ekleg vnst verharet und hat ihme Hanns Käck
1558 1821 2815 1986 lich und er angen erhalten, daß er neben der
1550 1912 2873 2065 Mand dieses diebstahls mlithelffer gewesen seye,
1578 2010 2907 2173 und daß sie beide gleich ihme zugegöchene ha
1557 2106 2886 2286 bind mit gleicher und noch starwerer betheürung
1589 2201 1883 2340 als vorhin
1555 2315 2873 2494 Weilen aber Hanns Loützanberger immerd unfr
1580 2436 2874 2614 seiner vorigen segat if geblieben und ihme
1564 2528 2915 2719 Ulli mit frecher minc alles gelaugnet und ihne
1580 2635 2878 2813 des unrichts beschuldiget, sind beide sich vornert
1563 2728 2923 2888 wol zu Bedenken ernstlich ermahnt worden, da dann
1575 2809 1656 2883 1
1564 2824 2934 2995 Hanns Lautzenbergerd bey seiner wieder einsserrmen
1569 2905 2941 3092 auff vieles zusprechen in etwaß sich gestellt und
1572 3004 2920 3212 a parte mit mehheen landvogt zu reden begehrt,
1550 3094 2948 3285 da er mit varierender halben bekannt nuß sich herauß
1564 3200 2901 3369 gelaßen, erd seye ward auch darbey geleßen, daß
1562 3287 2939 3474 Er aberd auch gelt genomen habe, seye baß zu bekennen,
1561 3353 2452 3548 könne solches spied nit bekennen.
1556 3455 2397 3649 At. d. 127 Jan. 1727
