<?xml version="1.0" encoding="UTF-8" standalone="yes"?>
<PcGts xmlns="http://schema.primaresearch.org/PAGE/gts/pagecontent/2013-07-15" xmlns:xsi="http://www.w3.org/2001/XMLSchema-instance" xsi:schemaLocation="http://schema.primaresearch.org/PAGE/gts/pagecontent/2013-07-15 http://schema.primaresearch.org/PAGE/gts/pagecontent/2013-07-15/pagecontent.xsd">
    <Metadata>
        <Creator>prov=University of Rostock/Institute of Mathematics/CITlab|PLANET AI GmbH/Gundram Leifert/gundram.leifert@planet-ai.de:name=German_Kurrent_XVI-XVIII_M1(htr_id=19584)::::v=2.6.7
prov=University of Rostock/Institute of Mathematics/CITlab|PLANET AI GmbH/Tobias Gruening/tobias.gruening@planet-ai.de:name=de.uros.citlab.module.baseline2polygon.B2PSeamMultiOriented:v=2.6.7
prov=University of Rostock/Institute of Mathematics/CITlab|PLANET AI GmbH/Tobias Gruening/tobias.gruening@planet-ai.de:name=/net_tf/LA73_249_0mod360.pb:de.uros.citlab.segmentation.CITlab_LA_ML:v=2.6.7
Transkribus</Creator>
        <Created>2021-04-27T18:46:26.035+02:00</Created>
        <LastChange>2023-06-19T10:04:09.471+02:00</LastChange>
        <TranskribusMetadata docId="1334845" pageId="52362149" pageNr="22" tsid="127237129" status="IN_PROGRESS" userId="68497" imgUrl="https://files.transkribus.eu/Get?id=CBZDDXNFAQIWHTNXDCJZBRBC&amp;fileType=view" xmlUrl="https://files.transkribus.eu/Get?id=ROZSCOHXTDZKWRRGTZKLNLIK" imageId="19734365"/>
    </Metadata>
    <Page imageFilename="IMG_5236.JPG" imageWidth="3024" imageHeight="4032">
        <ReadingOrder>
            <OrderedGroup id="ro_1687513656569" caption="Regions reading order">
                <RegionRefIndexed index="0" regionRef="TextRegion_1687161832482_1174"/>
                <RegionRefIndexed index="1" regionRef="r3"/>
            </OrderedGroup>
        </ReadingOrder>
        <TextRegion orientation="0.0" type="paragraph" id="TextRegion_1687161832482_1174" custom="readingOrder {index:0;} structure {type:paragraph;}">
            <Coords points="101,513 262,522 1345,544 1341,3775 110,3775 110,617"/>
            <TextLine id="r2l1" custom="readingOrder {index:0;}">
                <Coords points="325,687 845,679 937,716 1087,671 1155,714 1274,650 1327,670 1301,584 1191,637 1080,598 988,628 922,590 659,660 578,615 324,621"/>
                <Baseline points="332,674 381,675 430,677 480,677 529,678 578,678 628,678 677,678 726,678 776,677 825,677 874,675 924,674 973,672 1022,669 1072,667 1121,665 1170,662 1220,658 1269,654 1319,650"/>
                <TextEquiv>
                    <Unicode>dem Stählen ergiebet, auch demenach</Unicode>
                </TextEquiv>
            </TextLine>
            <TextLine id="r2l2" custom="readingOrder {index:1;}">
                <Coords points="307,757 830,752 906,785 1160,734 1337,758 1336,705 1263,675 1156,713 1087,670 944,716 796,681 456,719 306,697"/>
                <Baseline points="314,744 364,744 415,746 466,746 517,746 567,746 618,746 669,746 720,746 770,744 821,744 872,743 923,741 973,740 1024,740 1075,738 1126,737 1176,735 1227,734 1278,732 1329,732"/>
                <TextEquiv>
                    <Unicode>wider das achte gebott gottes, Du</Unicode>
                </TextEquiv>
            </TextLine>
            <TextLine id="r2l3" custom="readingOrder {index:2;}">
                <Coords points="287,828 542,811 620,851 793,814 955,870 1113,807 1320,821 1332,755 1141,735 1093,781 1036,750 910,788 285,768"/>
                <Baseline points="294,822 345,821 397,821 448,819 500,818 551,816 603,815 654,814 706,813 757,811 809,810 861,809 912,807 964,806 1015,806 1067,804 1118,804 1170,803 1221,803 1273,803 1325,803"/>
                <TextEquiv>
                    <Unicode>solt nicht stählen, als fehlbahr und fund¬</Unicode>
                </TextEquiv>
            </TextLine>
            <TextLine id="r2l4" custom="readingOrder {index:3;}">
                <Coords points="277,927 620,885 696,914 1146,882 1307,907 1316,815 966,864 709,818 624,874 562,833 526,867 276,843"/>
                <Baseline points="284,899 335,899 386,897 437,897 489,896 540,894 591,893 643,891 694,890 745,888 797,887 848,885 899,884 950,882 1002,882 1053,881 1104,881 1156,881 1207,882 1258,883 1310,885"/>
                <TextEquiv>
                    <Unicode>schafft handlen auch sich in so beit</Unicode>
                </TextEquiv>
            </TextLine>
            <TextLine id="r2l5" custom="readingOrder {index:4;}">
                <Coords points="295,1032 423,976 674,1007 780,957 1120,958 1223,1004 1303,978 1302,901 1221,929 1149,882 940,921 648,897 579,946 504,902 453,945 393,910 294,950"/>
                <Baseline points="302,972 351,972 401,971 450,969 500,968 550,966 599,964 649,963 699,962 748,960 798,959 848,957 897,957 947,956 997,956 1046,956 1096,957 1146,957 1195,960 1245,961 1295,963"/>
                <TextEquiv>
                    <Unicode>vergeßen, daß dis verdiente Stragk</Unicode>
                </TextEquiv>
            </TextLine>
            <TextLine id="r2l6" custom="readingOrder {index:5;}">
                <Coords points="274,1057 349,1072 402,1047 491,1093 626,1050 705,1101 802,1051 869,1078 1087,1022 1086,986 954,954 884,996 777,958 701,1017 548,1024 354,980 273,1004"/>
                <Baseline points="281,1050 323,1050 365,1050 407,1049 449,1049 491,1047 533,1046 575,1044 617,1043 659,1041 701,1040 743,1038 785,1037 827,1035 869,1035 911,1034 953,1034 995,1034 1037,1034 1080,1035"/>
                <TextEquiv>
                    <Unicode>lndtlich auch erfolgen thut etc.</Unicode>
                </TextEquiv>
            </TextLine>
            <TextLine id="r2l7" custom="readingOrder {index:6;}">
                <Coords points="281,1153 758,1132 898,1174 1157,1137 1312,1174 1328,1125 1221,1056 1114,1117 913,1081 646,1118 561,1067 445,1090 404,1048 282,1081"/>
                <Baseline points="288,1136 339,1136 391,1136 442,1134 494,1134 546,1134 597,1134 649,1133 700,1133 752,1133 804,1133 855,1133 907,1133 958,1134 1010,1134 1062,1136 1113,1137 1165,1139 1216,1142 1268,1145 1320,1149"/>
                <TextEquiv>
                    <Unicode>Wie wir dann abermahlen ein traul</Unicode>
                </TextEquiv>
            </TextLine>
            <TextLine id="r2l8" custom="readingOrder {index:7;}">
                <Coords points="295,1246 408,1206 559,1237 600,1200 732,1193 837,1243 918,1197 967,1236 1008,1201 1076,1238 1152,1201 1337,1220 1337,1182 1245,1183 1178,1139 896,1173 835,1137 750,1172 630,1130 295,1167"/>
                <Baseline points="303,1199 354,1199 405,1197 456,1196 508,1195 559,1194 610,1193 662,1193 713,1191 764,1191 816,1191 867,1191 918,1191 969,1192 1021,1193 1072,1194 1123,1197 1175,1199 1226,1202 1277,1206 1329,1211"/>
                <TextEquiv>
                    <Unicode>eiges beyspihen und eaempel haben an</Unicode>
                </TextEquiv>
            </TextLine>
            <TextLine id="r2l9" custom="readingOrder {index:8;}">
                <Coords points="274,1294 886,1257 922,1291 1236,1267 1345,1310 1346,1257 1263,1206 1220,1236 836,1241 606,1200 522,1243 274,1234"/>
                <Baseline points="282,1263 334,1263 387,1263 440,1263 493,1263 546,1262 598,1262 651,1260 704,1260 757,1259 810,1259 862,1259 915,1259 968,1260 1021,1262 1074,1264 1126,1266 1179,1271 1232,1274 1285,1280 1338,1287"/>
                <TextEquiv>
                    <Unicode>gegenwartiges allhier in oberkeitlichen</Unicode>
                </TextEquiv>
            </TextLine>
            <TextLine id="r2l10" custom="readingOrder {index:9;}">
                <Coords points="259,1349 556,1347 645,1389 777,1339 883,1368 1097,1331 1348,1382 1348,1341 1236,1267 1087,1297 1023,1266 922,1292 885,1256 805,1296 554,1265 464,1306 406,1276 259,1307"/>
                <Baseline points="266,1341 319,1341 373,1341 427,1340 481,1338 534,1337 588,1335 642,1334 696,1332 749,1332 803,1331 857,1331 911,1331 964,1331 1018,1333 1072,1335 1126,1340 1179,1343 1233,1349 1287,1356 1341,1364"/>
                <TextEquiv>
                    <Unicode>banden vor augenstehender klenden</Unicode>
                </TextEquiv>
            </TextLine>
            <TextLine id="r2l11" custom="readingOrder {index:10;} person {offset:22; length:8; continued:true;}">
                <Coords points="233,1436 280,1420 332,1467 477,1409 566,1441 1028,1413 1273,1454 1274,1395 1099,1338 947,1396 804,1337 648,1389 488,1357 425,1390 355,1347 233,1389"/>
                <Baseline points="240,1418 291,1416 342,1416 393,1415 445,1414 496,1413 547,1412 599,1412 650,1411 701,1410 753,1410 804,1410 855,1412 906,1412 958,1413 1009,1415 1060,1417 1112,1420 1163,1424 1214,1427 1266,1431"/>
                <TextEquiv>
                    <Unicode>Manns persohn, Namens Catdonne</Unicode>
                </TextEquiv>
            </TextLine>
            <TextLine id="r2l12" custom="readingOrder {index:11;} person {offset:0; length:7; continued:true;} place {offset:21; length:7;}">
                <Coords points="241,1533 287,1499 532,1526 689,1490 758,1534 925,1493 1321,1537 1322,1461 1220,1485 1026,1413 948,1469 834,1414 695,1471 657,1437 242,1442"/>
                <Baseline points="249,1497 302,1497 355,1497 408,1496 462,1496 515,1494 568,1494 621,1493 675,1492 728,1491 781,1491 834,1491 888,1493 941,1494 994,1495 1047,1497 1101,1500 1154,1504 1207,1509 1260,1515 1314,1521"/>
                <TextEquiv>
                    <Unicode>Japnets gebürtig von Chälono So</Unicode>
                </TextEquiv>
            </TextLine>
            <TextLine id="r2l13" custom="readingOrder {index:12;} place {offset:11; length:8;}">
                <Coords points="253,1589 475,1589 567,1634 626,1580 726,1573 1347,1611 1337,1538 1219,1520 1137,1558 932,1496 858,1552 689,1490 592,1555 421,1510 253,1559"/>
                <Baseline points="261,1583 317,1584 374,1584 431,1583 488,1581 544,1580 601,1578 658,1577 715,1575 772,1574 828,1572 885,1572 942,1572 999,1572 1056,1574 1112,1576 1169,1580 1226,1584 1283,1591 1340,1599"/>
                <TextEquiv>
                    <Unicode>lasacke in Burgundt, seines alters</Unicode>
                </TextEquiv>
            </TextLine>
            <TextLine id="r2l14" custom="readingOrder {index:13;}">
                <Coords points="253,1661 457,1656 509,1695 661,1647 749,1705 812,1660 948,1657 1325,1693 1325,1633 1140,1583 983,1635 838,1576 592,1633 254,1606"/>
                <Baseline points="261,1655 313,1655 366,1656 419,1656 472,1655 525,1655 577,1655 630,1655 683,1653 736,1653 789,1653 841,1653 894,1653 947,1653 1000,1655 1053,1656 1105,1658 1158,1659 1211,1662 1264,1667 1317,1670"/>
                <TextEquiv>
                    <Unicode>von ohngefehr 31 Jahren, welcher sich</Unicode>
                </TextEquiv>
            </TextLine>
            <TextLine id="r2l15" custom="readingOrder {index:14;}">
                <Coords points="258,1746 757,1740 843,1791 951,1743 1090,1743 1267,1786 1313,1769 1314,1694 1242,1711 1118,1663 1003,1720 816,1660 752,1707 503,1717 361,1659 258,1719"/>
                <Baseline points="266,1740 320,1740 375,1740 430,1739 484,1739 539,1737 594,1737 648,1737 703,1736 758,1736 812,1736 867,1736 922,1737 976,1737 1031,1740 1086,1742 1140,1745 1195,1746 1250,1751 1305,1755"/>
                <TextEquiv>
                    <Unicode>vnd die geiigen durch seine hande</Unicode>
                </TextEquiv>
            </TextLine>
            <TextLine id="r2l16" custom="readingOrder {index:15;}">
                <Coords points="241,1824 571,1816 682,1867 875,1815 954,1882 1059,1820 1214,1883 1333,1861 1334,1797 1239,1774 1168,1804 1090,1744 832,1795 667,1752 600,1775 562,1735 242,1786"/>
                <Baseline points="249,1815 302,1815 356,1815 410,1815 464,1815 518,1815 572,1815 625,1815 679,1815 733,1815 787,1815 841,1815 895,1817 949,1818 1002,1819 1056,1821 1110,1823 1164,1827 1218,1831 1272,1834 1326,1839"/>
                <TextEquiv>
                    <Unicode>arbeit und ehrlichen dienst garbohl</Unicode>
                </TextEquiv>
            </TextLine>
            <TextLine id="r2l17" custom="readingOrder {index:16;}">
                <Coords points="217,1952 434,1909 1345,1925 1345,1896 1074,1843 953,1881 880,1818 784,1885 635,1831 434,1857 336,1820 217,1862"/>
                <Baseline points="225,1904 280,1905 336,1905 391,1905 447,1904 503,1904 558,1902 614,1902 670,1901 725,1901 781,1899 837,1899 892,1899 948,1899 1004,1901 1059,1901 1115,1902 1171,1906 1226,1908 1282,1914 1338,1919"/>
                <TextEquiv>
                    <Unicode>hätte durchbungen können benm</Unicode>
                </TextEquiv>
            </TextLine>
            <TextLine id="r2l18" custom="readingOrder {index:17;}">
                <Coords points="208,2007 889,1978 1137,2048 1201,1993 1333,2004 1334,1953 1145,1902 1070,1962 965,1922 763,1963 503,1913 208,1953"/>
                <Baseline points="216,1988 271,1988 327,1988 382,1988 438,1987 493,1986 549,1985 604,1985 660,1983 715,1983 771,1982 826,1982 882,1982 937,1982 993,1982 1048,1983 1104,1985 1159,1987 1215,1989 1270,1994 1326,1997"/>
                <TextEquiv>
                    <Unicode>Er nicht lieben seinein bögen fleischlichen</Unicode>
                </TextEquiv>
            </TextLine>
            <TextLine id="r2l19" custom="readingOrder {index:18;}">
                <Coords points="192,2091 322,2062 542,2101 685,2057 1315,2089 1316,2027 1223,1990 1153,2050 1081,2013 960,2033 894,1989 799,2019 728,1976 621,2041 194,2016"/>
                <Baseline points="201,2063 256,2061 311,2061 367,2060 422,2060 477,2058 533,2058 588,2058 643,2058 699,2058 754,2058 809,2060 865,2060 920,2061 975,2064 1031,2066 1086,2067 1141,2072 1197,2075 1252,2078 1308,2082"/>
                <TextEquiv>
                    <Unicode>Sillenaich gäntlich übergeben hätte,</Unicode>
                </TextEquiv>
            </TextLine>
            <TextLine id="r2l20" custom="readingOrder {index:19;}">
                <Coords points="235,2156 489,2198 571,2145 748,2188 839,2144 1153,2188 1319,2163 1241,2082 1176,2114 930,2062 832,2116 684,2058 592,2106 508,2072 236,2088"/>
                <Baseline points="242,2142 295,2142 348,2142 402,2142 455,2142 509,2141 562,2141 616,2141 669,2141 723,2139 776,2139 829,2139 883,2141 936,2141 990,2142 1043,2144 1097,2147 1150,2148 1204,2153 1257,2157 1311,2162"/>
                <TextEquiv>
                    <Unicode>da er ohne zweissel mit underlaßung</Unicode>
                </TextEquiv>
            </TextLine>
            <TextLine id="r2l21" custom="readingOrder {index:20;}">
                <Coords points="219,2251 365,2232 483,2292 646,2224 945,2269 1055,2230 1206,2253 1306,2232 1306,2173 1234,2150 1075,2211 934,2143 823,2189 704,2161 610,2211 280,2148 219,2177"/>
                <Baseline points="227,2237 280,2235 334,2234 387,2232 441,2231 494,2231 548,2229 601,2228 655,2228 708,2228 762,2227 816,2226 869,2226 923,2228 976,2228 1030,2228 1083,2229 1137,2229 1190,2231 1244,2232 1298,2232"/>
                <TextEquiv>
                    <Unicode>deß seel und leib, nützlichen gebätts</Unicode>
                </TextEquiv>
            </TextLine>
            <TextLine id="r2l22" custom="readingOrder {index:21;}">
                <Coords points="196,2352 612,2308 1242,2337 1288,2318 1289,2238 1176,2296 1053,2229 862,2271 729,2229 516,2290 419,2284 368,2233 196,2267"/>
                <Baseline points="203,2316 256,2313 310,2312 364,2311 418,2310 472,2310 526,2309 580,2310 634,2310 688,2310 742,2312 795,2312 849,2313 903,2315 957,2316 1011,2317 1065,2318 1119,2319 1173,2320 1227,2321 1281,2321"/>
                <TextEquiv>
                    <Unicode>von dem johen Gott ablaßend in die</Unicode>
                </TextEquiv>
            </TextLine>
            <TextLine id="r2l23" custom="readingOrder {index:22;}">
                <Coords points="175,2397 517,2391 658,2432 909,2385 1324,2408 1324,2329 1278,2321 1162,2358 1101,2316 858,2352 801,2310 725,2357 620,2309 556,2350 431,2318 175,2339"/>
                <Baseline points="182,2382 238,2382 295,2384 352,2384 409,2385 465,2385 522,2385 579,2385 636,2387 692,2387 749,2387 806,2387 863,2387 919,2388 976,2388 1033,2388 1090,2388 1146,2388 1203,2388 1260,2389 1317,2390"/>
                <TextEquiv>
                    <Unicode>armuht gerathen durch den bögen grist</Unicode>
                </TextEquiv>
            </TextLine>
            <TextLine id="r2l24" custom="readingOrder {index:23;}">
                <Coords points="189,2493 1298,2488 1324,2420 909,2436 839,2393 610,2441 517,2392 190,2398"/>
                <Baseline points="197,2465 255,2463 314,2463 373,2463 432,2463 491,2463 550,2462 609,2462 668,2463 727,2463 785,2463 844,2463 903,2463 962,2463 1021,2463 1080,2463 1139,2465 1198,2465 1257,2465 1316,2465"/>
                <TextEquiv>
                    <Unicode>getrieben, einen sehr nahmhafften dieb¬</Unicode>
                </TextEquiv>
            </TextLine>
            <TextLine id="r2l25" custom="readingOrder {index:24;}">
                <Coords points="170,2601 229,2612 346,2539 531,2583 585,2551 1299,2555 1308,2485 740,2469 564,2526 248,2476 169,2522"/>
                <Baseline points="177,2553 233,2553 289,2552 345,2550 401,2550 458,2549 514,2549 570,2547 626,2547 682,2546 739,2546 795,2546 851,2544 907,2544 963,2544 1020,2543 1076,2543 1132,2542 1188,2541 1244,2540 1301,2540"/>
                <TextEquiv>
                    <Unicode>gstahl begangen, wordurch erin diß</Unicode>
                </TextEquiv>
            </TextLine>
            <TextLine id="r2l26" custom="readingOrder {index:25;}">
                <Coords points="187,2645 294,2644 350,2688 441,2644 543,2700 655,2639 1321,2651 1321,2560 1103,2544 1021,2585 944,2547 688,2615 341,2561 267,2621 187,2620"/>
                <Baseline points="195,2642 250,2639 306,2637 362,2637 418,2636 474,2636 530,2636 586,2636 642,2634 698,2636 754,2636 809,2635 865,2634 921,2634 977,2634 1033,2633 1089,2633 1145,2630 1201,2629 1257,2627 1313,2624"/>
                <TextEquiv>
                    <Unicode>außerste engemoch und flend gestürg</Unicode>
                </TextEquiv>
            </TextLine>
            <TextLine id="r2l27" custom="readingOrder {index:26;}">
                <Coords points="164,2786 290,2729 512,2757 675,2715 932,2757 1340,2718 1339,2673 1203,2655 1070,2705 985,2638 852,2699 748,2644 534,2710 442,2645 349,2688 298,2647 162,2670"/>
                <Baseline points="170,2738 228,2735 286,2733 344,2732 402,2730 460,2729 518,2729 576,2727 634,2726 692,2726 751,2725 809,2724 867,2724 925,2723 983,2723 1041,2721 1099,2720 1157,2720 1215,2718 1273,2717 1332,2715"/>
                <TextEquiv>
                    <Unicode>zet worden, dann nach deme dieter</Unicode>
                </TextEquiv>
            </TextLine>
            <TextLine id="r2l28" custom="readingOrder {index:27;}">
                <Coords points="172,2838 498,2859 984,2804 1176,2837 1311,2802 1309,2725 1224,2757 1129,2715 1046,2763 862,2727 782,2783 619,2723 496,2768 236,2734 170,2779"/>
                <Baseline points="179,2831 235,2831 291,2829 347,2829 404,2828 460,2826 516,2826 572,2825 629,2823 685,2822 741,2821 797,2820 854,2819 910,2816 966,2814 1022,2813 1079,2810 1135,2808 1191,2804 1247,2801 1304,2798"/>
                <TextEquiv>
                    <Unicode>Maleficant vor etwas seit bey dem</Unicode>
                </TextEquiv>
            </TextLine>
            <TextLine id="r2l29" custom="readingOrder {index:28;} person {offset:17; length:10;}">
                <Coords points="164,2960 311,2923 462,2978 517,2930 937,2908 1179,2940 1308,2895 1307,2848 1226,2871 1125,2808 1012,2883 820,2824 703,2892 388,2846 335,2885 262,2836 161,2877"/>
                <Baseline points="171,2937 227,2933 284,2930 340,2927 397,2925 453,2923 510,2922 566,2921 623,2919 679,2919 736,2918 792,2916 849,2915 905,2913 962,2912 1018,2909 1075,2906 1131,2903 1188,2898 1244,2893 1301,2886"/>
                <TextEquiv>
                    <Unicode>Wohledlen Herren von Frlach Bngen</Unicode>
                </TextEquiv>
            </TextLine>
            <TextLine id="r2l30" custom="readingOrder {index:29;} place {offset:11; length:10;}">
                <Coords points="139,3081 186,3044 715,3027 880,3071 1050,2991 1323,2986 1253,2915 1064,2968 935,2909 772,2992 625,2923 563,2967 511,2935 392,3010 307,3014 243,2956 136,3011"/>
                <Baseline points="144,3036 202,3036 261,3035 319,3033 378,3032 437,3029 495,3027 554,3025 612,3023 671,3020 730,3017 788,3014 847,3011 905,3007 964,3003 1023,3000 1081,2996 1140,2991 1198,2987 1257,2981 1316,2975"/>
                <TextEquiv>
                    <Unicode>herren von Degenstorf in diensten</Unicode>
                </TextEquiv>
            </TextLine>
            <TextLine id="r2l31" custom="readingOrder {index:30;}">
                <Coords points="161,3179 662,3114 744,3141 906,3111 977,3156 1065,3096 1310,3092 1307,3034 1204,2997 983,3076 784,3083 637,3030 156,3086"/>
                <Baseline points="167,3134 223,3133 280,3132 337,3131 393,3129 450,3127 507,3125 563,3123 620,3120 677,3118 734,3115 790,3112 847,3109 904,3105 960,3102 1017,3096 1074,3093 1130,3089 1187,3083 1244,3077 1301,3071"/>
                <TextEquiv>
                    <Unicode>gestanden und legen eines untreulen</Unicode>
                </TextEquiv>
            </TextLine>
            <TextLine id="r2l32" custom="readingOrder {index:31;}">
                <Coords points="132,3280 303,3224 372,3256 424,3212 563,3258 632,3206 696,3249 1321,3163 1240,3090 884,3176 540,3160 373,3202 261,3155 127,3204"/>
                <Baseline points="137,3236 195,3234 254,3231 313,3228 372,3225 431,3223 489,3219 548,3218 607,3214 666,3212 725,3209 783,3206 842,3203 901,3198 960,3193 1019,3188 1077,3183 1136,3177 1195,3171 1254,3163 1313,3155"/>
                <TextEquiv>
                    <Unicode>ghalb auf sich gezogenen Verdachts dorne</Unicode>
                </TextEquiv>
            </TextLine>
            <TextLine id="r2l33" custom="readingOrder {index:32;}">
                <Coords points="120,3350 349,3402 588,3308 857,3320 959,3280 1075,3319 1317,3252 1311,3162 1126,3218 1036,3198 915,3274 777,3219 686,3254 627,3206 476,3282 380,3252 237,3316 117,3306"/>
                <Baseline points="128,3344 187,3340 246,3336 305,3332 364,3329 423,3326 482,3323 541,3320 600,3317 659,3314 719,3311 778,3308 837,3304 896,3299 955,3294 1014,3288 1073,3282 1132,3274 1191,3266 1250,3256 1310,3245"/>
                <TextEquiv>
                    <Unicode>hauß verschikt worden. Etlich monat</Unicode>
                </TextEquiv>
            </TextLine>
            <TextLine id="r2l34" custom="readingOrder {index:33;}">
                <Coords points="120,3478 311,3443 390,3475 521,3422 642,3450 733,3401 1094,3416 1321,3341 1315,3264 1072,3320 964,3281 906,3348 822,3307 711,3360 649,3313 594,3366 495,3340 341,3408 113,3398"/>
                <Baseline points="125,3449 184,3443 243,3440 303,3435 362,3432 422,3429 481,3425 540,3422 600,3417 659,3414 719,3410 778,3405 837,3400 897,3395 956,3388 1016,3382 1075,3374 1134,3366 1194,3355 1253,3344 1313,3332"/>
                <TextEquiv>
                    <Unicode>hernach Sontags den 28t Septembis</Unicode>
                </TextEquiv>
            </TextLine>
            <TextLine id="r2l35" custom="readingOrder {index:34;}">
                <Coords points="178,3554 411,3570 586,3530 694,3566 905,3481 1328,3426 1322,3376 1206,3365 1100,3420 1008,3390 807,3448 707,3411 601,3467 541,3438 491,3479 170,3486"/>
                <Baseline points="183,3542 239,3539 296,3538 353,3536 410,3533 467,3529 523,3524 580,3521 637,3515 694,3509 751,3503 807,3495 864,3488 921,3480 978,3472 1035,3463 1091,3454 1148,3442 1205,3432 1262,3421 1319,3410"/>
                <TextEquiv>
                    <Unicode>ß 1727sten Jahrs dann abendo</Unicode>
                </TextEquiv>
            </TextLine>
            <TextLine id="r2l36" custom="readingOrder {index:35;} person {offset:10; length:17;}">
                <Coords points="129,3688 204,3648 273,3680 344,3643 579,3667 794,3592 1111,3575 1308,3497 1253,3451 1112,3512 927,3477 756,3575 586,3529 512,3585 435,3552 300,3591 254,3556 122,3625"/>
                <Baseline points="131,3647 189,3645 248,3643 306,3641 365,3636 423,3634 482,3629 540,3625 599,3620 657,3613 716,3607 774,3599 833,3591 891,3583 950,3574 1008,3564 1067,3552 1125,3542 1184,3529 1242,3515 1301,3501"/>
                <TextEquiv>
                    <Unicode>gedachtem herron von Erlach andt</Unicode>
                </TextEquiv>
            </TextLine>
            <TextLine id="r2l37" custom="readingOrder {index:36;} place {offset:7; length:18;}">
                <Coords points="105,3775 304,3743 425,3803 504,3737 676,3693 878,3737 1278,3610 1298,3557 1149,3602 1075,3553 1037,3591 984,3566 853,3654 740,3613 579,3681 449,3642 341,3703 141,3697 99,3734"/>
                <Baseline points="110,3755 169,3750 228,3747 287,3743 347,3738 406,3733 465,3729 524,3724 584,3719 643,3712 702,3705 761,3698 821,3690 880,3681 939,3671 998,3661 1058,3648 1117,3636 1176,3622 1235,3608 1295,3591"/>
                <TextEquiv>
                    <Unicode>seinem Schloß Gegenstorff einer</Unicode>
                </TextEquiv>
            </TextLine>
            <TextLine id="r1l1" custom="readingOrder {index:37;}">
                <Coords points="149,622 157,622 163,628 186,607 189,609 203,602 217,603 221,598 230,598 227,539 215,541 181,515 158,531 145,532"/>
                <Baseline points="155,581 188,578 221,578"/>
                <TextEquiv>
                    <Unicode>u</Unicode>
                </TextEquiv>
            </TextLine>
            <TextEquiv>
                <Unicode>dem Stählen ergiebet, auch demenach&#13;
wider das achte gebott gottes, Du&#13;
solt nicht stählen, als fehlbahr und fund¬&#13;
schafft handlen auch sich in so beit&#13;
vergeßen, daß dis verdiente Stragk&#13;
lndtlich auch erfolgen thut etc.&#13;
Wie wir dann abermahlen ein traul&#13;
eiges beyspihen und eaempel haben an&#13;
gegenwartiges allhier in oberkeitlichen&#13;
banden vor augenstehender klenden&#13;
Manns persohn, Namens Catdonne&#13;
Japnets gebürtig von Chälono So&#13;
lasacke in Burgundt, seines alters&#13;
von ohngefehr 31 Jahren, welcher sich&#13;
vnd die geiigen durch seine hande&#13;
arbeit und ehrlichen dienst garbohl&#13;
hätte durchbungen können benm&#13;
Er nicht lieben seinein bögen fleischlichen&#13;
Sillenaich gäntlich übergeben hätte,&#13;
da er ohne zweissel mit underlaßung&#13;
deß seel und leib, nützlichen gebätts&#13;
von dem johen Gott ablaßend in die&#13;
armuht gerathen durch den bögen grist&#13;
getrieben, einen sehr nahmhafften dieb¬&#13;
gstahl begangen, wordurch erin diß&#13;
außerste engemoch und flend gestürg&#13;
zet worden, dann nach deme dieter&#13;
Maleficant vor etwas seit bey dem&#13;
Wohledlen Herren von Frlach Bngen&#13;
herren von Degenstorf in diensten&#13;
gestanden und legen eines untreulen&#13;
ghalb auf sich gezogenen Verdachts dorne&#13;
hauß verschikt worden. Etlich monat&#13;
hernach Sontags den 28t Septembis&#13;
ß 1727sten Jahrs dann abendo&#13;
gedachtem herron von Erlach andt&#13;
seinem Schloß Gegenstorff einer&#13;
u</Unicode>
            </TextEquiv>
        </TextRegion>
        <TextRegion orientation="0.0" type="paragraph" id="r3" custom="readingOrder {index:1;} structure {type:paragraph;}">
            <Coords points="1524,507 1524,3682 2718,3682 2718,507"/>
            <TextLine id="r3l1" custom="readingOrder {index:0;}">
                <Coords points="2548,591 2556,592 2564,605 2577,600 2582,609 2598,609 2606,619 2630,622 2635,627 2643,622 2651,624 2667,550 2654,546 2641,524 2619,504 2589,510 2575,519 2565,517"/>
                <Baseline points="2565,551 2595,554 2625,563 2655,569"/>
                <TextEquiv>
                    <Unicode>48</Unicode>
                </TextEquiv>
            </TextLine>
            <TextLine id="r3l2" custom="readingOrder {index:1;}">
                <Coords points="1619,694 1941,680 2067,718 2374,668 2547,712 2668,699 2669,620 2175,640 1878,605 1737,635 1620,603"/>
                <Baseline points="1626,657 1677,662 1729,666 1781,669 1833,672 1884,674 1936,674 1988,674 2040,674 2091,674 2143,674 2195,672 2247,672 2298,672 2350,672 2402,672 2454,674 2505,675 2557,678 2609,682 2661,686"/>
                <TextEquiv>
                    <Unicode>Nahmhaften Diebstahl von lehr vosten</Unicode>
                </TextEquiv>
            </TextLine>
            <TextLine id="r3l3" custom="readingOrder {index:2;}">
                <Coords points="1600,766 2250,757 2352,797 2479,754 2633,789 2653,709 2399,715 2343,677 2246,720 2108,693 2033,728 1855,684 1798,730 1601,684"/>
                <Baseline points="1608,734 1659,739 1711,743 1763,745 1815,747 1867,749 1919,750 1971,750 2023,750 2075,750 2127,750 2178,750 2230,750 2282,750 2334,750 2386,750 2438,750 2490,752 2542,753 2594,756 2646,759"/>
                <TextEquiv>
                    <Unicode>bahren Zubelen vorbracht, sich dormit</Unicode>
                </TextEquiv>
            </TextLine>
            <TextLine id="r3l4" custom="readingOrder {index:3;} person {offset:17; length:9;}">
                <Coords points="1587,833 2664,860 2666,802 2592,824 2420,779 2340,812 2101,750 2019,793 1869,795 1806,746 1589,765"/>
                <Baseline points="1595,818 1648,819 1701,822 1754,824 1807,825 1860,827 1913,827 1967,828 2020,830 2073,830 2126,831 2179,831 2232,833 2285,834 2339,836 2392,837 2445,838 2498,840 2551,842 2604,845 2658,848"/>
                <TextEquiv>
                    <Unicode>fort und biß auf Contalios begeben</Unicode>
                </TextEquiv>
            </TextLine>
            <TextLine id="r3l5" custom="readingOrder {index:4;}">
                <Coords points="1591,929 2693,943 2694,899 2416,837 2267,893 1593,849"/>
                <Baseline points="1599,893 1653,897 1707,899 1761,902 1816,903 1870,905 1924,906 1979,908 2033,908 2087,908 2142,909 2196,909 2250,911 2304,911 2359,912 2413,913 2467,914 2522,916 2576,919 2630,922 2685,924"/>
                <TextEquiv>
                    <Unicode>daselbsten aber wegen darzu vore</Unicode>
                </TextEquiv>
            </TextLine>
            <TextLine id="r3l6" custom="readingOrder {index:5;}">
                <Coords points="1582,1011 1854,981 2058,1036 2198,991 2675,1031 2676,970 2580,923 2343,969 2269,927 2105,961 1975,913 1584,941"/>
                <Baseline points="1590,977 1643,980 1697,981 1751,983 1805,984 1859,984 1913,986 1966,986 2020,986 2074,987 2128,987 2182,987 2236,989 2290,990 2343,991 2397,992 2451,995 2505,997 2559,1001 2613,1004 2667,1008"/>
                <TextEquiv>
                    <Unicode>gekehrten guten anstalten, entdeket, an¬</Unicode>
                </TextEquiv>
            </TextLine>
            <TextLine id="r3l7" custom="readingOrder {index:6;}">
                <Coords points="1582,1128 1680,1076 1810,1105 1931,1067 2072,1118 2215,1078 2421,1113 2514,1075 2601,1109 2662,1089 2663,1029 2411,999 2340,1039 2252,1004 2070,1039 1852,982 1640,1046 1584,1029"/>
                <Baseline points="1590,1073 1643,1071 1696,1071 1749,1070 1803,1070 1856,1070 1909,1070 1962,1070 2016,1070 2069,1071 2122,1071 2175,1073 2229,1074 2282,1076 2335,1077 2388,1079 2442,1080 2495,1081 2548,1083 2601,1085 2655,1088"/>
                <TextEquiv>
                    <Unicode>gehalten, und in vorhaft gesetzet. Nochn</Unicode>
                </TextEquiv>
            </TextLine>
            <TextLine id="r3l8" custom="readingOrder {index:7;}">
                <Coords points="1591,1200 1672,1155 1831,1181 1900,1136 1972,1171 2192,1143 2320,1184 2472,1156 2699,1186 2699,1140 2620,1100 2450,1131 2286,1078 2156,1119 1932,1067 1809,1107 1755,1076 1592,1120"/>
                <Baseline points="1599,1148 1653,1146 1708,1146 1762,1145 1817,1145 1872,1143 1926,1143 1981,1143 2035,1143 2090,1143 2145,1145 2199,1145 2254,1146 2308,1148 2363,1149 2418,1151 2472,1154 2527,1155 2581,1158 2636,1161 2691,1164"/>
                <TextEquiv>
                    <Unicode>ehrts auf anguchen Wrohlen von alle</Unicode>
                </TextEquiv>
            </TextLine>
            <TextLine id="r3l9" custom="readingOrder {index:8;}">
                <Coords points="1581,1250 1996,1238 2082,1300 2296,1240 2568,1253 2625,1293 2661,1205 2540,1208 2470,1162 2349,1191 2192,1143 2018,1207 1909,1167 1837,1206 1803,1181 1722,1213 1665,1173 1582,1198"/>
                <Baseline points="1589,1239 1642,1236 1695,1234 1748,1232 1801,1231 1854,1230 1907,1230 1961,1230 2014,1230 2067,1231 2120,1232 2173,1233 2226,1235 2279,1236 2333,1238 2386,1241 2439,1242 2492,1245 2545,1247 2598,1250 2652,1253"/>
                <TextEquiv>
                    <Unicode>mlatigem Herren Commandanten billig</Unicode>
                </TextEquiv>
            </TextLine>
            <TextLine id="r3l10" custom="readingOrder {index:9;}">
                <Coords points="1582,1333 1650,1371 1741,1334 2147,1330 2339,1387 2454,1343 2497,1376 2653,1351 2672,1314 2207,1273 2033,1302 1936,1246 1859,1308 1583,1245"/>
                <Baseline points="1590,1322 1643,1322 1697,1322 1751,1322 1804,1322 1858,1322 1912,1322 1965,1322 2019,1322 2073,1322 2127,1323 2180,1323 2234,1324 2288,1325 2341,1327 2395,1328 2449,1331 2502,1334 2556,1337 2610,1340 2664,1344"/>
                <TextEquiv>
                    <Unicode>Ausgelieferet, und gebargemlich allhero</Unicode>
                </TextEquiv>
            </TextLine>
            <TextLine id="r3l11" custom="readingOrder {index:10;}">
                <Coords points="1590,1422 1816,1407 2062,1461 2163,1414 2570,1437 2612,1388 2439,1353 2347,1396 2291,1361 2248,1387 2156,1332 1975,1371 1886,1328 1591,1397"/>
                <Baseline points="1598,1413 1648,1411 1698,1409 1748,1409 1799,1407 1849,1407 1899,1407 1950,1407 2000,1407 2050,1407 2101,1409 2151,1410 2201,1411 2251,1413 2302,1415 2352,1416 2402,1418 2453,1419 2503,1422 2553,1424 2604,1427"/>
                <TextEquiv>
                    <Unicode>in Gefangenschaft gebracht, dar</Unicode>
                </TextEquiv>
            </TextLine>
            <TextLine id="r3l12" custom="readingOrder {index:11;}">
                <Coords points="1584,1526 1667,1549 1720,1511 1789,1544 1892,1506 1942,1555 2099,1509 2232,1553 2310,1517 2677,1520 2608,1461 2567,1490 2326,1454 2126,1486 1904,1417 1803,1483 1585,1458"/>
                <Baseline points="1592,1497 1645,1497 1699,1497 1753,1498 1807,1499 1861,1499 1915,1499 1968,1500 2022,1500 2076,1501 2130,1502 2184,1502 2238,1503 2292,1504 2345,1505 2399,1506 2453,1507 2507,1508 2561,1509 2615,1511 2669,1512"/>
                <TextEquiv>
                    <Unicode>überhin zu vorschrdenen zweyen mahlen</Unicode>
                </TextEquiv>
            </TextLine>
            <TextLine id="r3l13" custom="readingOrder {index:12;}">
                <Coords points="1564,1602 2689,1623 2677,1523 2419,1574 2302,1536 2051,1571 2007,1535 1969,1567 1894,1507 1827,1545 1565,1530"/>
                <Baseline points="1571,1586 1626,1587 1682,1587 1737,1589 1793,1589 1848,1589 1904,1589 1959,1590 2015,1590 2070,1590 2126,1592 2181,1592 2237,1593 2292,1593 2348,1595 2403,1596 2459,1598 2514,1600 2570,1604 2625,1605 2681,1608"/>
                <TextEquiv>
                    <Unicode>Ernstwörtig, dennoch ohne angebendte</Unicode>
                </TextEquiv>
            </TextLine>
            <TextLine id="r3l14" custom="readingOrder {index:13;}">
                <Coords points="1569,1696 1992,1684 2070,1741 2249,1751 2425,1696 2711,1729 2713,1661 2358,1669 2077,1601 1939,1659 1851,1595 1754,1626 1571,1593"/>
                <Baseline points="1577,1683 1633,1683 1689,1683 1746,1682 1802,1682 1859,1683 1915,1683 1971,1683 2028,1683 2084,1685 2141,1686 2197,1688 2253,1688 2310,1691 2366,1692 2423,1695 2479,1698 2535,1701 2592,1704 2648,1709 2705,1713"/>
                <TextEquiv>
                    <Unicode>Marter diefers diebstahls salb examiniert</Unicode>
                </TextEquiv>
            </TextLine>
            <TextLine id="r3l15" custom="readingOrder {index:14;}">
                <Coords points="1584,1770 2700,1814 2702,1746 2508,1750 2436,1698 2288,1759 2027,1745 1920,1692 1586,1712"/>
                <Baseline points="1592,1758 1647,1761 1702,1764 1757,1766 1812,1767 1867,1769 1922,1770 1977,1772 2032,1772 2087,1773 2142,1774 2197,1775 2252,1776 2307,1778 2362,1781 2417,1783 2472,1785 2527,1788 2582,1793 2637,1798 2693,1803"/>
                <TextEquiv>
                    <Unicode>worden, hat derselbige nochvolgende bey</Unicode>
                </TextEquiv>
            </TextLine>
            <TextLine id="r3l16" custom="readingOrder {index:15;}">
                <Coords points="1576,1853 1730,1891 1833,1854 1992,1861 2128,1924 2195,1901 2289,1935 2380,1892 2484,1892 2487,1825 2417,1796 2321,1843 2149,1776 1941,1804 1728,1768 1579,1789"/>
                <Baseline points="1584,1844 1628,1845 1673,1847 1718,1848 1762,1851 1807,1853 1852,1854 1896,1856 1941,1859 1986,1860 2031,1863 2075,1865 2120,1867 2165,1869 2209,1871 2254,1872 2299,1875 2343,1877 2388,1878 2433,1880 2478,1881"/>
                <TextEquiv>
                    <Unicode>kantnuß und vergicht gethan</Unicode>
                </TextEquiv>
            </TextLine>
            <TextLine id="r3l17" custom="readingOrder {index:16;}">
                <Coords points="1564,1985 1693,2020 1775,1982 1851,2010 2005,1982 2206,2063 2353,2001 2540,2050 2689,2040 2694,1952 2453,1973 2379,1896 2325,1934 2190,1902 2007,1957 1569,1893"/>
                <Baseline points="1572,1968 1627,1971 1683,1973 1738,1976 1794,1977 1849,1979 1905,1982 1960,1984 2016,1986 2071,1988 2127,1991 2182,1993 2238,1996 2293,2000 2349,2003 2404,2006 2460,2010 2515,2013 2571,2018 2626,2022 2682,2028"/>
                <TextEquiv>
                    <Unicode>Namblichen, daß Er Ao 1747 aus</Unicode>
                </TextEquiv>
            </TextLine>
            <TextLine id="r3l18" custom="readingOrder {index:17;} place {offset:19; length:6;}">
                <Coords points="1553,2072 1680,2068 1878,2138 2007,2070 2694,2142 2697,2097 2481,2030 2143,2054 1998,1985 1889,2030 1823,1992 1720,2046 1557,2015"/>
                <Baseline points="1562,2052 1618,2055 1674,2058 1730,2061 1787,2063 1843,2066 1899,2068 1956,2071 2012,2073 2068,2077 2125,2080 2181,2082 2237,2086 2293,2090 2350,2094 2406,2099 2462,2103 2519,2109 2575,2115 2631,2121 2688,2127"/>
                <TextEquiv>
                    <Unicode>seinem heymath von halono sinlogs</Unicode>
                </TextEquiv>
            </TextLine>
            <TextLine id="r3l19" custom="readingOrder {index:18;} place {offset:19; length:8;}">
                <Coords points="1568,2154 1979,2199 2056,2163 2361,2232 2469,2198 2590,2231 2622,2226 2629,2121 2442,2131 2374,2094 2269,2132 2145,2073 1922,2136 1689,2075 1571,2111"/>
                <Baseline points="1577,2136 1631,2140 1686,2143 1741,2146 1795,2149 1850,2152 1905,2155 1959,2158 2014,2161 2069,2164 2123,2168 2178,2171 2233,2174 2287,2178 2342,2182 2397,2186 2451,2192 2506,2196 2561,2201 2616,2207"/>
                <TextEquiv>
                    <Unicode>und allhero in die Schbeitz gekommen</Unicode>
                </TextEquiv>
            </TextLine>
            <TextLine id="r3l20" custom="readingOrder {index:19;} place {offset:33; length:6; continued:true;}">
                <Coords points="1562,2260 1649,2228 1915,2290 2181,2260 2354,2273 2403,2317 2507,2285 2709,2329 2714,2258 2569,2222 2130,2238 1868,2162 1636,2186 1570,2152"/>
                <Baseline points="1572,2223 1628,2228 1685,2232 1741,2235 1798,2238 1854,2241 1911,2244 1967,2249 2024,2252 2080,2255 2137,2258 2194,2262 2250,2265 2307,2269 2363,2273 2420,2277 2476,2281 2533,2286 2589,2291 2646,2297 2703,2303"/>
                <TextEquiv>
                    <Unicode>als koch und er zweyen mahlen zu Neuben</Unicode>
                </TextEquiv>
            </TextLine>
            <TextLine id="r3l21" custom="readingOrder {index:20;} place {offset:0; length:4; continued:true;} place {offset:27; length:7;}">
                <Coords points="1551,2332 1888,2335 2020,2387 2071,2352 2438,2436 2698,2407 2700,2369 2586,2360 2464,2290 2346,2345 2259,2270 2163,2304 2045,2253 1917,2297 1833,2251 1556,2259"/>
                <Baseline points="1560,2312 1616,2316 1673,2320 1729,2324 1786,2328 1842,2331 1899,2334 1955,2338 2012,2342 2068,2345 2125,2349 2182,2354 2238,2357 2295,2361 2351,2364 2408,2368 2464,2373 2521,2377 2577,2381 2634,2385 2691,2390"/>
                <TextEquiv>
                    <Unicode>burg in dem Wirthshauß zum Aßengen</Unicode>
                </TextEquiv>
            </TextLine>
            <TextLine id="r3l22" custom="readingOrder {index:21;} place {offset:23; length:6;}">
                <Coords points="1539,2451 1868,2438 2096,2496 2159,2455 2294,2518 2451,2472 2540,2524 2675,2524 2680,2465 2501,2414 2362,2434 2274,2382 2150,2403 2085,2354 1989,2405 1771,2333 1670,2359 1634,2327 1545,2376"/>
                <Baseline points="1551,2402 1609,2407 1668,2414 1727,2418 1786,2424 1845,2429 1904,2433 1963,2437 2022,2441 2081,2445 2139,2450 2198,2454 2257,2459 2316,2464 2375,2469 2434,2475 2493,2481 2552,2487 2611,2495 2670,2502"/>
                <TextEquiv>
                    <Unicode>edienet, Nachwerths zu Zürich Religion</Unicode>
                </TextEquiv>
            </TextLine>
            <TextLine id="r3l23" custom="readingOrder {index:22;}">
                <Coords points="1550,2523 1798,2520 1867,2579 1991,2531 2703,2612 2655,2545 2594,2560 2453,2471 2301,2534 2163,2456 2098,2496 1869,2437 1556,2454"/>
                <Baseline points="1560,2487 1616,2494 1673,2500 1730,2505 1787,2510 1844,2515 1900,2519 1957,2524 2014,2529 2071,2532 2128,2537 2184,2541 2241,2547 2298,2552 2355,2556 2412,2562 2468,2568 2525,2574 2582,2582 2639,2589 2696,2598"/>
                <TextEquiv>
                    <Unicode>geänderet sich mit einem Weib and</Unicode>
                </TextEquiv>
            </TextLine>
            <TextLine id="r3l24" custom="readingOrder {index:23;} person {offset:4; length:5;}">
                <Coords points="1554,2587 1695,2600 1784,2666 1882,2610 2217,2631 2381,2695 2718,2702 2722,2655 2654,2620 2561,2643 2386,2565 2010,2599 1926,2553 1750,2579 1562,2504"/>
                <Baseline points="1563,2577 1620,2584 1677,2590 1735,2595 1792,2600 1850,2607 1907,2612 1965,2616 2022,2622 2080,2627 2137,2632 2194,2636 2252,2642 2309,2647 2367,2653 2424,2658 2482,2664 2539,2669 2597,2676 2654,2682 2712,2690"/>
                <TextEquiv>
                    <Unicode>dem Colle verehrlichet mit Ihra alldan</Unicode>
                </TextEquiv>
            </TextLine>
            <TextLine id="r3l25" custom="readingOrder {index:24;}">
                <Coords points="1546,2674 1807,2724 1875,2690 1983,2759 2057,2721 2309,2740 2425,2807 2509,2764 2715,2796 2721,2743 2571,2682 2366,2702 2130,2661 2084,2690 1969,2629 1789,2667 1552,2613"/>
                <Baseline points="1554,2664 1611,2671 1669,2677 1727,2682 1785,2687 1842,2693 1900,2697 1958,2703 2016,2707 2073,2712 2131,2718 2189,2723 2247,2728 2304,2735 2362,2739 2420,2746 2478,2753 2535,2760 2593,2767 2651,2777 2709,2784"/>
                <TextEquiv>
                    <Unicode>Siben Jahr lang hauß gehalten haben</Unicode>
                </TextEquiv>
            </TextLine>
            <TextLine id="r3l26" custom="readingOrder {index:25;} person {offset:31; length:3; continued:true;}">
                <Coords points="1550,2784 1809,2790 1942,2859 2112,2814 2638,2900 2727,2862 2594,2779 2437,2818 2215,2730 2118,2727 2042,2779 1895,2734 1554,2741"/>
                <Baseline points="1560,2765 1617,2770 1675,2775 1733,2780 1791,2784 1849,2789 1907,2795 1965,2798 2023,2803 2081,2808 2139,2813 2196,2819 2254,2823 2312,2829 2370,2834 2428,2841 2486,2848 2544,2855 2602,2863 2660,2871 2718,2879"/>
                <TextEquiv>
                    <Unicode>vnd hernach zu gedeutem Herren Vor</Unicode>
                </TextEquiv>
            </TextLine>
            <TextLine id="r3l27" custom="readingOrder {index:26;} person {offset:0; length:6; continued:true;} place {offset:11; length:10;}">
                <Coords points="1511,2917 1727,2880 1950,2899 2062,2954 2168,2916 2707,2980 2695,2893 2444,2918 2252,2892 2140,2816 1935,2868 1868,2814 1781,2857 1607,2784 1522,2799"/>
                <Baseline points="1524,2855 1582,2862 1641,2867 1700,2872 1759,2879 1818,2883 1876,2888 1935,2893 1994,2898 2053,2903 2112,2909 2170,2913 2229,2918 2288,2923 2347,2929 2406,2934 2464,2941 2523,2946 2582,2953 2641,2960 2700,2966"/>
                <TextEquiv>
                    <Unicode>Erlach von Segenstorf in seinen dienst</Unicode>
                </TextEquiv>
            </TextLine>
            <TextLine id="r3l28" custom="readingOrder {index:27;}">
                <Coords points="1541,2970 1730,2979 1803,3021 2198,3024 2357,3104 2578,3059 2688,3090 2693,3041 2607,2995 2445,3020 2335,2950 2242,3001 2117,2932 1986,2979 1728,2955 1694,2919 1545,2935"/>
                <Baseline points="1551,2955 1607,2962 1664,2968 1720,2974 1777,2979 1833,2984 1890,2990 1946,2995 2003,3000 2059,3005 2116,3012 2173,3016 2229,3022 2286,3028 2342,3034 2399,3040 2455,3047 2512,3054 2568,3061 2625,3069 2682,3077"/>
                <TextEquiv>
                    <Unicode>kommen, und t. Monat lang alldan</Unicode>
                </TextEquiv>
            </TextLine>
            <TextLine id="r3l29" custom="readingOrder {index:28;}">
                <Coords points="1547,3079 1785,3073 1865,3125 2022,3087 2104,3142 2297,3118 2713,3176 2716,3141 2567,3086 2189,3089 1989,3002 1904,3043 1661,2994 1553,3017"/>
                <Baseline points="1557,3044 1614,3051 1671,3058 1729,3064 1786,3070 1844,3076 1901,3082 1959,3087 2016,3092 2074,3096 2131,3102 2188,3107 2246,3113 2303,3117 2361,3123 2418,3129 2476,3135 2533,3141 2591,3147 2648,3153 2706,3161"/>
                <TextEquiv>
                    <Unicode>gestanden, von diesem seinem Herren</Unicode>
                </TextEquiv>
            </TextLine>
            <TextLine id="r3l30" custom="readingOrder {index:29;}">
                <Coords points="1536,3175 2424,3209 2580,3278 2673,3258 2676,3222 2573,3181 2363,3192 2237,3120 2123,3144 2036,3098 1920,3150 1545,3079"/>
                <Baseline points="1547,3135 1603,3141 1659,3147 1715,3155 1771,3161 1827,3166 1883,3172 1939,3176 1995,3181 2051,3187 2107,3191 2163,3197 2219,3201 2275,3206 2331,3211 2387,3216 2443,3221 2499,3227 2555,3233 2611,3239 2667,3245"/>
                <TextEquiv>
                    <Unicode>aber wegen untreulohhalb auf sich ger</Unicode>
                </TextEquiv>
            </TextLine>
            <TextLine id="r3l31" custom="readingOrder {index:30;}">
                <Coords points="1530,3291 1786,3260 2566,3359 2616,3314 2483,3297 2409,3226 2335,3269 2262,3219 2035,3237 1900,3175 1738,3237 1541,3175"/>
                <Baseline points="1542,3233 1595,3238 1648,3244 1701,3250 1755,3256 1808,3260 1861,3264 1914,3270 1968,3275 2021,3279 2074,3283 2127,3288 2181,3293 2234,3297 2287,3301 2340,3307 2394,3312 2447,3317 2500,3323 2553,3328 2607,3335"/>
                <TextEquiv>
                    <Unicode>zogenen Verdachts und entragenen</Unicode>
                </TextEquiv>
            </TextLine>
            <TextLine id="r3l32" custom="readingOrder {index:31;}">
                <Coords points="2613,3342 2624,3347 2635,3344 2651,3353 2657,3352 2669,3368 2679,3370 2691,3363 2698,3364 2709,3302 2700,3301 2686,3309 2680,3303 2675,3306 2668,3304 2647,3313 2619,3305"/>
                <Baseline points="2621,3336 2657,3343 2693,3348"/>
                <TextEquiv>
                    <Unicode></Unicode>
                </TextEquiv>
            </TextLine>
            <TextLine id="r3l33" custom="readingOrder {index:32;}">
                <Coords points="1524,3344 1599,3372 1659,3341 1763,3393 1831,3366 1948,3429 2059,3373 2663,3440 2617,3378 2555,3398 2424,3333 2324,3378 1935,3290 1789,3323 1589,3269 1529,3291"/>
                <Baseline points="1533,3324 1589,3331 1645,3337 1701,3343 1757,3349 1814,3354 1870,3360 1926,3365 1982,3369 2038,3374 2095,3378 2151,3383 2207,3388 2263,3393 2319,3398 2376,3403 2432,3408 2488,3413 2544,3419 2600,3426 2657,3432"/>
                <TextEquiv>
                    <Unicode>Fbeyen ziotori bücheren und eines</Unicode>
                </TextEquiv>
            </TextLine>
            <TextLine id="r3l34" custom="readingOrder {index:33;}">
                <Coords points="1525,3474 1705,3440 1891,3519 2071,3468 2670,3577 2680,3460 2484,3432 2287,3467 2090,3434 2041,3387 1979,3431 1883,3394 1704,3414 1535,3351"/>
                <Baseline points="1536,3420 1592,3426 1649,3433 1705,3439 1762,3446 1818,3450 1875,3455 1931,3460 1988,3465 2044,3469 2101,3473 2158,3479 2214,3482 2271,3487 2327,3492 2384,3496 2440,3500 2497,3505 2553,3509 2610,3515 2667,3521"/>
                <TextEquiv>
                    <Unicode>Tischzbachelins ohne gegebenen schriftlich</Unicode>
                </TextEquiv>
            </TextLine>
            <TextLine id="r3l35" custom="readingOrder {index:34;}">
                <Coords points="1544,3555 1649,3528 2095,3561 2166,3635 2336,3643 2695,3627 2709,3585 2364,3559 2147,3476 1958,3529 1705,3441 1549,3486"/>
                <Baseline points="1554,3515 1611,3521 1668,3526 1725,3531 1783,3536 1840,3540 1897,3545 1954,3549 2012,3554 2069,3558 2126,3563 2183,3566 2241,3571 2298,3575 2355,3580 2412,3585 2470,3591 2527,3597 2584,3603 2641,3611 2699,3618"/>
                <TextEquiv>
                    <Unicode>abscheid dennoch mit bezahlung seines</Unicode>
                </TextEquiv>
            </TextLine>
            <TextLine id="r3l36" custom="readingOrder {index:35;}">
                <Coords points="1525,3617 1646,3593 1733,3655 1931,3629 2090,3672 2449,3693 2453,3647 2421,3632 2151,3626 2096,3562 1696,3562 1535,3511"/>
                <Baseline points="1535,3581 1580,3584 1625,3589 1671,3593 1716,3596 1762,3600 1807,3605 1853,3609 1898,3614 1944,3618 1989,3622 2034,3626 2080,3631 2125,3635 2171,3639 2216,3644 2262,3648 2307,3653 2353,3658 2398,3662 2444,3666"/>
                <TextEquiv>
                    <Unicode>lohns verschikt worden etc. eye</Unicode>
                </TextEquiv>
            </TextLine>
            <TextEquiv>
                <Unicode>48
Nahmhaften Diebstahl von lehr vosten
bahren Zubelen vorbracht, sich dormit
fort und biß auf Contalios begeben
daselbsten aber wegen darzu vore
gekehrten guten anstalten, entdeket, an¬
gehalten, und in vorhaft gesetzet. Nochn
ehrts auf anguchen Wrohlen von alle
mlatigem Herren Commandanten billig
Ausgelieferet, und gebargemlich allhero
in Gefangenschaft gebracht, dar
überhin zu vorschrdenen zweyen mahlen
Ernstwörtig, dennoch ohne angebendte
Marter diefers diebstahls salb examiniert
worden, hat derselbige nochvolgende bey
kantnuß und vergicht gethan
Namblichen, daß Er Ao 1747 aus
seinem heymath von halono sinlogs
und allhero in die Schbeitz gekommen
als koch und er zweyen mahlen zu Neuben
burg in dem Wirthshauß zum Aßengen
edienet, Nachwerths zu Zürich Religion
geänderet sich mit einem Weib and
dem Colle verehrlichet mit Ihra alldan
Siben Jahr lang hauß gehalten haben
vnd hernach zu gedeutem Herren Vor
Erlach von Segenstorf in seinen dienst
kommen, und t. Monat lang alldan
gestanden, von diesem seinem Herren
aber wegen untreulohhalb auf sich ger
zogenen Verdachts und entragenen

Fbeyen ziotori bücheren und eines
Tischzbachelins ohne gegebenen schriftlich
abscheid dennoch mit bezahlung seines
lohns verschikt worden etc. eye</Unicode>
            </TextEquiv>
        </TextRegion>
    </Page>
</PcGts>
