3024 4032
282 937 414 954 ach deml dieser Kel wegen einihen diß mahlen
141 443 277 582 196.
398 535 1369 703 Det anhnuß und a ergichen
654 648 1197 783 Nichaus Muhlers
352 719 1376 910 das Wasennleysters sohnd ab der schwartz megen
542 838 1201 954 von etwann 30 jahren alters.
225 954 1347 1111 ach deml dieser Kel wegen einihen diß mahlen
230 1052 1335 1184 allhier in der statt Börn vernebten zwar gwringen
207 1118 1372 1282 dieb stühfen ob der taht erbitcht und in verhafft gebacht,
193 1203 1344 1338 achwderts als in Berüchsteter dies erkamnt und vlehringe
768 954 955 973 von etwann 30 jahren alters.
183 1296 1352 1414 diebs stuben beschuldigt, volands darüber durcheleinen
189 1369 1343 1507 hochgeehrten herrga Eeymblichern von Lulernauw
184 1464 1356 1595 als hirzu oberkeitlich verordneten herren examinator
159 1537 1351 1692 wie auch jhr ge dienere erlutohln Großwegbel
138 1623 1317 1755 Wurstimberger und grichtschreiberin Tschißeli den
141 1710 1299 1856 29en octobris den 1. a8 und 2 novembris 1 29 hanis
144 1789 1319 1939 zu verschiedenen mahlen gürtlich und ernstwortig mit
142 1873 1295 1998 brtreüw und würcklicher anwandung derd karm
124 1942 1229 2075 mlarter cauminiert und quastioniert worden ist.
129 2023 1339 2161 Het gldachter Mlüller nachbeschriebene bekanntunß und
135 2112 1001 2255 vergicht ertillt und von sich gegeben
10 2288 1301 2468 Als Namblichen uid Erstlich zeigke er an. daß
96 2406 1300 2543 er annach ledig segt, auch seine elteren und sieben
87 2489 1299 2613 geschwüsterte mit namen vierd brueder und drey schu
53 2571 1277 2715 steren annach bey Loben und zward in zimblicher
72 2656 967 2806 arnuchst zu Schwert enegg sich befinden,
60 2791 1253 2943 Weyhers, daß er wegen etwalchen begangenen
51 2876 1272 2994 Dieb und anderen schlimmen stueken berritt un
44 2946 1287 3102 dritten wahl alllierd und eindmahld zu Interkeiken g
30 3026 1271 3181 fangen, auch zum tweyteg wahl im Schallenwrrd ges
326 3124 601 3254 und zwar
10 3142 204 3276 hursg,
17 3205 1253 3410 Ersten Naths vor d5 10 jahren im Aprillen matt
27 3292 1248 3462 befande erd sich mit Christern und frled Müller seinen
12 3369 1244 3561 bithers zu Thun hingerichteten beidern bründeren un
980 3462 1165 3580 Verhaft
1461 714 1524 827 1.
1450 1036 1511 1187 2.
1442 1424 1502 1535 3
1413 1699 1482 1818 4
1387 2064 1457 2180 5
1397 2360 1476 2511 6.
1342 3221 1406 3333 7
2481 605 2611 731 157.
1564 571 2124 751 verhaft, Wilen er
1575 678 2662 885 wlit gedacht seinen beiden brüederen zu Nieder wichtrach
1557 802 2629 941 nlachts auß einer Luhi v ehrene häfen gnommen.
1559 880 2673 1011 die brueder habind ihne u einem lach hinein gestoßen
1550 940 2569 1083 welchen er nachworts die haafen hinaußgegeben.
1558 1059 2634 1187 zu Huntziken habind die brunder nachts ein glalt,
1540 1147 2645 1277 schlößlin an einem keller zerzogen, in selbigen alle
1534 1225 2600 1354 drey sich hinin begeben, darimen kilch getrunken,
1541 1300 2571 1427 eine pfannen und einem bißen sgmutz entbendt.
1520 1420 2640 1573 zu Ului seyn sie auf gliche weise in einem keller
1518 1511 2656 1642 gerahten, allwo sie auch wilch getrunken und einem
1531 1593 2343 1733 bißen schmutz und unschlit gmomen
1528 1696 2653 1854 zu Oberhofen in dem einden hauß habe des pelr im
1506 1788 2636 1943 Fensterlin und hernach eine tuhr aubgemacht und
1503 1871 2652 2026 ihne kauß Hinin geschickt, alloo er einen ehrenen hafen
1495 1949 1716 2079 entragen.
1509 2096 2663 2238 dn gleichen ort in einem anderen hauß habe der Peter
1492 2173 2640 2324 auch einen fensterlin hiauß getruckt, ihne Clauß Hinin
1489 2247 2593 2415 gelupft daselbsten habe er im häfelin bekommen.
1476 2365 2634 2585 zu zulterfingen habe er einig auß einem hauß em
1484 2483 1852 2598 zasen entwendt.
1458 2587 2609 2756 wegen diesen diebstahlen seye er neben seinen briden
1753 2680 1824 2752 ge
1464 2678 2560 2826 brüederen ( so dazumahl mit ruchten gestrichen die
1452 2741 2605 2897 statt haumber geführt, in das schallenwere getahnn
1470 2824 2599 2997 und ntachtderts dem waser mleyster zu Interlacen
1455 2893 1864 3017 übergeben worden.
1421 2969 2625 3185 Vor 5 jahren im ovembris m21 habe er sich zum zweyten
1434 3100 2508 3272 vlahl allhier in vorhafft befunden, Weilen erd
1449 3234 2604 3389 N. Auff der Wutten bey signaut tags in einem keller
1453 3319 2616 3446 baken ware, sich begeben und darauß einen luchen und
1444 3393 2040 3522 ein leib boot genommen habe.
2296 3498 2375 3612 8
