3024 4032
147 440 274 586 14
239 517 1370 717 Mattin an die arbeit sich begeben habe. Etwann
267 627 1367 784 uberds umb 4 uhren langten die wehr wirdero
255 723 1366 845 mahl hefftig an, dahero sie auch von der arbeit
253 794 1378 917 Hinbrgg in das hauß auf die buhnen zu ihrem schlagfen
226 864 1370 1009 bott gegangen seye. Der Mlüllerin glut er
227 965 1367 1079 s: dieselbst demahls anderwärts vielfaltigbschäfftigt,
233 1029 1356 1148 habe danach sie biß weilen auff der buher besucht,
242 1097 1325 1236 und befagt, wo es ihre fehle und sie in die
203 1184 1304 1316 Stuben zukommen gnöhtiget, sie hingegen
219 1254 1344 1388 habe weder danne auß der ratten bey sich getar
204 1327 1329 1476 senem arbeitsleüthen nach ihro der alten frantan
203 1407 1323 1540 die sach nicht groffenbahret, seye also auff dero
202 1498 1278 1613 lehnr verblieben und am abend umb 7 biß 8
175 1578 1348 1701 ahren daßelbst stehend des kinds gemesen, daßßelbige
193 1660 1330 1762 denn habe sie wol eine viertel, stundt ohne ge
161 1739 1334 1875 Buhrende rahtschaffung halß woß auff dem budern
130 1812 1297 1945 kiegen laßen, obschan sie daßßelbe sich regen
159 1893 1313 2033 gesthen. Nachwerts ald wil das Kindlin sich
155 1988 1321 2127 annach bevegte, hat sie selbiges mit beiden händen
146 2063 1298 2226 vom Boden aufgeommen, mit der einden handt
147 2162 1288 2308 am leib gefaßet, mit der anderen aber ihme
137 2233 1297 2371 das kop flin hart angegriffen und so getruckt
128 2312 1325 2465 dardurch ihme einehr omb und mit rut und erlaßen
122 2404 1285 2532 sich befundene mahlzichen verursthet, folglich
114 2473 1275 2608 das kind aufff der shooß in ein fürtuch einge-
89 2538 1306 2687 wikelt und daßßelbe under das underbotd verstekt
85 2637 1234 2811 hernach dann diß alles, waß wiederfahren, deß
85 2709 1261 2879 Peter springsr schmids ehefre, die daher kommen
99 2794 1272 2953 und Sie laleficanting über eine Lindt-Geberung
58 2863 1277 3056 Scharf quaotioniert, biß zum detten mlahl und liß
68 2956 1251 3121 auf beschelene betraulung verlaugnet und moar
72 3051 1253 3221 alles in dem bosen vorstatzn und absohen, damit sie
68 3146 1253 3318 das kind heymblich abschaffen und sich hernach vor
47 3195 1262 3398 des wolt aht unschuldig dar stellen mächte. Btu
48 3289 1232 3466 und erkannte sich also an ihres armen kindr todt
7 3414 839 3580 schuldig und ursicherin zu seyn.
910 3475 1167 3592 Nachdmne
2471 580 2613 687 135.
1522 569 2646 778 Nachsietl ung salliechige hehr Landts Oberkeit
1555 687 2637 847 unsere aller stits gnädige herren und oberm raht
1566 766 2638 926 und Burgere geserigen tagt bey einden sich versammlet
1554 850 2609 1011 und diesere der rtadlena Stewer Gunt, undt
1537 922 2668 1067 feinlich getaher bekant uuß mit allen ihren umbstän
1534 1029 2642 1152 iden angehört und darbey sich schuldigsterd maßen
1546 1103 2645 1232 erinneret dero zu abstraffung, derglichen schwähren
1523 1178 2649 1310 Mißettahten von Gott dem aller hochsten regenten
1521 1258 2623 1385 ihnen andertrauten hach oberkeitlichen amts unds
1540 1340 2155 1470 darin hangender pflichten
2152 1336 2663 1472 1 Habend daraufz
1528 1430 2627 1560 Hochgedacht unser gnädige Herrn und obern,
1533 1509 2643 1638 damit solche blut, schulden nicht auff das Land gelan
1515 1583 2638 1732 Dem werdint, bey ihremn eyden zu recht erkennt und
1515 1670 1769 1795 gesprochen.
1495 1758 2650 1918 Daß dieser Mateficantin sechst empfellung ihre
1521 1859 2657 2003 thurer seelen in die hand ihrer erlöstes tc. zn deran
1494 1934 2651 2079 Wolferdienter stragff und männiglich zum abscheüch
1498 2008 2631 2153 und schreiben dem scharff suchter übergeben, von
1500 2082 2666 2220 ihme gebunden und ober auß auff die gewohnliche
1486 2157 2606 2303 srichtstatt geführt, daselbsten ihre nach dieser
1482 2236 2614 2398 Lobl Statt bera Labendem Gaalt und sachten
1487 2326 2602 2473 mit dem schwkert das haupt abgschlagen, und also
1486 2405 2608 2555 von acben eir todt hingerichtet, auch folglich der
1480 2476 2647 2632 Korper an dar gewohner verschmächte ort verscherett
1466 2550 1775 2690 werden solle.
1440 2655 2632 2852 E ctum Coram 200. den 19t und Ccreguist
1464 2793 2408 2970 den 20ten tag septembris A: 1129
1417 2948 2487 3157 N. Dieser Will ist unanineiter Ergangen.
