3456 5184
555 1231 1749 1452 ihm bchendiget und nach branden geführt und e
539 1333 1686 1510 acht ihme voglag, die bnder neben dansen
530 1418 1736 1596 segen alberer bekantlich gelalsen, deß slie vrnelten
531 1499 1675 1686 diebstehls, waß er hans solches verbangen
530 1598 699 1686 wolle.
825 1598 1693 1754 Ein gleiches habe er huß ihme
506 1665 1689 1852 sehrmalen in ded lefen zu Brandiß vordentet,
522 1754 1687 1924 da er offters zu ihme vord die fuhr kommen.
514 1833 1693 2011 Am habind herr landtvogt und der schreiber
526 1939 1598 2090 zu Brandß ihme auch gleiche vorstellungen
504 2010 678 2142 gelehen.
811 2036 1692 2159 wordnrch er dann voranlaßet
476 2093 1109 2241 worden sie zu beklagen,
473 2219 1668 2365 h obtr etwann diese seine gewrfene vlebe d
504 2299 1718 2479 diensten entschlagen habe am ansuchen derselben
512 2393 1121 2539 oder ihre freunden.
478 2499 1704 2658 d stein, er habe ihme niemand dardon g
495 2592 1684 2767 redt, allein weilen sie unschuldig habe er sie
473 2675 754 2801 Entschlagen
455 2785 1698 2965 h ob to obgemellt seinem wleist es eaß wekers
472 2874 974 3025 vruntr ub et habe.
465 2964 1669 3159 h senn richts witers, er habe unr diß
485 3071 1266 3231 eintzige wahl ihme entbendet
438 3172 1672 3371 Dieser obige lacotionen hat vlhhren hogen.
453 3281 1668 3429 licher auch bey der streiki an ihm getruckt,
481 3364 1685 3540 und frgar Gemacht, Ob wollte erd denselben in
457 3454 1677 3623 des reht folteren laßen, deßen ohngeacht aber
454 3535 1645 3728 hat dieser Waldrburger nichts anders anzeigen
427 3640 1688 3774 wollen, sondern verdeutet, daß er nun die wahr
462 3706 1684 3882 heit überall an tag gebren habe, bttte gott und
455 3800 1617 3968 ein hohe oberkeit umb gnad und vorgebung
482 3916 1659 4102 derso beandten dinseg ei het hochgndacht
462 4015 1668 4151 mhh es für dißmalen ohne anwendung der
451 4087 1673 4271 Strecti betenden laßen und ihr galn dißortign
487 4168 1222 4321 vorwag zutuhn gut befunden.
462 4241 909 4404 Ad 8bstal.
3091 1015 3200 1102 23.
2250 1091 2683 1271 Erkausuns
2049 1236 2900 1447 wegen Ulli Waldsburgers
1914 1385 3230 1614 Nachdeme vorbeschriebene samtliche so wol mit
1979 1494 3252 1674 diesem Waldrburgers beides daußen zu Brandig
2082 1447 2160 1462 wegen Ulli Waldsburgers
1972 1584 3261 1787 und alchier verrichtete cocamina und vrgichten
1963 1695 3247 1895 auff den heütigen tag vor Mughen zund boren
1950 1805 3250 1991 racht und burgeren bey eyden cxpresses zu dem
1973 1888 3224 2094 fur versammlet von wort zu wort abgelesen
1968 1995 3252 2195 worden, Habend hochgedacht Meghlih und
1962 2108 3271 2309 Oberen daraber zu recht erkennt undgesprochen.
1966 2219 3273 2417 Daß waad ihme Uli Waldsburgers an dem leben
1982 2289 3253 2499 vershenct, dannach aberd derstelbe zu seiner wol,
1961 2399 3257 2616 verdinten wagk durch den scharfr kichter an
1964 2480 3280 2725 gewoohnten orten mit richten gestrichen, volgende
1988 2618 3259 2822 in das schellentvell an den larren gschmidet
2642 2738 2816 2833 werdig
1982 2728 3270 2907 und ur arbeit angehalten, auch so gang alldan
1964 2839 3278 3049 verbluben solle, biß es mughl  Bliebern wirder
1968 2954 3291 3147 ihne darvon waß zu laßen. Et aumocoram
1964 3081 2922 3229 200 den 28t artii 1727.
1929 3172 2994 3344 al mit seinem angeklagten vhln weren.
1954 3354 3285 3515 Gldvl am eetohln7 Herr Groß weybel wurd
1965 3444 3158 3612 stemborger und herr grichtschreiber krher
1952 3555 3299 3730 Sie deßen zu benachriffen, mit ansmmen die hochter
1969 3655 3294 3811 seit weeil ihme Wolsfurger zuerocknen und
1988 3733 3299 3910 die cocuurion durch dem scharffrichter anzubefehlen.
1970 3828 3301 4006 volgends ihne dem herren schallen hauß iuopectoren
1977 3949 3298 4099 zuführen ze laßen, als welcher den befelch erhalten
1978 4064 2467 4200 ihne zu ezefehn
1984 4160 3296 4360 sil an machle  ertohror van dieß bach und
1979 4310 3320 4465 de sul an herren schallenhanse inspectaren Abraham
2004 4397 3310 4542 Simer. Sie bride obiger wieder Ulli Walds
1980 4480 3310 4626 birgerd hoch oberbeiten. ergangener urteill zuverde
1978 4563 3306 4747 ständigen, mit freundlichem gestimen die erforder,
2857 4708 3012 4813 liche
