3456 5184
598 946 1687 1201 Alsobald gereützig worden und etliche rlahen
604 1050 1676 1256 in willen gelarsen diesem diebestahl warde
568 1122 1706 1355 sein ort zutragen, habe sich aber gefarchtet de
569 1219 1314 1403 Waß ihme nun wiederfahren
1579 1336 1684 1416 Aauch
576 1313 1668 1486 in sontartier habe er sich vorgenommen .
564 1372 1674 1563 Deonit in zu ersuchen diesere sachen wiederem
548 1477 1647 1651 zuruck zefenden, sone aber mierhin durch
527 1558 1679 1738 wiedrige beste gedamben daran gezinderet
534 1658 743 1765 worden.
946 1679 1610 1847 Ert ctum ut supra.
489 2121 1649 2432 Betulais und Arogehl
755 2361 1506 2586 d eor Geebres
504 2532 1701 2715 Auß dem buch holterberg der kircheri diß batz
538 2639 1628 2800 gebürtig von etwann 50 jahren alters.
387 2837 1677 3077 Als dieser etero Gorber nach vermte
464 2977 1692 3147 einichen vich, diebstählen zu lahst auch dem lamnt
476 3073 1661 3225 Wyger einem kuher in prtohl sackelschreiber
447 3156 1656 3338 Friodenescht vrlegenzeit d t eie luhr nit,
460 3243 1655 3423 landt, von dem selbeg durch slachforschung fundtlich
460 3334 1680 3527 betrotten, als ein drb verledet und auß sich
446 3420 1642 3613 terlichem befelchen in allhiesigen oberkeitlichen
459 3525 1680 3704 vergafft gezogen, volglich zu sanen und erhied,
439 3631 1647 3776 lichen elahlen den 27. ten octobris und 5 novebris diß
456 3708 1659 3913 1727 jahrs beider durch meinn hahe ehrken
451 3772 1664 3974 herrnn zegmlicherm Starler herzu verordneten
462 3855 1686 4073 her Pammatort und jhr Gl die neresuesi
446 3995 1676 4161 Großweybet Wurstemberger und den grichtschrei
448 4075 1639 4254 brrn Johann Rudolff Tschiffeli zward güetlich
1340 4213 1484 4324 ohne
1890 971 3069 1232 ihne anwerdung einicher marter examiniert
2418 1082 3071 1264 hat derselbige volgende be¬
1942 1180 2109 1283 worden.
1933 1164 3102 1352 leütnuß und vergicht en tag gegeben und abgestat,
1945 1338 2028 1424 4.
1943 1358 3099 1567 sagte dieser offetor Gerber, er seye mit einem
1926 1471 3096 1628 Weib und sieben kinderen s darvon 3 ar
1933 1536 3110 1722 beit selige in seinem heymat bey dem weib
1945 1614 3117 1835 übrige 4 aber hin und herr in diensten sich anfr,
2595 1709 3139 1874 Er habe hin mit wilder
1938 1775 2413 1934 halten) verseben
1933 1811 3128 1979 und ztwar loztmahlen in der riederen gelächen.
1915 1898 3149 2068 inet, allter er unglücklich getrsem und wegen
1932 1996 3132 2141 wenig bekommenen jahrsraub und der vrlen
1918 2092 3115 2258 gelabten Arbeit völlig umb das seinige ge¬
1913 2195 3155 2362 kömmen und dahero s h eigpfrrdt undt
1932 2278 3150 2440 2. Rucht zurick laßen müeßen, Seithers
1943 2379 3159 2531 habe er auß großer armicht vord einem jahr
1925 2484 3155 2623 zu zruß im mlürten gebirt gelirtet und
1938 2581 3184 2718 sonsten nach seinem vermögen gearbeitet und
1935 2665 3164 2809 getaubnet, demnode aber mit seiner hand-
1927 2754 3145 2915 arbeit sich samt weib und kinder nicht nach
1924 2857 3153 3010 rlohtdurff erhalten können. Inmaßen
1929 2956 3202 3100 die große rtoht und armuht ihne drrürsahrt
1921 3048 3161 3208 habe nach vernamstete diebstahl zu der neben
1943 3150 2061 3258 als
1941 3291 3159 3460 Erstlich ward er bekanntlich in dem pieten,
1957 3367 3220 3564 hunde hauß bey Wegermannt hauß genant
1935 3508 3218 3656 habe Er wegen Ihne angefallener Chrolic welcheren
1940 3614 3213 3749 er jeweilen starck und erworffeneine suppen
1941 3692 3202 3859 machen laßen und allda zwey eger ab dem
1936 3802 3225 3949 auhi schafft genommen und in seine suppen
1954 3887 3204 4039 da sie bereits in der schüßelin ware, hinein
1934 3974 2781 4101 geschlagen und selbige gegeßen.
3018 4007 3171 4097 Diß
1941 4052 2869 4204 sege sein ersterd diebestahl geteen
1836 4148 3203 4337 2. Nachwerts habe er ein bazen wahrtes brot
2933 4303 3060 4405 dem
