<?xml version="1.0" encoding="UTF-8" standalone="yes"?>
<PcGts xmlns="http://schema.primaresearch.org/PAGE/gts/pagecontent/2013-07-15" xmlns:xsi="http://www.w3.org/2001/XMLSchema-instance" xsi:schemaLocation="http://schema.primaresearch.org/PAGE/gts/pagecontent/2013-07-15 http://schema.primaresearch.org/PAGE/gts/pagecontent/2013-07-15/pagecontent.xsd">
    <Metadata>
        <Creator>prov=University of Rostock/Institute of Mathematics/CITlab|PLANET AI GmbH/Gundram Leifert/gundram.leifert@planet-ai.de:name=German_Kurrent_XVI-XVIII_M1(htr_id=19584)::::v=2.6.7
prov=University of Rostock/Institute of Mathematics/CITlab|PLANET AI GmbH/Tobias Gruening/tobias.gruening@planet-ai.de:name=de.uros.citlab.module.baseline2polygon.B2PSeamMultiOriented:v=2.6.7
prov=University of Rostock/Institute of Mathematics/CITlab|PLANET AI GmbH/Tobias Gruening/tobias.gruening@planet-ai.de:name=/net_tf/LA73_249_0mod360.pb:de.uros.citlab.segmentation.CITlab_LA_ML:v=2.6.7
Transkribus</Creator>
        <Created>2021-04-27T18:46:29.751+02:00</Created>
        <LastChange>2023-06-19T10:49:59.721+02:00</LastChange>
        <TranskribusMetadata docId="1334845" pageId="52362338" pageNr="55" tsid="127238419" status="IN_PROGRESS" userId="68497" imgUrl="https://files.transkribus.eu/Get?id=MVHYNIEJTZPPWLBGRWMFJMEO&amp;fileType=view" xmlUrl="https://files.transkribus.eu/Get?id=ECZOYUJSYKTMVNBLYVOTMHWE" imageId="19734398"/>
    </Metadata>
    <Page imageFilename="IMG_5269.JPG" imageWidth="3024" imageHeight="4032">
        <ReadingOrder>
            <OrderedGroup id="ro_1687513659000" caption="Regions reading order">
                <RegionRefIndexed index="0" regionRef="TextRegion_1687164585093_1688"/>
                <RegionRefIndexed index="1" regionRef="r3"/>
            </OrderedGroup>
        </ReadingOrder>
        <TextRegion orientation="0.0" type="paragraph" id="TextRegion_1687164585093_1688" custom="readingOrder {index:0;} structure {type:paragraph;}">
            <Coords points="185,456 311,451 1390,465 1383,3584 42,3584 49,465"/>
            <TextLine id="r2l1" custom="readingOrder {index:0;} person {offset:2; length:13;}">
                <Coords points="247,647 947,655 1094,714 1231,640 1391,640 1392,590 1293,548 1070,535 927,584 797,538 666,584 446,520 249,547"/>
                <Baseline points="255,623 311,627 367,630 424,633 480,636 537,638 593,639 649,641 706,642 762,642 819,642 875,642 931,642 988,644 1044,644 1101,644 1157,644 1213,645 1270,646 1326,647 1383,648"/>
                <TextEquiv>
                    <Unicode>7 Hr Sollethuen under dentsor habend</Unicode>
                </TextEquiv>
            </TextLine>
            <TextLine id="r2l2" custom="readingOrder {index:1;}">
                <Coords points="257,739 1361,767 1362,718 1226,645 1149,705 1036,717 858,657 574,707 350,631 259,656"/>
                <Baseline points="264,717 318,720 372,720 427,722 481,723 536,725 590,726 645,726 699,728 754,729 808,729 862,731 917,732 971,734 1026,735 1080,737 1135,740 1189,742 1244,744 1298,747 1353,750"/>
                <TextEquiv>
                    <Unicode>Sie ganz umerbartet einander bider</Unicode>
                </TextEquiv>
            </TextLine>
            <TextLine id="r2l3" custom="readingOrder {index:2;} person {offset:28; length:6;}">
                <Coords points="254,817 431,875 666,812 804,861 973,818 1093,826 1135,868 1221,830 1355,848 1236,739 1072,775 879,737 836,770 702,737 590,768 541,729 487,761 361,727 255,757"/>
                <Baseline points="261,806 315,807 369,809 423,810 478,810 532,812 586,812 641,813 695,813 749,813 804,815 858,815 912,816 966,816 1021,818 1075,819 1129,821 1184,824 1238,827 1292,830 1347,834"/>
                <TextEquiv>
                    <Unicode>angetroßen, und sich zu des Hofers</Unicode>
                </TextEquiv>
            </TextLine>
            <TextLine id="r2l4" custom="readingOrder {index:3;}">
                <Coords points="230,895 471,963 575,918 654,963 721,916 885,928 930,888 1090,942 1180,903 1350,951 1371,900 1262,842 1214,883 1109,844 804,861 743,818 473,878 376,833 231,842"/>
                <Baseline points="237,887 293,892 349,894 405,897 462,899 518,900 574,900 630,900 687,900 743,899 799,899 855,899 912,900 968,900 1024,902 1080,905 1137,908 1193,913 1249,918 1305,926 1362,935"/>
                <TextEquiv>
                    <Unicode>elteren in die schwängle begeben und dar</Unicode>
                </TextEquiv>
            </TextLine>
            <TextLine id="r2l5" custom="readingOrder {index:4;}">
                <Coords points="221,984 417,991 502,1039 556,993 765,1029 902,976 1041,1011 1107,982 1331,1022 1344,982 930,887 753,948 709,918 659,964 222,923"/>
                <Baseline points="228,977 283,980 338,983 394,984 449,986 504,986 560,986 615,986 670,986 726,986 781,986 836,986 892,986 947,987 1002,987 1058,989 1113,992 1168,993 1224,998 1279,1003 1335,1008"/>
                <TextEquiv>
                    <Unicode>bey 2 tagen aufgehalte. Von dannen</Unicode>
                </TextEquiv>
            </TextLine>
            <TextLine id="r2l6" custom="readingOrder {index:5;} person {offset:33; length:7;}">
                <Coords points="230,1120 363,1070 535,1083 589,1126 846,1077 1327,1120 1330,1019 935,1013 864,1053 728,1001 577,1005 484,1049 308,985 233,1022"/>
                <Baseline points="240,1056 294,1060 348,1062 402,1065 456,1066 510,1067 564,1068 618,1068 672,1069 726,1070 780,1070 834,1071 888,1071 942,1073 996,1074 1050,1076 1104,1079 1158,1082 1212,1088 1266,1093 1320,1098"/>
                <TextEquiv>
                    <Unicode>begaben sie sich auf antrieb des Hoseren</Unicode>
                </TextEquiv>
            </TextLine>
            <TextLine id="r2l7" custom="readingOrder {index:6;}">
                <Coords points="199,1184 369,1140 432,1185 514,1152 597,1208 876,1155 1322,1189 1323,1121 1265,1100 1141,1135 1004,1078 918,1117 850,1078 593,1130 485,1082 364,1119 291,1067 201,1091"/>
                <Baseline points="207,1143 262,1145 317,1146 373,1148 428,1149 483,1149 539,1149 594,1149 649,1151 705,1151 760,1151 815,1151 871,1152 926,1153 981,1155 1037,1157 1092,1160 1147,1162 1203,1167 1258,1170 1314,1176"/>
                <TextEquiv>
                    <Unicode>(der Erst damahls Ihme verdentet, E</Unicode>
                </TextEquiv>
            </TextLine>
            <TextLine id="r2l8" custom="readingOrder {index:7;} place {offset:16; length:4;}">
                <Coords points="217,1239 866,1245 965,1312 1038,1244 1306,1268 1308,1202 1256,1172 1184,1220 1045,1176 894,1207 693,1171 597,1208 524,1169 480,1198 380,1147 219,1185"/>
                <Baseline points="225,1226 278,1226 332,1227 386,1228 439,1229 493,1230 547,1230 600,1232 654,1232 708,1233 762,1233 815,1235 869,1236 923,1238 976,1241 1030,1242 1084,1245 1137,1248 1191,1252 1245,1256 1299,1260"/>
                <TextEquiv>
                    <Unicode>dorff nicht auf Bern gehen über die</Unicode>
                </TextEquiv>
            </TextLine>
            <TextLine id="r2l9" custom="readingOrder {index:8;} place {offset:8; length:4;}">
                <Coords points="207,1319 1077,1343 1158,1396 1222,1349 1309,1355 1313,1268 1236,1303 1186,1258 1040,1245 949,1304 857,1255 664,1299 518,1249 424,1294 294,1246 209,1266"/>
                <Baseline points="216,1301 270,1304 324,1307 378,1308 433,1311 487,1313 541,1314 596,1316 650,1317 704,1319 759,1320 813,1322 867,1325 921,1326 976,1328 1030,1331 1084,1334 1139,1337 1193,1341 1247,1344 1302,1349"/>
                <TextEquiv>
                    <Unicode>Aar auf Belp, allleo der Hofer sagten</Unicode>
                </TextEquiv>
            </TextLine>
            <TextLine id="r2l10" custom="readingOrder {index:9;} place {offset:16; length:10;}">
                <Coords points="219,1399 1306,1443 1308,1386 1266,1362 1199,1400 1088,1345 978,1343 909,1390 801,1340 672,1363 622,1324 477,1369 297,1315 222,1339"/>
                <Baseline points="227,1383 280,1385 334,1388 387,1389 441,1391 495,1394 548,1395 602,1398 655,1400 709,1402 763,1404 816,1407 870,1409 923,1412 977,1415 1031,1418 1084,1421 1138,1423 1191,1426 1245,1429 1299,1433"/>
                <TextEquiv>
                    <Unicode>Er wuße auf dem Langenberg L gute</Unicode>
                </TextEquiv>
            </TextLine>
            <TextLine id="r2l11" custom="readingOrder {index:10;}">
                <Coords points="181,1525 340,1477 542,1484 642,1555 827,1496 1279,1530 1306,1460 1157,1422 1001,1461 772,1421 713,1446 669,1409 264,1423 188,1370"/>
                <Baseline points="192,1460 247,1465 302,1469 357,1473 412,1476 468,1479 523,1481 578,1484 633,1485 688,1486 744,1488 799,1490 854,1491 909,1493 964,1494 1020,1497 1075,1500 1130,1502 1185,1507 1240,1511 1296,1517"/>
                <TextEquiv>
                    <Unicode>Pferdt zubekommen, selbige bollind Sie</Unicode>
                </TextEquiv>
            </TextLine>
            <TextLine id="r2l12" custom="readingOrder {index:11;} place {offset:25; length:4;}">
                <Coords points="195,1578 304,1565 385,1621 520,1566 641,1599 815,1574 1186,1637 1279,1612 1282,1527 1195,1553 1102,1504 907,1558 844,1510 643,1554 541,1484 197,1525"/>
                <Baseline points="204,1554 257,1556 310,1557 364,1559 417,1562 471,1563 524,1565 577,1566 631,1568 684,1569 738,1572 791,1573 844,1575 898,1577 951,1580 1005,1582 1058,1584 1111,1587 1165,1591 1218,1594 1272,1598"/>
                <TextEquiv>
                    <Unicode>neumen und darmit nacher Gruß</Unicode>
                </TextEquiv>
            </TextLine>
            <TextLine id="r2l13" custom="readingOrder {index:12;} person {offset:11; length:8;}">
                <Coords points="180,1656 234,1649 289,1705 373,1666 466,1724 588,1730 684,1672 776,1708 899,1673 1004,1721 1076,1678 1164,1753 1309,1721 1311,1669 1258,1634 1140,1648 1075,1607 955,1647 808,1583 715,1609 492,1573 399,1634 312,1572 183,1598"/>
                <Baseline points="189,1643 244,1646 300,1649 355,1652 411,1653 467,1655 522,1656 578,1658 634,1659 689,1661 745,1661 801,1664 856,1664 912,1667 968,1668 1023,1672 1079,1676 1135,1679 1190,1685 1246,1690 1302,1695"/>
                <TextEquiv>
                    <Unicode>reiten, er rychiner zwar nach einichen</Unicode>
                </TextEquiv>
            </TextLine>
            <TextLine id="r2l14" custom="readingOrder {index:13;}">
                <Coords points="178,1744 357,1748 432,1813 600,1751 1113,1775 1182,1814 1301,1787 1303,1735 1188,1692 1025,1735 938,1681 758,1724 674,1678 591,1728 465,1724 389,1671 324,1709 260,1675 179,1702"/>
                <Baseline points="186,1731 241,1734 296,1737 352,1739 407,1740 462,1742 518,1743 573,1745 628,1746 684,1748 739,1749 794,1751 850,1752 905,1754 960,1756 1016,1760 1071,1762 1126,1766 1182,1770 1237,1775 1293,1781"/>
                <TextEquiv>
                    <Unicode>abmahnungen ließe sich abermahl darzu</Unicode>
                </TextEquiv>
            </TextLine>
            <TextLine id="r2l15" custom="readingOrder {index:14;}">
                <Coords points="176,1831 894,1849 976,1910 1161,1847 1292,1905 1327,1819 1225,1793 1150,1823 1066,1779 927,1813 703,1754 602,1817 348,1800 288,1744 177,1790"/>
                <Baseline points="183,1821 239,1823 296,1827 353,1829 409,1830 466,1832 523,1832 579,1833 636,1835 693,1835 750,1836 806,1838 863,1839 920,1841 976,1844 1033,1848 1090,1851 1146,1856 1203,1863 1260,1869 1317,1877"/>
                <TextEquiv>
                    <Unicode>breden, ginge nachts mit ihme hinauf,</Unicode>
                </TextEquiv>
            </TextLine>
            <TextLine id="r2l16" custom="readingOrder {index:15;} person {offset:11; length:5;}">
                <Coords points="165,1919 770,1922 983,1984 1073,1940 1316,1972 1318,1926 1164,1846 981,1908 805,1892 743,1843 255,1831 167,1869"/>
                <Baseline points="174,1893 230,1897 287,1900 344,1902 401,1905 458,1908 514,1910 571,1912 628,1914 685,1916 742,1917 798,1919 855,1922 912,1925 969,1927 1026,1931 1082,1936 1139,1940 1196,1946 1253,1952 1310,1959"/>
                <TextEquiv>
                    <Unicode>allleo der Hofer ihne an ein ohrt auf der</Unicode>
                </TextEquiv>
            </TextLine>
            <TextLine id="r2l17" custom="readingOrder {index:16;}">
                <Coords points="154,1992 386,2046 488,1997 866,2057 963,2015 1291,2038 1293,1986 1149,1998 1066,1949 867,1985 674,1916 388,1960 242,1911 156,1943"/>
                <Baseline points="162,1980 218,1982 274,1983 330,1986 386,1988 442,1990 498,1992 554,1994 610,1996 666,1998 723,2000 779,2003 835,2005 891,2007 947,2010 1003,2013 1059,2015 1115,2018 1171,2022 1227,2026 1284,2030"/>
                <TextEquiv>
                    <Unicode>weite gestelt und gloren pferdt eines</Unicode>
                </TextEquiv>
            </TextLine>
            <TextLine id="r2l18" custom="readingOrder {index:17;}">
                <Coords points="157,2083 546,2082 675,2148 880,2084 969,2135 1327,2122 1254,2060 1078,2076 986,2017 869,2059 761,2014 598,2047 477,1999 391,2046 320,2005 159,2035"/>
                <Baseline points="165,2066 222,2067 280,2069 338,2072 396,2074 453,2076 511,2078 569,2079 627,2082 684,2084 742,2087 800,2089 858,2091 915,2094 973,2096 1031,2099 1089,2102 1146,2105 1204,2108 1262,2111 1320,2114"/>
                <TextEquiv>
                    <Unicode>nach dem anderen abr der weyd genommen</Unicode>
                </TextEquiv>
            </TextLine>
            <TextLine id="r2l19" custom="readingOrder {index:18;}">
                <Coords points="157,2154 525,2166 625,2232 776,2164 879,2209 976,2185 1026,2233 1083,2188 1313,2202 1315,2145 1205,2110 1032,2138 878,2085 819,2134 758,2110 675,2149 548,2086 439,2129 160,2083"/>
                <Baseline points="165,2145 222,2150 279,2153 336,2155 393,2157 450,2160 507,2162 564,2164 621,2166 678,2168 735,2169 792,2171 849,2172 906,2175 963,2178 1020,2180 1077,2183 1134,2186 1191,2190 1248,2195 1305,2199"/>
                <TextEquiv>
                    <Unicode>und ihme zugebracht, darmit habind dr</Unicode>
                </TextEquiv>
            </TextLine>
            <TextLine id="r2l20" custom="readingOrder {index:19;} place {offset:9; length:11;}">
                <Coords points="131,2304 196,2263 299,2287 433,2251 758,2290 861,2263 936,2325 1068,2266 1300,2281 1302,2207 1220,2230 1082,2186 1026,2233 969,2190 910,2228 853,2187 779,2223 706,2186 625,2233 515,2162 390,2207 281,2169 134,2197"/>
                <Baseline points="141,2231 198,2236 256,2240 313,2243 371,2246 429,2249 486,2252 544,2253 601,2255 659,2256 717,2258 774,2258 832,2259 889,2261 947,2261 1005,2262 1062,2262 1120,2264 1177,2265 1235,2267 1293,2268"/>
                <TextEquiv>
                    <Unicode>sich auf Ntuloenburg Verfugt, allda Sie</Unicode>
                </TextEquiv>
            </TextLine>
            <TextLine id="r2l21" custom="readingOrder {index:20;}">
                <Coords points="138,2370 311,2333 371,2370 782,2350 854,2403 952,2358 1083,2417 1203,2352 1309,2364 1311,2311 1114,2284 938,2325 613,2257 529,2306 470,2267 354,2302 198,2262 140,2296"/>
                <Baseline points="147,2327 204,2330 262,2331 320,2333 378,2334 435,2336 493,2339 551,2340 609,2342 666,2343 724,2345 782,2347 840,2348 897,2349 955,2351 1013,2352 1071,2352 1128,2352 1186,2352 1244,2352 1302,2351"/>
                <TextEquiv>
                    <Unicode>das einte dem Efaadt Man Liecht han nach</Unicode>
                </TextEquiv>
            </TextLine>
            <TextLine id="r2l22" custom="readingOrder {index:21;}">
                <Coords points="136,2444 493,2419 717,2486 835,2442 1267,2457 1294,2370 1164,2419 1000,2406 950,2356 864,2404 792,2350 676,2396 488,2357 412,2391 299,2337 138,2370"/>
                <Baseline points="144,2415 201,2416 258,2417 315,2418 372,2421 429,2422 486,2424 543,2426 600,2428 657,2430 714,2432 771,2433 828,2435 885,2436 942,2438 999,2439 1056,2441 1113,2441 1170,2442 1227,2442 1284,2442"/>
                <TextEquiv>
                    <Unicode>langem bedichtigen und Marte um 8 t</Unicode>
                </TextEquiv>
            </TextLine>
            <TextLine id="r2l23" custom="readingOrder {index:22;}">
                <Coords points="88,2534 1086,2546 1283,2510 1137,2450 937,2501 819,2456 662,2485 492,2420 89,2438"/>
                <Baseline points="96,2510 158,2510 220,2511 282,2511 344,2513 406,2514 468,2514 530,2516 592,2517 654,2517 716,2519 778,2519 840,2520 902,2520 964,2520 1026,2520 1088,2520 1150,2519 1212,2518 1275,2516"/>
                <TextEquiv>
                    <Unicode>verkaufft und das gelt empfangen</Unicode>
                </TextEquiv>
            </TextLine>
            <TextLine id="r2l24" custom="readingOrder {index:23;} person {offset:7; length:9;}">
                <Coords points="110,2606 285,2610 374,2671 503,2670 585,2606 683,2644 1011,2613 1081,2664 1296,2622 1297,2543 1051,2532 1002,2569 899,2523 845,2565 801,2533 619,2563 430,2528 314,2576 182,2523 110,2574"/>
                <Baseline points="117,2598 175,2598 234,2600 292,2600 351,2601 410,2603 468,2604 527,2606 585,2607 644,2609 703,2610 761,2612 820,2612 878,2613 937,2615 996,2615 1054,2615 1113,2615 1171,2613 1230,2612 1289,2610"/>
                <TextEquiv>
                    <Unicode>Als er Liechthay auch das andere Pferdt</Unicode>
                </TextEquiv>
            </TextLine>
            <TextLine id="r2l25" custom="readingOrder {index:24;}">
                <Coords points="111,2750 194,2693 318,2742 411,2695 832,2709 948,2767 1034,2715 1241,2705 1170,2634 1101,2665 981,2638 900,2680 811,2620 707,2671 603,2611 469,2671 230,2610 113,2652"/>
                <Baseline points="120,2684 175,2685 231,2687 286,2688 342,2690 398,2691 453,2691 509,2693 565,2695 620,2697 676,2697 732,2699 787,2700 843,2701 899,2702 954,2703 1010,2703 1066,2703 1121,2703 1177,2703 1233,2702"/>
                <TextEquiv>
                    <Unicode>erhandten und albereit marten bolte</Unicode>
                </TextEquiv>
            </TextLine>
            <TextLine id="r2l26" custom="readingOrder {index:25;} person {offset:20; length:13;}">
                <Coords points="93,2847 233,2785 567,2847 746,2786 1201,2800 1282,2857 1284,2753 1117,2719 1006,2770 519,2706 357,2745 246,2694 95,2746"/>
                <Baseline points="102,2775 160,2778 219,2780 277,2782 336,2784 395,2786 453,2787 512,2789 571,2789 629,2790 688,2792 747,2792 805,2792 864,2793 923,2793 981,2793 1040,2793 1099,2793 1157,2793 1216,2792 1275,2792"/>
                <TextEquiv>
                    <Unicode>besande sich herren schufelberger mit anderen</Unicode>
                </TextEquiv>
            </TextLine>
            <TextLine id="r2l27" custom="readingOrder {index:26;}">
                <Coords points="90,2917 558,2896 675,2941 893,2895 1024,2906 1070,2953 1165,2893 1261,2897 1262,2818 1037,2793 872,2841 820,2800 459,2867 397,2824 263,2859 195,2808 91,2856"/>
                <Baseline points="98,2880 155,2882 213,2882 271,2883 329,2883 387,2885 444,2885 502,2885 560,2886 618,2886 676,2886 733,2888 791,2888 849,2888 907,2889 965,2889 1022,2891 1080,2891 1138,2891 1196,2892 1254,2894"/>
                <TextEquiv>
                    <Unicode>Herren alda, belcht den Hofer kenken und</Unicode>
                </TextEquiv>
            </TextLine>
            <TextLine id="r2l28" custom="readingOrder {index:27;}">
                <Coords points="74,3022 210,2979 353,3049 534,2985 647,3047 767,2988 1008,2989 1055,3031 1132,2981 1261,2997 1261,2908 1163,2893 1073,2952 1017,2904 816,2911 632,2958 555,2897 487,2935 353,2902 74,2962"/>
                <Baseline points="81,2981 139,2982 198,2982 256,2984 315,2984 374,2984 432,2984 491,2984 550,2984 608,2984 667,2984 726,2984 784,2984 843,2984 902,2982 960,2982 1019,2982 1078,2982 1136,2981 1195,2981 1254,2981"/>
                <TextEquiv>
                    <Unicode>gleichn sagten, es waren die pferdt gestollen.</Unicode>
                </TextEquiv>
            </TextLine>
            <TextLine id="r2l29" custom="readingOrder {index:28;}">
                <Coords points="86,3116 430,3092 526,3149 688,3109 862,3139 959,3088 1282,3072 1296,2996 1245,3025 1133,2981 1061,3029 1009,2989 781,3061 645,3063 543,3003 375,3060 324,3021 242,3073 85,3054"/>
                <Baseline points="93,3089 152,3089 212,3089 272,3089 332,3089 392,3089 451,3089 511,3089 571,3087 631,3087 691,3086 750,3084 810,3083 870,3083 930,3080 990,3079 1049,3077 1109,3075 1169,3073 1229,3071 1289,3068"/>
                <TextEquiv>
                    <Unicode>darauf der kirchthan sein gelt zurukforderte</Unicode>
                </TextEquiv>
            </TextLine>
            <TextLine id="r2l30" custom="readingOrder {index:29;} person {offset:9; length:8;} person {offset:32; length:5;}">
                <Coords points="82,3184 259,3233 301,3192 439,3184 611,3211 747,3182 792,3220 940,3177 1047,3217 1103,3167 1228,3158 1227,3107 1084,3083 985,3147 889,3122 741,3158 663,3119 528,3155 425,3109 274,3155 182,3103 81,3140"/>
                <Baseline points="89,3176 145,3179 202,3182 258,3183 315,3185 371,3185 428,3185 484,3185 541,3183 597,3182 654,3180 711,3177 767,3176 824,3173 880,3171 937,3168 993,3166 1050,3163 1106,3161 1163,3159 1220,3156"/>
                <TextEquiv>
                    <Unicode>dadan er Rychiner sich nach dem Hofer</Unicode>
                </TextEquiv>
            </TextLine>
            <TextLine id="r2l31" custom="readingOrder {index:30;}">
                <Coords points="53,3306 145,3286 213,3340 287,3287 367,3336 526,3273 737,3314 980,3260 1083,3312 1171,3246 1221,3282 1273,3254 1270,3165 1200,3212 1113,3165 1047,3218 435,3185 51,3239"/>
                <Baseline points="59,3276 119,3276 179,3276 239,3276 300,3275 360,3275 420,3273 481,3272 541,3270 601,3268 662,3266 722,3264 782,3261 842,3258 903,3256 963,3253 1023,3249 1084,3246 1144,3243 1204,3239 1265,3236"/>
                <TextEquiv>
                    <Unicode>(der de besten theil des gelts empfangen</Unicode>
                </TextEquiv>
            </TextLine>
            <TextLine id="r2l32" custom="readingOrder {index:31;}">
                <Coords points="75,3388 213,3429 355,3367 1046,3366 1229,3342 1255,3293 1174,3250 1106,3305 1039,3274 951,3327 879,3279 363,3339 281,3289 216,3340 73,3344"/>
                <Baseline points="81,3372 139,3369 197,3367 256,3365 314,3363 372,3362 431,3360 489,3359 547,3357 606,3357 664,3355 722,3354 781,3352 839,3351 897,3348 956,3347 1014,3343 1072,3340 1131,3336 1189,3332 1248,3327"/>
                <TextEquiv>
                    <Unicode>nusahe, wäre selbiger albereit darvon</Unicode>
                </TextEquiv>
            </TextLine>
            <TextLine id="r2l33" custom="readingOrder {index:32;}">
                <Coords points="35,3467 237,3512 395,3448 605,3485 713,3441 1055,3492 1142,3415 1249,3400 1247,3353 753,3414 605,3371 475,3425 261,3385 213,3430 33,3440"/>
                <Baseline points="42,3470 105,3465 168,3461 231,3457 294,3454 357,3452 420,3450 483,3449 546,3446 609,3446 673,3444 736,3442 799,3440 862,3438 925,3435 988,3432 1051,3427 1114,3422 1177,3416 1241,3408"/>
                <TextEquiv>
                    <Unicode>und ihme aus den angen entflohten, er</Unicode>
                </TextEquiv>
            </TextLine>
            <TextLine id="r2l34" custom="readingOrder {index:33;}">
                <Coords points="46,3621 193,3625 353,3540 505,3601 578,3550 665,3602 784,3568 903,3595 1039,3520 1243,3498 1240,3425 1142,3416 1048,3495 720,3452 494,3495 397,3455 272,3521 163,3484 43,3532"/>
                <Baseline points="51,3564 110,3558 169,3552 228,3549 288,3546 347,3544 406,3542 465,3540 525,3540 584,3539 643,3537 702,3536 762,3535 821,3533 880,3531 939,3528 999,3523 1058,3517 1117,3512 1176,3503 1236,3494"/>
                <TextEquiv>
                    <Unicode>songegen wurde in verhafft gezogen und</Unicode>
                </TextEquiv>
            </TextLine>
            <TextLine id="r1l1" custom="readingOrder {index:34;}">
                <Coords points="156,585 174,581 197,553 202,554 233,531 244,533 265,516 274,515 269,454 258,458 236,447 221,451 213,461 194,458 179,461 164,473 147,473"/>
                <Baseline points="159,522 186,517 213,515 240,513 267,513"/>
                <TextEquiv>
                    <Unicode>130</Unicode>
                </TextEquiv>
            </TextLine>
            <TextEquiv>
                <Unicode>7 Hr Sollethuen under dentsor habend&#13;
Sie ganz umerbartet einander bider&#13;
angetroßen, und sich zu des Hofers&#13;
elteren in die schwängle begeben und dar&#13;
bey 2 tagen aufgehalte. Von dannen&#13;
begaben sie sich auf antrieb des Hoseren&#13;
(der Erst damahls Ihme verdentet, E&#13;
dorff nicht auf Bern gehen über die&#13;
Aar auf Belp, allleo der Hofer sagten&#13;
Er wuße auf dem Langenberg L gute&#13;
Pferdt zubekommen, selbige bollind Sie&#13;
neumen und darmit nacher Gruß&#13;
reiten, er rychiner zwar nach einichen&#13;
abmahnungen ließe sich abermahl darzu&#13;
breden, ginge nachts mit ihme hinauf,&#13;
allleo der Hofer ihne an ein ohrt auf der&#13;
weite gestelt und gloren pferdt eines&#13;
nach dem anderen abr der weyd genommen&#13;
und ihme zugebracht, darmit habind dr&#13;
sich auf Ntuloenburg Verfugt, allda Sie&#13;
das einte dem Efaadt Man Liecht han nach&#13;
langem bedichtigen und Marte um 8 t&#13;
verkaufft und das gelt empfangen&#13;
Als er Liechthay auch das andere Pferdt&#13;
erhandten und albereit marten bolte&#13;
besande sich herren schufelberger mit anderen&#13;
Herren alda, belcht den Hofer kenken und&#13;
gleichn sagten, es waren die pferdt gestollen.&#13;
darauf der kirchthan sein gelt zurukforderte&#13;
dadan er Rychiner sich nach dem Hofer&#13;
(der de besten theil des gelts empfangen&#13;
nusahe, wäre selbiger albereit darvon&#13;
und ihme aus den angen entflohten, er&#13;
songegen wurde in verhafft gezogen und&#13;
130</Unicode>
            </TextEquiv>
        </TextRegion>
        <TextRegion orientation="0.0" type="paragraph" id="r3" custom="readingOrder {index:1;} structure {type:paragraph;}">
            <Coords points="1569,604 1569,1125 2678,1125 2678,604"/>
            <TextLine id="r3l1" custom="readingOrder {index:0;}">
                <Coords points="2444,658 2468,657 2481,648 2494,657 2503,650 2513,657 2527,658 2558,648 2576,651 2578,623 2563,622 2550,605 2539,600 2532,604 2516,592 2485,586 2476,576 2466,575 2450,582"/>
                <Baseline points="2453,639 2481,641 2510,644 2539,645 2568,650"/>
                <TextEquiv>
                    <Unicode>137.</Unicode>
                </TextEquiv>
            </TextLine>
            <TextLine id="r3l2" custom="readingOrder {index:1;}">
                <Coords points="1576,677 1839,670 2061,743 2210,710 2258,756 2351,705 2629,729 2594,668 2503,650 2192,670 2116,619 2057,644 2006,614 1851,652 1684,571 1582,581"/>
                <Baseline points="1584,656 1635,658 1687,662 1739,664 1791,668 1843,671 1895,674 1947,677 1999,681 2051,684 2103,688 2154,690 2206,695 2258,698 2310,702 2362,705 2414,709 2466,714 2518,717 2570,721 2622,725"/>
                <TextEquiv>
                    <Unicode>könte dem Liechthan mehr nicht als</Unicode>
                </TextEquiv>
            </TextLine>
            <TextLine id="r3l3" custom="readingOrder {index:2;}">
                <Coords points="1562,804 1723,758 1770,813 1872,797 1983,834 2093,786 2224,850 2283,814 2352,843 2633,823 2635,795 2351,705 2249,760 2101,717 2002,740 1835,670 1686,718 1569,701"/>
                <Baseline points="1575,738 1627,741 1680,744 1732,747 1785,749 1837,753 1890,755 1942,758 1995,761 2047,765 2100,768 2152,773 2205,776 2257,780 2310,785 2362,790 2415,795 2467,801 2520,807 2572,813 2625,821"/>
                <TextEquiv>
                    <Unicode>nach bey 2 tha wider zustellen</Unicode>
                </TextEquiv>
            </TextLine>
            <TextLine id="r3l4" custom="readingOrder {index:3;}">
                <Coords points="1561,895 1843,928 2108,887 2456,925 2509,964 2656,930 2659,872 2501,844 2318,880 2075,813 1966,865 1879,809 1565,815"/>
                <Baseline points="1569,881 1625,878 1682,878 1739,876 1796,877 1852,878 1909,879 1966,881 2023,884 2080,887 2136,890 2193,893 2250,898 2307,901 2364,907 2420,911 2477,917 2534,922 2591,927 2648,933"/>
                <TextEquiv>
                    <Unicode>Diß ist hiemit das jenigt, was dieser</Unicode>
                </TextEquiv>
            </TextLine>
            <TextLine id="r3l5" custom="readingOrder {index:4;} person {offset:0; length:8;}">
                <Coords points="1574,980 1658,1010 1729,969 1999,974 2060,1038 2133,984 2246,986 2327,1056 2403,995 2675,1051 2689,953 2519,973 2261,907 2207,954 2117,885 2021,951 1963,910 1809,940 1683,892 1577,926"/>
                <Baseline points="1583,966 1637,965 1692,965 1747,965 1802,965 1856,965 1911,966 1966,969 2021,971 2075,974 2130,977 2185,981 2240,985 2294,989 2349,994 2404,997 2459,1003 2513,1008 2568,1014 2623,1019 2678,1023"/>
                <TextEquiv>
                    <Unicode>Rychiner in denen verführten suamimou</Unicode>
                </TextEquiv>
            </TextLine>
            <TextLine id="r3l6" custom="readingOrder {index:5;}">
                <Coords points="1577,1080 1971,1080 2018,1124 2077,1100 2181,1145 2320,1099 2437,1167 2656,1164 2664,1042 2493,1047 2399,998 2335,1050 2251,993 2058,1037 2001,976 1932,1014 1868,976 1583,990"/>
                <Baseline points="1587,1049 1640,1047 1693,1046 1746,1046 1800,1047 1853,1049 1906,1051 1959,1053 2013,1058 2066,1061 2119,1065 2172,1069 2226,1074 2279,1079 2332,1083 2385,1088 2439,1092 2492,1095 2545,1100 2598,1103 2652,1106"/>
                <TextEquiv>
                    <Unicode>bekent und verjahrt hat Acte obstahten</Unicode>
                </TextEquiv>
            </TextLine>
            <TextEquiv>
                <Unicode>137.
könte dem Liechthan mehr nicht als
nach bey 2 tha wider zustellen
Diß ist hiemit das jenigt, was dieser
Rychiner in denen verführten suamimou
bekent und verjahrt hat Acte obstahten</Unicode>
            </TextEquiv>
        </TextRegion>
    </Page>
</PcGts>
