3456 5184
382 929 1647 1116 betoegung, deß vorgen selbiges in im warmard
381 1021 1644 1209 gemach in verwahrung tuhzin laßen, alleo er
383 1116 1609 1331 nach dißmahl unbeloeglich liegen geblieben,
324 1223 1600 1426 hab ich dem Ulli diesers sprectamit wol zu
368 1317 1636 1497 behezigen zu sting gelagt, damit er durch un
360 1428 1655 1593 rechtnoßige anklag sich nit an diesem minsch
356 1572 712 1712 versundige .
333 1658 1633 1852 de ang er ach unrschreiken, glichtem lachnd
369 1759 1649 1941 nit bethantung bey seiner seelen herauß gestagt
347 1838 1643 2049 diesach seiye nicht anderst, als wie erd geredt habe,
331 1935 1612 2152 das mensch seye schuldig wir er, darauff wolle
342 2069 1661 2235 er leben und sterben, es möge ihme gehen wie
349 2163 1664 2339 gott wolle, er habe deßthalb ein gut gewißen
324 2278 1101 2462 Er tühr ihme nicht unrecht.
305 2415 1663 2588 Wie nun ein so wiederwärtiger handel angesehen
325 2516 1564 2696 werden konne, will ich 1 gahr hochwrisen.
329 2612 1574 2765 decidion und erwartend em fehrneren befelch.
310 2719 1660 2896 I unnaaß gebliche Retrarge durch diesem er
326 2828 1675 3012 pressum anheym stellen dieselbe Mithin v
331 2926 1355 3117 Datu Braudiß den 27.ten jan 1777.
484 3071 881 3223 und erschrieben.
1120 3119 1583 3243 D: Jenner
587 3242 1050 3412 1 Eeamen
319 3391 1119 3570 So allhierd verführt worden.
508 3476 1561 3679 rlit Hans Ulli Waldsburger
532 3598 1485 3756 von etwann 20 jahren alters.
254 3729 1617 3938 Dister kel ist auß vleghen z befelch 30 4
337 3847 1657 4042 Mjus auß dem schloß braudiß allhero geführt
347 3962 1635 4130 und den d februarii m 23 nachvolgend erd
338 4042 1202 4209 gestalten examiniert worden.
344 4172 1446 4371 befragt. Ob er seine elteren annoch habe.
326 4323 1706 4504 N ja. sein vatterd und muter segen nach bey
357 4398 528 4518 laben.
352 4502 1370 4722 e. wo er in diensten gestanden sehe.
341 4621 1708 4816 e. Er habe bey Ullrich Haß zu Racht genannt Huber
370 4686 608 4815 gedienet.
3236 742 3327 830 15.
1949 889 3144 1116 e. Wie er sich daselbstang verhalten habe?
1995 990 3355 1214 und nie wol, dann er gedacht seinem mleyster
2006 1101 3290 1312 stung 1 duben ver untgenteet habe, darvon
1991 1209 3364 1422 deßen sohn ihme 6 juck in natura wide
2000 1334 3294 1513 erumb abgenommen, das währt dero übrigen
2009 1408 3387 1572 dreyen aber habe der alte hußß in anderer mund
2014 1543 2433 1686 vithers bekommen.
1989 1602 3351 1810 a. amb waß weise ihme dieserd verlebte dieb
1996 1762 2739 1925 stahl en tag kommen seiye.
2003 1847 3346 2051 B. shuß eme er auff wogh nachtl Letschin von
1994 1964 3383 2109 roht auß dem dienst ramen steye, habe er zu ellen
2004 2051 3415 2236 berg in seinem nachgehenderen dienst einmalen von
2028 2149 3438 2322 obigen duben herfür gezogen und gespiegelt, daher
2012 2259 3423 2433 solches dem hesß zu ihrem kommen, welcher getrach,
2005 2358 3416 2531 eret die sach in mlehrerem zu erfahren. Diese nach
1992 2467 3396 2637 forschung haben sein deß Walspürgers vatter und
2016 2559 3424 2721 uter, bruder auch vernommen und desselargen sich
2027 2689 3419 2836 alsob ald zu ihme nach ellebrag begeben und ihne
2033 2762 3442 2940 über den diebstahl zu Red gestaßen, mit verdunken
2040 2882 3395 3055 daß so erd selbigen vor mbt, erd die sach freybilt ig
2033 2995 3457 3160 reotaneren sollte zu vermeidung schand und traaß,
2021 3086 3457 3265 Es aber habe es nit gestehen wollen. Nachwolro
2037 3184 3418 3336 habe der muters bruder feitzig ihme disere zahl
2048 3295 3427 3451 zu Urmuht geführt, mit vorstellung, daß zu ver
2028 3386 3458 3566 hürrung der gefangnuß er krierd, dienst nemmen
2040 3492 3413 3643 solle, Worauf hin er an einem samstag auf
2032 3581 3439 3764 bren zugangen, gedeut sein votter habe ihne beglei
2309 3696 3417 3828 Als frd nug albereit wrüßen auff dem
2019 3693 2124 3795 2
2024 3774 3457 3952 brritfeldt nechst dem sulder hauß angelangt, lannd
2035 3882 3456 4038 deß gedachten heßßen sohn von raht nammens son
2025 3983 3438 4135 nuel zu pferds sprengend daher, schluge ihne
2036 4080 3413 4242 alsobald zu Baden, fasßte ihne bey dem halß und
2021 4159 3267 4329 Uli� hanselts ihne sehr übel, so er nach jtzo
2057 4262 3418 4388 empfinde, name ihme auff diese weise die
2044 4356 3462 4512 6. dut auß dem satt. Obgesagt sein vatter
2051 4442 3402 4609 kame auch henzu und wolle dem heß abwehren.
2036 4545 3444 4718 In deme kame der clauß bichsel daher, welchem
3087 4653 3367 4787 der Heß
