3024 4032
74 2242 114 2301 A
7 2263 213 2356 ie dieser stat
7 2331 172 2404 rechter in
10 2374 116 2426 walt
135 480 258 593 100.
322 513 1373 705 empfählung ihrer armen stelen in
328 662 1351 793 die hand ihres erlösers dem Schorpf-
312 723 1373 905 kichter übergeben, durch denselben
309 831 1340 985 gebunden, unden aus auf die geloohen
309 933 1329 1068 liche richt-statt geführt, daselbste
282 1014 1359 1173 zum schreken und sdempel anderen
290 1098 1363 1259 dergleichen mißebhateren nach dieser
275 1193 1274 1308 loblicher Statt Bern sabenden
278 1263 1350 1428 hoch oberkeitlichem gebelt, so viel
270 1351 1343 1545 Friderich Linder und Johannes Rech
283 1443 1231 1611 man bekrifft einer nach dem
268 1532 1267 1690 anderen auf die brächen gelegt,
265 1619 1332 1783 Ihnen alsobald der ellen oder herren
249 1721 1334 1879 Sto� gegeben, Nachleerts alle glider
232 1816 1298 1974 gerbrochen, jeder sonderlich auf ein
219 1885 1225 2056 rad geflochten, selbige mit dem
248 1997 1310 2153 Srperen nechst bym hoch-gricht
220 2091 1317 2248 aufgerichtet, und allda biß zur
244 2195 1308 2328 consumtion oder anderbärtiger ver
231 2293 1329 2444 ordnung gelaßen und also vom leben
229 2367 1305 2539 zum nrd hingerichtet werden sollind.
196 2489 1310 2652 Anlangend dan den Johannes Welz
187 2592 1306 2758 sonst schloh genant, soll selbiger auch
206 2695 1241 2861 auf die brachen gelegt, ihme aber
176 2793 1282 2955 zu erst alle glider zerbrochen
166 2894 1303 3049 folglich der gellen oder herze stoß
175 2982 1281 3146 gegeben, gleich einen beyden mithafftign
163 3081 1278 3217 der orper auf das rad geflochten,
159 3172 1264 3347 bund hoche bricht aufgerichtet und
149 3269 1256 3405 allda bin beyde kndere geloßen und
146 3345 1290 3532 also vom leben zum tos ingerichtet worden.
141 3429 1314 3598 Actum soram 200: d 27. und exequist
155 3550 959 3711 den 28. decembris 1783
