3024 4032
166 3210 270 3302 28.
341 523 1474 685 15 zu gleicher zeit einer witthrl daselbsten
379 627 1446 745 nachts aus der kuch 3 ehrens häften
341 1062 367 1185 N63
341 1575 364 1643 No 17 bis
341 1634 370 1733 N. 27. inags.
378 698 1456 852 v kupftrig gäh und und halientfromdel
365 784 1451 910 die hähen hernach in stuk zerschlagen und
370 859 1472 986 under faltschem vorgebe einem kupfer
365 931 1199 1073 schmid alhier verkaufft habe.
363 1028 1474 1198 allhier in der statt Born in einer bontioen
376 1121 1467 1254 habe er den felladen hinander gelaßen.
361 1197 1478 1347 und bereitts ein stuk auch hervorgezogen.
356 1283 1434 1426 und solches innemmen im aallen gehabt
353 1365 1484 1497 seye aber von Benachbarten ersëhen und darob
357 1453 821 1568 vertrieben worden.
385 1529 1484 1644 Seitetwan einem jahr daher habe fralhier
407 1619 1483 1754 in der stald d ern sheim kinderschiedliche zuch
358 1692 1476 1817 und handlungsLaden jedortweilen bey tag
342 1766 1476 1897 spbliet, und daraus in Eilß verschiedene
349 1846 1152 1972 mahlen in allem erleiescht.
341 1934 805 2089 6. Stuk auf zuch.
341 2007 1439 2190 1 Stuk gestrichbetes tuch Sappeline genant
341 2137 1471 2282 4 andere stuk gestrichbetts zeug oder krlen
888 2233 1133 2338 quine.
341 2280 772 2431 3. Stub Ryband.
341 2381 869 2526 1. Pak mit beiden
341 2452 1183 2608 2 Andere stüklin wüllin zeug.
341 2570 1097 2713 N Stüklin Blaube indienne.
341 2616 1372 2800 1. Stüblin Blaubes Rubelin zeug. Und
341 2769 1405 2921 Stükli halb Lein roht und asch graub.
341 2849 1489 3014 vonsamtlichen sievorbeschriebenen sffecken und
341 2939 1499 3115 waaren abe er das meistehin und der verhandlt
341 3034 1179 3187 das übrige seye noch verhandeen.
341 3107 1508 3327 Nach letstmahligem schneider habe er mit sein
341 3232 1492 3419 nein jungeren bruder Matthyß Müller dem
341 3281 1505 3493 lehrnman in dießbach nachts drey ehrene hafen
341 3373 1529 3564 enthorndt und darvon den eiten auch einem
341 3436 1512 3628 kupferschmid alsier verhandleten die anderen
341 3504 1523 3708 aber sollen noch verhanden seyn. Zu dieserem
341 3582 1435 3812 Diebstahl habe er seinen bruder verleitet.
1540 566 1621 660 29
1527 998 1621 1143 30
1548 1617 1639 1746 31.
1561 2324 1642 2416 32.
1563 2744 1648 2843 33
1569 3161 1654 3304 34
2574 520 2687 608 147.
1665 532 2654 698 zu Thun an einem jahr Märit habe er
1642 671 2700 776 einem wardtman ein stuk tuch erleitscht
1639 705 2719 842 und wurklich in das wihrtshauß zum trülzen
1633 780 2727 906 getragen gehabt, alloo es ihne von einem
1632 843 2757 979 schneider wider abgesagt, er aber mit erlag
1643 924 2715 1050 etlaas weniges leider looßgelaßen worden.
1649 991 2727 1140 Aldort an einem anderen marit habe er
1634 1077 2759 1212 einem derber drey gegerbte haut erschnahen
1636 1144 2762 1266 venkönnen, selbige verborgen und hernach
1649 1209 2771 1339 herrngetragen folglich einem schuhma
1635 1277 2786 1389 iher auf borg verkauff, eherbevor aber hr
1633 1356 2749 1480 ihme solche bezahlt, habe der derber die
1616 1425 2769 1554 selben entdelt und wider zu seinen hande
1625 1508 1907 1604 genommen.
1639 1568 2760 1737 Zu gemeltemahnn in dem wsihrtshauß
1646 1670 2764 1810 bim Weißen sranz habe er  Mörselin
1636 1757 2765 1894 von etlan 3 lb aus der stuben genommen.
1646 1838 2775 1950 und einem lavoger Keßler um 114 b ver
1642 1920 2777 2053 kaufft, ward aber entdekt und zu herren
1630 2004 2756 2139 schultheißen geführt, welcher dan weil er
1645 2083 2789 2215 bereits dem wihrt darfür abtrag gethan
1626 2165 2792 2306 ihne mit einer vermahnung looßgelaßen.
1665 2269 2797 2427 auf einer Alp im Eimmenthal auf dem
1660 2375 2798 2484 sättel genant, habe er nachts aus einer
1657 2460 2793 2591 lären hutten s n sein kuhr haütlin von
1657 2547 2809 2650 einem abgestandenen viechentlaeidt, und
1651 2613 2709 2745 dem erber im Gloat verhandlet.
1687 2703 2785 2866 Als er bey Peter Hagen dem Wasenmr zu
2307 2811 2416 2881 ne
1653 2814 2842 2955 Weißenburg um dienst, abe er ihme eins
1644 2901 2809 3028 Roß, undei Rüselaut und drrÿ Kalb¬
1684 2975 2809 3100 fähl vermitteülert und dem sattler
1660 3053 2477 3185 zu schbarzenegg verkaufft.
1700 3161 2742 3318 Demgleichen habe erannachet was an
1660 3244 2827 3356 unschlit entfrändet und dem sayffen
1670 3324 2629 3476 sieder zu scheezligen verkaufft
