3024 4032
238 523 1478 695 35. Eestlichen so habe er auch dem Marti Millern
345 603 1462 767 wasenmr in friz seinem vetteren nachten
335 697 1477 843 aus der Ruchi d alten kupfern zuber
347 780 1460 925 d. Kupferhafen und ein Häzientloendt
340 862 1466 1009 Dieseee sachen, so er zu hauß in ein
328 935 1469 1091 geuld-Scheüelin verstelt gehabt, seyen
339 1024 1438 1171 ihme nicht bußend von bein, auch
336 1101 1150 1247 allda loeggenomen worden.
268 1250 1497 1435 Dhre nu nse aller seits vonser kindin
309 1376 1463 1521 Herren und oberen räht und Burgeren
294 1453 1485 1619 so thane sein müllers vergicht und bekant
320 1551 1499 1707 nuß angehört und verstanden, auch darauf
848 1635 921 1698 ier
941 1636 1028 1704 et
295 1636 1491 1795 oviel ersehen, daß ourch dergleichen schandn
292 1729 1486 1847 liche räubereyen die allgemeine sicher
298 1811 1475 1954 heit und ruftstand ihrer getreüben
304 1895 1492 2043 Burgers und underthamen in dero stält
310 1980 1493 2127 und landtn zerstöhret werden, anderseits
305 2060 1459 2206 dann sich erineret dero zu abstraffung
298 2144 1480 2300 dergleichen namhafften diebischen verbrochen
292 2235 1486 2369 von gott dem alberhöchsten regenten ihnen
300 2325 1460 2450 anvertraubten holh oberkeitlichen amts
295 2398 1480 2541 und daran sangender pflichten. Habend
303 2479 1452 2634 daraufhin hochgedacht unsere Gnädige
291 2564 1470 2719 Herren und oberen räht und burgere bey
300 2644 1489 2815 Eyden versamlet gesterigen tags zu recht
306 2739 1131 2875 Erkent und gesprochen.
272 2813 1509 3008 Daß dieser Maleficant Nuclauss Müller
289 2935 1501 3100 nechst empfhelung seiner seelen in die hand
268 2992 1514 3204 ihres erlösers etc. alsobald dem Scharpf Richter
287 3082 1501 3262 übergeben, durch denselben gefeßlet, ober
278 3160 1499 3357 And auf die gelonte richtenstatd geführt
272 3263 1476 3452 daselbsten zum Schreken und Exempel
270 3319 1517 3532 anderer dergleichen mißethuteren nach dieser
255 3415 1493 3611 statt Bern habendem hoch oberkeitlichen
1105 3480 1394 3630 Debalth
2596 525 2712 629 140
1623 559 2729 697 gebalt und rechten mit dem strangen
1634 658 2735 783 von dem leben zum tad hingerichtet
1641 737 2753 877 werden, der Cörper dan biß zu völlige
1636 816 2729 956 verbesung oder anderwärtige verorden
1654 917 2775 1051 nung an dem hoch gericht hangen bleiben
1656 984 1864 1095 solle.
2375 1094 2410 1153 2
1623 1102 2773 1220 Actu: Coram 200: d: 5. und cxequirt
1648 1181 2767 1334 auf Nicolai tag den 6ten decembris 1729
