4032 3024
2037 387 2577 508 Uff sampstag dem 270
2071 461 2579 544 Wouembrin. Dis 5 9 6 ja
2058 519 2568 595 Inn bywäsen und gägkwürti
2056 569 2567 654 bein, der frome fürnämkwyß
2057 620 2559 707 herren franw guder des Barhis
2055 668 2533 742 Hanns vo Bürk der burger
2056 712 2567 794 Adryan knächts großweibel
2048 766 2572 849 sampt etlicher der weiblk mine
2058 813 2479 904 gnädigen herren und obern
2029 898 2565 1002 Hannd Disnachvolchends vie
2059 975 2561 1056 verstonde abermalk zu Marzi
2053 1028 2486 1108 botent wie volget
2033 1111 2550 1216 erstlich Hanns Marti von
2050 1184 2549 1257 Ugistorf, bekent, das erongen
2045 1231 2554 1301 lich vor et. Jaren, wie sich das
2052 1278 2549 1348 ouch im Thurnbuch befunden,
2040 1321 2553 1404 mit stink bruder, der alhie vn
2047 1373 2542 1451 seiner mißthon willen, mit der
2054 1417 2549 1498 schwert gerichtet worden umd
2052 1472 2552 1545 das er im etliche diebstäl de
2055 1520 2540 1595 doch iit großs, sonder mehrt
2047 1569 2539 1647 anäßtiger stpyst begangen worden
2043 1610 2541 1692 gholfe volbring, gfangen dse
2037 1661 2529 1740 und darumb in der pfangeß
2032 1707 2445 1796 mit ruth gestrichen worden.
1998 1774 2547 1878 Darnach habe er zu Copinen de
2040 1842 2540 1911 oder vier ysinring ab eine ss
2021 1889 2537 1974 gschlagen und die umb i erütz
2010 1966 2540 2065 Demnach hat er ouch hieuor
2025 2031 2534 2108 gäsch, das er mit hilf Hans S
2024 2071 2542 2156 sch frouws so im darzu shaf
2028 2122 2542 2213 erstlich in barben garsten uf dem
2018 2172 2533 2254 külläldt und demnach
2035 2219 2544 2304 Harben uf Durs Buggers
2021 2240 2374 2349 Vntfröndet habe,
3176 310 3256 393 15
2660 401 3252 513 tem alß etliche hundt by
2687 477 3251 556 Utzistorf inn einem wald
2689 530 3256 615 ein halbstoonfeuarlich J�rig
2684 579 3217 663 gstin zothod bißen habe er
2665 625 3211 729 daßselbig mit beueren zu
2684 680 3225 771 melden ußzog, die hin zu
2681 726 3212 809 Burgdorf verkauft, das er
2684 779 3221 875 lößte gält sampt dem fleißli
2671 830 3213 914 wie volgen wirt mit den
2670 873 2965 960 jenig geheilt,
2637 977 3213 1109 Demnach belangend die zwei
2615 1056 3250 1141 Droßs darumb er dann ouch hieuor
2662 1102 3224 1176 vynlich befragt worden und für
2658 1149 3227 1234 gäben, es habind ime die beid
2655 1196 3266 1286 Camman zu copig, des sie gewase
2643 1250 3249 1328 dieselbigen ab wäg zu thun über,
2650 1288 3230 1372 gäben, das sye aber nit dann
2658 1344 3252 1425 er dieselbigen gur mit hilf Hans
2645 1390 3240 1465 Schürchen entfürt und volgeds
2636 1439 3223 1525 die eine hut mit hielf desselbig
2659 1489 3230 1574 niclaus Hupels vonn
2638 1535 3223 1623 Aflingen sine ander gstolle ouch
2649 1590 3233 1676 entzuckt und demselbigen 7a
2634 1634 3246 1711 das er im aber hieuor 2 banschul
2649 1690 3248 1769 dig esin für sintheil gäben, aber die
2648 1732 3248 1814 andre zeig zue nit mögen werden.
2619 1782 3217 1874 Dann Hans Sterschi habe die zu
2650 1827 3235 1915 bald da danne genommen und inn
2649 1886 3229 1967 die bärbe dechan, er hat ouch
2650 1916 3236 2016 bekennt wie das er mit hilf
2642 1973 3237 2055 noch einsie so ouch Hans Warten
2649 2013 3231 2106 seheisten dar nach die den 100.
2648 2053 3218 2153 hus mit reüerenn zumälden
2644 2105 3248 2201 gholfen ußzies und sich bißhar des
2651 2156 3276 2258 ulbigen begang, wölle aber nun
2652 2196 3211 2292 hinfür darubn abstan und
2638 2247 3244 2357 sich mit ehrlicher siner handarden
