4032 3024
1375 537 2002 661 Eerstlichen ist er ouch von eine
1539 622 2014 720 biff wegen befragt worden
1451 685 2005 788 die so den herren landtvogt
1470 742 2034 837 von Milden gehört, so auch syn wider
1483 796 1982 887 parth antroffenn, Haruff er
1468 860 2042 959 Paury ouch bekhent wie das ine
1463 920 2021 1013 Sölliche Meßiff worden, vnd er
1496 973 2024 1065 die by Gumenen, uff gethann
1500 1033 2023 1121 und dar durch ein läßen lasen
1495 1089 2036 1179 vnd so er darinn verstanden das
1517 1147 2027 1240 sölliche ime zewider ist zu
1505 1212 2035 1314 qumnenen vber Brug Inn das
1472 1260 1928 1384 waßer geworffen.
2520 450 2624 555 161
2075 506 2641 654 ff Fryung den 19. tag meyenns
2082 605 2624 719 Dist 159 l Jars ist Luderig
2068 665 2603 776 Jarry von Milden, durch die
2056 727 2657 844 ehrenusten fremmen, fürnemmen
2082 795 2621 896 und wysen herren s michell
2093 854 2640 957 zugspruger des Raths, Camnel zu
2078 912 2634 1015 kinden, der Burgeren, vnd Niclaus
2071 983 2636 1080 von Graffenuiedt, Großweibel, zu
2086 1044 2649 1149 Margelli synes begangnes frugt, so er
2095 1110 2653 1204 mit einer bekhantnus begangen vnd
2101 1160 2678 1264 die er syner widerparth Hindertucks
2092 1226 2679 1315 durch eins schribers diener zu mulden
2084 1285 2656 1381 dicktdiert und schryben lassenn
2100 1335 2677 1437 vnd wer die bosten, In der bekhantnus
2108 1393 2692 1500 gemachet habe, Item ouch von einer
2087 1455 2671 1568 Messiff wegen, die dem Landtnogt
2109 1519 2641 1618 von Milden gehört, ouch syn wider
2105 1574 2659 1681 parth zu gutem gedienet, vmbgangen
2108 1632 2633 1734 sye, ganz ernstlich one vnd mit
2108 1681 2603 1782 der Martter befragt worden,
2135 1797 2657 1926 daruff hat er faury brkhenne
2082 1860 2652 1974 wie das so ungeuar vor zweyenn
2111 1922 2673 2029 jaren zugethragen, das er zu mulden
2117 1970 2654 2093 by eines schrybers diener ein br¬
2111 2029 2678 2149 bantnus machen wellen laßenn
2123 2080 2661 2203 die er Paury gemeltem Diener
2141 2139 2672 2245 ells dicktiert und syner wider
2131 2195 2685 2326 parth, hinder Rucbsschryben, vnd
2140 2251 2702 2394 s en di aus sl zen her
2119 2305 2737 2456 landtvogt von Milden mit andren
