4032 3024
1568 508 2019 604 Samstag den 8 tag wpree
1494 564 2006 650 Diß 1592 jalrz ist Hans Bachsen
1497 608 2007 683 von wangen durch die frommun
1488 650 2003 716 fürnemmen ersammen und wysenn
1494 690 2002 759 herren Vetter Baldi deß thars
1507 720 2009 791 Hanns Bhyman der Burgeren
1488 762 2002 828 unnd niclans von Brafenriedt
1503 800 2037 871 Großweybel zu Marzilli awvnd
1509 848 2032 910 mit der martter gantz ernstlichen
1498 885 2014 951 befragt wordenn, ob ime nit
1504 923 2024 995 bewüst wie es umb die jhänigen
1506 964 2038 1033 pvn Eronen minder eils halben
1501 1006 2008 1067 guldis, so Jacob Willenwgger
1504 1045 2018 1107 Petter Dietrich Zweymas erli
1508 1085 2033 1155 müßenn, Daruff dan großen
1505 1128 2031 1204 costenn geloffenn ist, ob er dac
1520 1174 2036 1241 sy dietrich übergäbenn in zuzüch
1486 1207 1747 1276 oder nit etc.
1550 1311 2031 1394 aruff er anzeygt, es sye iue
1546 1373 2045 1438 nit bewüst was vetter Dietrch
1524 1412 2036 1479 synn schwager sellig vonn Jacob
1519 1453 2029 1520 Willigger innzogen habe oder
1535 1495 2032 1562 es habe eich zugetragenn, das
1518 1530 2041 1599 Binins sthern imme und synem
1550 1572 2042 1638 schwäger söllig sy inl schuldig
1547 1610 2033 1680 gsyne, da imme dacht aber
1529 1658 2052 1714 nit mer dann in  lb gehört
1529 1683 2048 1755 habe das imme hertzen aber
1542 1727 2038 1793 nit zu bezalene müglich gsii
1544 1769 2057 1837 sonders er Einius scherz eingelt
1540 1808 2050 1880 erlangt und ghan und am
1558 1853 2020 1922 elbigem geltstag syge Jacob
1538 1884 2050 1966 villenegger gägenn vetter dieen
1544 1932 2057 1998 selligenn umb ir ansprach ver
1537 1969 2068 2055 sroßenn wordenn da sygetter
1536 2001 2068 2097 Dietrich sellig zomme hinderre
1512 2043 2072 2139 dann er dachs nit im land
1549 2095 2061 2180 anheinsch gsin sye) sich an dem
1547 2122 2077 2222 golts tag verfügt unnd diesem
1539 2168 2073 2266 nach buch desgelts tags eodolls
1530 2218 2061 2309 geforderet. Do sie Petter
1519 2262 2065 2346 Dieerich sellig gesagtem willen
1535 2301 2076 2392 schuldig gsin und überd
1549 2337 2072 2433 hundert pfundt habe nichant
1471 2376 2067 2475 wyer gnauten willeneggerss
1551 2409 2086 2519 schwagers noch in  lb erlegt von de
2574 431 2633 499 1
2079 455 2652 555 5 lb gabe er dietrich stllig inne
2065 514 2702 613 dachs angenz vii v gäben müse
2081 593 2686 716 Wycher hatt er anzeigt, wie das imme
2070 666 2672 752 Dietrich durch Jaggi Willenogger
2079 704 2635 788 u oberwangen, in des müllers
2081 752 2460 840 tuben e. l. erlogt
2076 878 2700 974 Wer habe er willenegger für dietrich
2076 942 2650 1013 sellig andres metzger wie er noch
2072 979 2632 1062 hußwirt zum schützen was dry
2081 1027 2333 1101 fronen erlegt
2092 1112 2679 1216 Denne so habe er vetter Dietrich imme
2070 1182 2648 1257 Willenegger ouch ein Harnisch ver¬
2083 1228 2632 1303 gantet unnd der syge umb vie
2072 1271 2520 1348 fronen hinwag khomenn
2065 1376 2623 1470 eetstlichen was die spänigen upi l
2086 1425 2660 1503 minder einshalben guldins dar
2076 1472 2651 1551 uff dann grosenn costen geloffen ist
2068 1507 2633 1593 da habe er ime dietrich nütt
2089 1550 2643 1636 teuolchenn inzuzuchenn, vnd
2080 1593 2694 1690 Ime ouch nit bewüst ob er dieted
2081 1660 2687 1753 die sänigen ei b Wweymel
2079 1722 2480 1802 In zegen oder nitt
