4032 3024
1422 478 2011 583 daruff nach do sye gemeltter ge
1480 534 2010 620 wider zu er khommenn und irgaen
1492 579 2019 666 gelaugnet, das er sy selbige schullen
1489 624 2019 703 von gedachtem von Constetten
1481 668 2009 742 zeige geysenn inzuchenn w
1476 710 2023 784 dem selben allein wie er von
1488 757 2026 842 bonstettenn vernomen ✳ das sy
1495 801 2035 882 sunderlich dhein treffen durch
1507 847 2030 926 gehert unnd aber fräschon en
1525 891 2024 974 uttenn shrybt gewärtt, doh
1509 946 2028 1020 er ira dermassenn thräwei
1481 986 2029 1059 lassenn sy inn die gefangense
1509 1029 2032 1098 bpleggen, vnnd wie sy sölliche
1500 1067 2031 1141 Fröüw vonn ime gehört unnd
1509 1111 2033 1184 verstandem habe sy hin unnd
1512 1158 2025 1230 wider by hienachgenomptem
1505 1197 2038 1282 personen pfender entleüt und
1490 1248 2035 1318 ie iro ouch vorsetzt wordenn
1511 1285 2042 1362 umb die summa ginder imn
1516 1331 2038 1415 vonn boistettenn selbige sin
1522 1374 2028 1450 unnd noth zuuerstellenn
1524 1423 1957 1511 pfandts wyß gelegt.
1523 1523 2051 1620 ine erstenn so habe ira die
1521 1578 2060 1662 Aalte Corweyben sy Epvi Ollen
1529 1620 2057 1710 flächstes duch gäben zeuerkhn
1515 1671 2046 1756 so hab sy salbig ime j vonn
1531 1705 2039 1797 Bonsterten pfandts wys umb ir
1543 1756 2032 1844 nun gäben vnnd hinder Im
1539 1830 1711 1900 gelagt.
1522 1891 2072 2008 denne habe ira Hans Butten
1523 1958 2055 2053 frouw einehichen silberinen
1532 1997 2064 2094 Bächer sampt einem eilberynen
1536 2035 2066 2147 Röpfli zuursegen gäben, dath
1542 2091 2066 2183 sy ouch vonn ir sunn wägen schee
1537 2122 2069 2229 gemeltten von constetten ✳ pfand
1529 2198 1759 2269 wyß gelegt
1531 2260 2066 2374 Wyther habe gemelte porweyl
1544 2312 2052 2402 fra dry groß blatten gäben
1539 2337 2056 2447 die sy einer jungfrouwenn
1546 2386 2045 2489 von Urbärg alls umb rprn
1553 2431 2055 2529 khaufft, das er löstgeber zun
1550 2495 1940 2572 irenn nutzgewent
2043 495 2679 586 Demnach, so habe die jetzige for
2075 529 2717 620 weybli i auch 44 Ellenn bleickts
2072 584 2658 661 fistins duch gäbenn, das habe
2084 621 2715 711 sy ouch ann irsuma hindergenompt
2078 673 2699 757 vonn bonstottenn ✳ pfandtwyss gethan
2094 757 2708 856 wor habe sy dra wyther zuuorklauffen.
2083 814 2707 903 gäbenn ein stückli Duchli jede ehlen.
2081 861 2693 940 umb pj Brüner fra aber nit be-
2076 903 2638 994 wüst wie menge oll es gsin,
2069 983 2694 1084 Wyther hatt sy ira gäben 23 ellen.
2113 1046 2693 1119 wart durch jede ellen umb e ki
2094 1092 2701 1167 ener khouffenn, das ira aber nit
2092 1137 2469 1205 widerumb wordenn.
2073 1158 2690 1256 denne so habe sy iren ein haffen geben
2084 1214 2695 1284 welichen sy uns di  auch verkauf
2604 1253 2669 1288 it
2081 1251 2585 1307 dies über al irn bi 18ß gschuld
2078 1269 2716 1348 ittem so hate des jungen ✳ manel
2085 1309 2674 1390 jungfrauw ira ein dock gäben zo
2085 1344 2709 1430 verkhouffen denn habe sy Rudolff
2091 1389 2682 1472 Beringsfrouwen umb i b hin
2095 1430 2680 1521 gäbenn, sy habe aber selbiger jung
2097 1473 2676 1556 frouwen sölliches anzeigt, das sy zu
2102 1522 2662 1599 fridenn gein, aber danuh ouch
2101 1555 2649 1647 noch nit zallt sunders fra ver
2102 1595 2677 1684 heysenn umbselbige iina zedest
2101 1664 2210 1733 thun,
2082 1734 2645 1827 nne so habe ir Bladi butter
2093 1792 2700 1861 Ein pilberyenn bächer zeuersezen
2105 1836 2694 1915 gäbenn dem halz sy einen
2092 1872 2669 1965 knecht genempt Hans Steiner.
2105 1916 2680 2000 Dienende by hr vornhart von
2095 1957 2687 2053 Erlach umb vi v versetzt, dan
2105 2001 2711 2087 er stlitten des woll zu fuden gsn
2119 2047 2717 2136 auch der kecht imme woll erkhande,
2113 2084 2678 2184 gsiie sonn sutters schwöster hate
2121 2123 2678 2215 auch die daruff entleüten wid
2126 2184 2504 2265 selbs empfangenn
2109 2262 2690 2370 r habe ira Welchzuber ein
2123 2305 2729 2413 Billerin schallenn zeüersogen gäben.
2101 2358 2702 2457 die habe sy zu sanna Stiuch umb
2125 2401 2689 2497 di u verseze imme zuber aber das
2125 2424 2748 2553 selbig gehli zuhanden gestelt worden,
