4032 3024
1476 493 2012 616 khonen unnd inne von der sachen
1469 554 1988 641 wägene angezogenn, das er
1479 595 1991 686 lug unnd denck das er iuner
1482 644 2001 744 der Burgschafft ledige vnd lös
1487 693 2014 786 dann er zeuder wolle Inne mit
1498 740 1994 825 dem rechtenn drybenn, dan
1482 782 2003 862 er muß zuezallen, uff das
1503 822 2014 906 genempter Margsten zu Eschan
1510 866 2028 957 gepättenn er sölle imme zbest thun
1491 910 2002 986 unnd sölle auch noch mer dar-
1510 953 2017 1035 hinderstann erwolle mit imme
1530 999 2002 1079 ender reden, das er auch noch
1515 1042 1994 1116 Etwas verzugs haben müse
1510 1085 2013 1159 uff solbe wort habe er ime man
1523 1132 2012 1202 stein verwilliget doch mit
1527 1178 2014 1252 söllichem vorbehalle, das wen
1494 1221 1998 1296 er vonn jeuder ein handtge¬
1537 1267 2016 1350 huyfft bringe, das er zue hag
1528 1312 2000 1391 spräche, so syver das zufridenn
1531 1361 2025 1425 So siye er margstein zu gun
1528 1405 2014 1467 jender gangenn und imeden
1529 1445 2025 1519 handels anzeigt er sölte so wol
1532 1489 1999 1549 thun unnd imme einzedelt
1531 1537 2020 1606 machenn dan er welle denn
1534 1574 2017 1651 selben tschan gäbenn unnd auch
1515 1623 2008 1694 ine wunder hienabenn
1526 1664 2008 1736 wättenn, das er ouch einzitt
1527 1713 2024 1784 Lonng verwilliget zewarttenn
1529 1755 2021 1820 vnder anderm habe er zeuder
1535 1796 2022 1873 zu imme gesprochen er margsten
1539 1842 2009 1913 sölte allein den Zeedoll sells
1534 1889 2009 1960 machenn dann er khönte
1507 1921 2025 2006 iuw nit stellenn ✳ doch nach
1569 1966 2020 2049 vert habe er einen selbs ge
1541 2009 2002 2091 schrybenn und mit synem
1532 2053 2004 2143 füphier verwart und den
1537 2091 2020 2185 selbenn imme Margsteingäbn
1545 2138 2027 2237 genempt Eschan zeüberlyfen
1515 2186 2031 2266 wie er den selberin zedelle Esche
1525 2233 2028 2325 bracht habe bhann den solle
1507 2273 2025 2371 in dheinen wäg von ime ne
1516 2313 2027 2421 men noch empfach wollen
2510 455 2602 531 1
2144 489 2677 583 ursachenn das des inhalts
2150 548 2661 630 ein das sender imme tschann
2158 604 2637 675 allein unzit uff verschynenn
2135 657 2648 724 osternn (so aber den selbenn
2141 701 2684 776 zill gar nach gsind waren wollen.
2143 739 2681 822 unnd wie er den verstandenn
2149 787 2683 865 habe er datu wann selbig zilb
2145 830 2648 924 deß zedells vorschynenn mure,
2145 879 2666 964 er darhinder stan glich alls jez
2130 924 2668 1004 Der halbenn er nit darann
2139 976 2665 1047 khomen wollenn, nach söllchen
2146 1024 2654 1097 aber wir er Margstein vonn
2134 1059 2710 1147 sschan den beschwide  empfange
2158 1115 2669 1182 sye er zum andernn mal zu
2153 1156 2664 1236 synn zeuders huß khown aber
2126 1198 2695 1285 in niemallen altheymschfunden.
2160 1251 2687 1324 willens gsin das er Thon ein
2152 1299 2686 1377 andere handt geschryfft mache, wie
2134 1345 2674 1411 Eraber Inne nie daheim
2165 1395 2676 1462 finden thönen vnnd aber ime
2156 1432 2681 1501 an der nothglägen gein syeer
2150 1473 2700 1559 humgangenn unnd ein ander
2154 1513 2673 1604 Handtgeschyyfft (leyder) selbs
2177 1562 2693 1647 geschrybenn unnd das tütschier
2168 1616 2638 1699 so pirner uff der ersten gsid
2159 1672 2672 1734 mit dem Möster darabge¬
2151 1700 2678 1781 thann und gewarmdt und uff
2150 1750 2628 1822 die durch Inne geschrybner
2156 1791 2661 1876 handtgeschryfft gebleybt unnd
2163 1818 2696 1923 getrunkt er aber nit gemeinde
2149 1881 2688 1954 das es souill sölte schoden bringen
2148 1914 2674 2004 Diewill er zeuder inne doch die
2152 1967 2647 2047 Erste ouch heysenn machen ge¬
2161 2007 2643 2091 hepte, nach söllichem allen
2156 2048 2649 2136 habe er selbe hande gschrifft
2156 2096 2665 2187 ime villenbitttem than,
2167 2144 2626 2230 bracht, dorenn er ouch.
2159 2187 2613 2282 zu fridenn gsinn und selbe
2165 2247 2420 2326 Sechalltrt
