4032 3024
1527 436 1668 494 Mer
1470 470 2014 600 Lestlichen hat en bekhent
1480 532 2049 673 wie das er einem wolschen
1490 608 2015 723 ouch vor 1 Jaren e betze
1507 663 2017 783 genommen, weliches jng
1511 739 1989 842 ouch wyder worden,
1485 853 2048 957 Eestlichen hat er auch anzeigt
1492 918 2023 1022 wie das er zu J. Hand
1502 984 2039 1078 Jacob von Diesbrch und
1513 1032 2035 1140 vnd Hans Dachstlhoffen
1509 1091 2037 1185 zu Erieg gedinget unnd
1526 1149 2036 1243 von dem von die ah
1476 1211 2039 1303 ein francken empfang
2562 512 2649 592 169.
2111 508 2664 633 Uff sanstag denn 29. tag höüw-
2133 577 2678 680 wonats des 592 jars ist eendicht
2118 620 2699 722 Putter vonn Dieterswille abermallen
2119 665 2738 781 durch die fronden fürnemmen ersamen
2118 696 2669 796 unnd wysenn herrrn h Petter
2124 742 2670 840 Galdi deß Bharts Petter hundo der
2112 777 2675 874 Burgeren unnd enlans vom
2119 821 2687 910 Grafenwiede Broßsweybels zu Mar¬
2116 865 2672 956 zilli mit der marter vonn syner
2105 899 2645 992 falttschein khundtschafft wägene
2123 946 2672 1035 gantz erustlich befragt und brpam
2125 997 2433 1051 miniert wordenn
2100 1126 2660 1224 haruff hatt er bekhende unnd ver
2109 1188 2660 1275 Jächenn wir das sich vor etwas zitts
2114 1228 2673 1305 ann einem snntag begäͤben unnd
2111 1276 2681 1355 zugetragene, das er gann mülchi
2105 1309 2647 1391 zu Kilchenn wellenn, vnnd wie er
2115 1353 2691 1442 alda harkhomen, habe er wol gesaich.
2093 1393 2646 1475 Das iinlans Rudi unnd Erndicht
2100 1437 2674 1521 sturter sy einandernn gestandenn ✳
2095 1481 2696 1569 unnd wie sy imwansichtig wordenn,
2091 1519 2646 1595 habe ime gemeltter inlaus unnd
2078 1564 2643 1642 Rudi Stutter gerüfft, wie er aber
2107 1611 2682 1681 zu enen khmen habends sy mit
2091 1634 2707 1728 imme vonn der ihänigen khundt
2103 1700 2699 1772 schafftsaag geroth, namlich das erhälff
2134 1736 2644 1811 imme inlaus denn fosten
2094 1783 2669 1851 so vrhieuor erlidenn musen wider
2089 1817 2665 1887 unnb werde, wie woll war das gemelt
2086 1870 2661 1938 Bendicht Sutter auch sy denn andern
2094 1909 2621 1972 zwöyenn gestanndenn, habe aber
2091 1943 2637 2019 inne nür von der khundtschafft wägen.
2095 1995 2645 2064 Heysenn Bedenn, alls aber die ander
2089 2035 2637 2100 widegethann, dann allein haben
2091 2077 2661 2148 ergedachter bendicht Furergesprochen.
2091 2120 2644 2192 er habe hievor synn zugsame unnd
2076 2144 2648 2234 kürherung vonn immegäben alls sye
2094 2198 2398 2274 es ouch gebingenn.
2088 2260 2685 2356 Wyther hatt er anzegt unnd bekhend
2093 2324 2634 2396 wie das er uff ein zitt säm gägenn
2093 2368 2647 2445 detterswil gann wellenn, do sye
2084 2409 2667 2485 imme die jhänigen erner underwägen
