4032 3024
1435 457 2011 579 enksonēn ✳ unnd wir annebtlich
1479 518 2015 622 achann habb gefragt nach woren aber
1477 567 1992 648 wie er sey zu erkhenen gäben far
1471 606 2024 696 gett sy das er sy bendicht zu
1483 651 1991 735 inhans Sutters erder zin
1477 699 2015 795 diene unnd synn knecht syp
1357 740 1951 833 sy inne gefragt obertich sye
1470 793 2021 877 unnd ouch wie sy mit einandrn
1474 829 2014 910 gußhaltinde nach dem wiege
1483 877 2017 963 synn antwort daruff gäbenn,
1480 924 2011 1004 hatt sy besprochenn er habe
1482 978 2004 1053 sy habe inne benomen unnd
1453 1016 2009 1096 Imme die ehe uffweht unnd
1450 1068 2030 1155 Pedlich verhyysenn unnd zugesagt
1658 1152 2002 1247 Samipstag dem 29
1783 1226 1988 1265 dinden
1418 1210 2004 1314 Ittem uff vorzeielttem jan
1452 1280 2014 1358 wundtag ist auch Caschi Margen
1511 1324 2014 1399 stan der Boldtschmids durch
1475 1368 2018 1440 die frouwn fùrneien ersalun
1489 1417 2011 1481 und wysenn herrenn her
1493 1455 2024 1534 BendichtMarti des thatts und
1506 1501 2003 1574 iinlaus vonn Grofenwiede,
1500 1541 2025 1615 Großweybels, inn der manen
1486 1585 2025 1667 eheffi vonn eins zedells wäg
1511 1633 1972 1728 gepamminert wordenn
1460 1717 2015 1824 Hartuff hatt eranzeigt wirden.
1509 1780 2039 1868 Barthlomw eschann der jung für
1494 1829 2034 1917 nr gägenn eorgsam zeider
1510 1870 2028 1957 alls umb xi t bürg unnd
1519 1910 2023 2007 gahlt wordene, nach weigabe
1516 1950 2038 2048 ermelter zender inne tschan von
1521 2002 2022 2090 sälbiger bürgschafft wägenn mit
1503 2043 2034 2144 Recht angelangt, unnd er Ihm
1507 2085 2019 2180 vonn imme auch gelediget warde
1513 2139 2030 2216 wellen, doch nach werg habe
1504 2193 2017 2269 er imm than uffuilualtigen
1511 2206 2036 2317 haltenn inne erpättenn dos
1512 2266 2045 2359 erimme ze bestthun woll und i
1508 2320 2041 2401 imme sölliches verwilliget, doch
1504 2369 2035 2441 vor das er vonn jeuder ein
1512 2400 2035 2495 zedell Bringe, das er inne ssche
1492 2455 2035 2550 ledigspräche vff das er vo
2563 438 2647 506 170.
2055 468 2708 570 imme zendereinen usgebracht ghegt
2070 531 2690 620 unnd ouch synn Bigknn vütschier
2073 576 2657 663 daruff getruckt unnd wie er
2079 618 2651 711 dem selbig jedoll imme than
2081 677 2681 762 vberlyffertt wollen habe er denn
2082 723 2648 807 nit von ime nemen wollenn
2079 773 2661 865 ds ursachenn, das er übell gestellt
2083 832 2671 914 gsin, nach söllichem habp er dem
2090 878 2712 954 sendell widerumb vmb eingenamen
2069 920 2681 1000 unnd ime jeuder widergäben wöllen
2073 973 2674 1047 einandern zestellenn wieer aber
2090 1017 2659 1088 imand oder drittenn mall zu
2089 1058 2675 1142 in zenders huss khomen habe er
2073 1121 2698 1188 Inne niemallenn anheynsch funden
2066 1158 2650 1242 das er derhalbenn beider e
2079 1202 2683 1286 vursachtet gsin, das inne die noth
2080 1255 2686 1328 angestoßnn unnd heimgangenn
2092 1296 2695 1367 unnd ein anden zebelb durch synn
2087 1343 2660 1428 hais geschrybenn unnd das
2084 1395 2658 1479 mithier so uff dem andern gsin
2064 1448 2640 1526 Darahgethann unnd nachwerz.
2085 1486 2685 1572 gewarbieht unnd uff dann synen
2088 1536 2677 1628 gethruckt, unnd alls imme
2074 1583 2677 1679 ssonn denn selbig gebracht daron
2302 1648 2661 1721 Denr hatt er
2058 1650 2286 1726 Erksomen
2084 1698 2671 1775 ouch anzeigt, wie das er einem vonn
2065 1739 2635 1823 Urbärg pp Lot silber schuldig
2067 1793 2641 1877 unnd brath Dillier und lad
2093 1840 2687 1922 schuldig, wyth sye er noch etlichenn
2090 1890 2704 1971 soimme aberjedunder nir inwüssen
2087 1979 2680 2085 pittet vch mynn g herrenn
2081 2055 2362 2142 umb gnade
