4032 3024
1445 497 2027 621 Erstlich zeg er ouch an
1530 565 2062 704 wie das der wederschih¬
1544 629 2044 739 noch läßen kone aber,
1527 707 2027 805 Er pittet vch nun g
1529 767 2063 878 hisren Ir wollind
1540 840 2044 942 Erholffen syn das sy
1509 902 2024 1012 In schullen oder 10
1511 960 2059 1079 keinem hand werch geben
1538 1033 2038 1143 vnd erhalten werde.
1543 1202 2074 1305 uff zinstag den 8. tag jorum
1539 1269 2067 1356 diß 1502 jars ist Heinrich
1555 1321 2070 1406 Reidhart von Bremgarten, in
1544 1371 2069 1448 argöüwer piet pürtig durch die
1527 1416 2070 1500 fromen firnemmen ersammen d
1561 1471 2076 1541 Wyßen herren hr. Barthlomekn
1563 1514 2085 1583 zu Hans Wyerman beidt des patths
1567 1559 2080 1641 und Jacob Billier der burgeren und
1555 1614 2087 1688 Niclans von Grafenriedt Großweite
1553 1660 2080 1739 zu Marzilli oie und mit dr marh
1558 1703 2080 1787 enes faltschen mungeshalb gang
1532 1749 2086 1839 ernstlich befragt und gepammiet
1530 1860 2093 1966 Haruf Hat er bckhendt wie das
1534 1932 2077 2023 ungeuar vor Zwölff wuchen ge
1564 1992 2088 2064 Stempfel gemachet und darmit
1552 2024 2091 2125 b guldinen olb
1520 2063 2090 2166 Briitzer etlich mit dem sibne und
1558 2107 2099 2217 andere mit dem sechsten gschicht
1564 2174 2096 2260 darnach sye er ihnn ein rüwenfhet
1570 2221 2087 2312 und die Stempfeln gebrochen unnd
1541 2276 2010 2368 Inn die füsßen geworffen,
2591 497 2702 586 142.
2124 536 2660 626 uff Zinstag den 8. tag hornung
2091 583 2662 669 diß 13 9 22 jars ist Heinrich
2127 632 2719 710 Pfordhart von Bremgarten im ergouwer
2144 680 2687 757 piet pürtig durch die fromen für
2142 722 2707 805 nemmen, ersammen und wyßen, herren
2127 761 2696 847 h Barthlome kncht ✳ s. Hans Wyer¬
2136 811 2680 886 man, beidt des raths, Jacob Billien
2135 849 2704 933 der burgeren, vnd Niclaus von Grafenn¬
2150 903 2691 961 undt Großweibel zu Marzilli zur
2142 935 2695 1011 und mit der Marter synes faltschen
2132 982 2699 1077 munges halb gann ernstlich befraht und
2129 1022 2508 1102 gepamimiert worden
2178 1116 2697 1211 aruff hater Bekhendt, wie das
2113 1185 2708 1261 Er ungeuar vor Zwölff wuchen zwen
2138 1231 2665 1290 Stempffeln gemachet, vnd darmit by
2124 1270 2707 1340 Vier guldin Sollothur krüger mit dem
2146 1310 2724 1368 Sibne, darnach mit vorgemeltem Stemp¬
2133 1355 2734 1424 fel, habe er noch by den Zwölff guldinen
2136 1397 2657 1465 duch sollothurner krüger, mit dem
2124 1440 2702 1517 Sechßi geschlagen. Nach demselben sye er
2113 1476 2675 1533 Inn ein tüwen khomen, und die
2129 1530 2683 1596 Stempffel Zerschlagen, vnd Inn die
2107 1569 2481 1649 Fuss geworffen
