4032 3024
1598 533 2139 670 Item so habe er derschiner fei
1643 624 2133 713 nachten, Hans Grtütter  s
1622 675 2118 761 zöüm und ein leytsteil us
1639 721 2098 835 synem stal enthragen,
1610 818 2145 934 Mer so habe er Verschinen Junge
1615 888 2017 962 Faßnacht Bendicht sch.
2027 909 2149 980 y der e
1620 934 2151 1049 mäßige kammen genommen, diede
1612 982 2094 1084 Imme aberwider abgezagt
1584 1050 2141 1173 Vber habe er Bendicht Stebler
1633 1141 2143 1231 vor einem jan Ein Wegyßen und
1633 1185 2144 1303 ein sach ab einem pfuig genommen,
1594 1255 2146 1377 Mer hat er Verschines Herpstskin
1634 1333 2140 1454 durch syne pos syn weidt ges
1614 1394 2138 1522 Demnach habeer vor etlichen
1659 1480 2136 1599 aren synem schwehr ein magen
1599 1532 2028 1635 Wurst derunthrüwet
1590 1632 2129 1734 Item hat er zedorff einem
1641 1697 2120 1788 syn Pock genommen und des
1605 1757 2130 1847 syge aber im wider worden,
1619 1826 2126 1948 Denne so habe er zu Arberg
1613 1883 2136 1988 Einem furman vor einem In
1632 1951 2132 2048 ein boßen khommet genommen.
1572 2028 2138 2155 Wer Petter Gigen zu Wylle
1587 2126 2132 2221 vor einem jar ein sach futhiag
1595 2172 2132 2305 Zu Baggwyl habe er einem
1610 2258 2109 2356 knecht im wirtshuß vor
1633 2315 2115 2400 deyen jaren ein mentel
1621 2371 2130 2467 nommen, den habe er imme
1605 2429 1771 2510 gebenn
2184 573 2826 694 Mer habe er einem furman zur
2236 650 2837 763 fronen zu aiberg ein bößenkomet
2254 699 2796 803 genommen, Vnd den habe er Ime
2231 756 2575 856 ouch wider geben
2219 855 2837 986 Denne hat er bekhent, wie das er ein-
2244 920 2816 1036 ein vor Etwas Zits ein Zoum ge¬
2231 973 2803 1091 nommen und der imm auch wider
2234 1026 2491 1106 worden.
2188 1106 2818 1225 Item habe er bendicht Heini synem
2225 1173 2806 1285 fründt vor acht jaren einlä
2208 1234 2804 1330 drine halffteren genommen unnd
2207 1289 2768 1401 Die imme nach wertz wider geb
2220 1345 2407 1441 Wytten
2568 1365 2800 1472 uf pfingsten
2197 1409 2842 1525 Eefftlichen habe er wichstunshmens
2214 1476 2807 1585 zinstag alhie uf dem Blatz etlichen
2216 1536 2818 1625 Sagensenmanen 6 sugesten genommen
2203 1582 2798 1678 darvon eine bendicht kömme zu
2203 1639 2796 1744 wyller vmb 5 betzen verkaufft
2198 1686 2775 1793 Die ubrigen sygen noch vorhanden.
2195 1805 2766 1927 gitt uch min gnedig herren
2202 1874 2534 1975 Umb gnad
2181 2044 2795 2171 Wer hat er verzühen, wie das er dem
2161 2105 2728 2231 Müller zu Baggwyl uß syner
2196 2181 2744 2278 müli si mes mäl entfröndet.
2187 2273 2798 2364 Denne wie das er vor acht jaren an dern
2191 2338 2802 2442 anckhen vagalhie, vier Ellen wyses
2196 2384 2583 2481 futter duch genommen,
2180 2472 2741 2566 Wytter habe er Lienhars Stebler
2185 2523 2745 2633 ehinschlitten mit höne und fürfft
2195 2584 2767 2684 budinen strauw, verunthrinret,
