4032 3024
1446 512 2012 644 Niclaus Fenner dem Secklen
1490 591 2013 697 srer v lb schuldig von etwa
1515 659 2026 766 achen wegen, so eo ime abkhafen
1478 711 2006 831 Er habe aber dargegen ein gütten
1479 777 1783 886 hinder Ime¬
1451 869 2020 986 Jörg Erüsten sye er in lb
1528 947 1994 1051 huldig, so er ime 1 bar
1509 1007 1862 1118 stumpf abkhoufft,
1469 1095 2044 1223 Denne sye er Einer frouwen
1515 1177 2033 1280 un bayens schuldig, so sy ime im
1524 1237 2027 1346 sind meister huß fürgestyten.
1550 1329 2043 1461 ff. Monntag den Ersten
1522 1416 2042 1497 tag Meyens die 1592 Jar
1518 1467 2028 1567 Ist vorgemellter Scherrer,
1543 1515 2024 1596 mit dem Eid uß ninen
1527 1564 2059 1675 gu Herren Land vnd gepite
1533 1614 2024 1722 verweßen worden, vnist
1498 1679 2040 1787 Er die Jhenigen wydrumb
1532 1738 2039 1865 vernugt und bezallt hat
2534 471 2621 565 160.
2053 521 2693 668 Vf Mittwuchen den 17. tag eyars
2089 607 2633 710 Dist 15 92 hart ysf Ludweg
2088 669 2655 761 hanry von Milden, durch die Ehren¬
2060 727 2684 823 Ciesten fürnemmen, brsammen, vnnd
2056 783 2682 891 Wissen herren h Michel Bugpurger
2104 838 2690 934 des Raths, Jörg Beibolet, der burgen
2083 898 2673 1008 vnd Niclaus von Graffeneede Groß¬
2096 952 2650 1033 weibel zu Margilli our und mit
2104 1008 2664 1089 der Matter von einer bekhantnus
2109 1064 2661 1161 so er syner wider part hinder Pucks
2109 1114 2654 1211 schryben, auch bim herren landt
2088 1172 2644 1276 vogt von Milden besiglen laßenn
2105 1229 2652 1324 gantz Erstlich gepamemert, vnd
2099 1290 2460 1397 beragt wordenn
2093 1413 2656 1535 Erstlichen hat er bekhendt, wie
2105 1496 2669 1570 das war sye das er ein bekhantnus
2123 1548 2653 1637 yner widerparth by eines schrybers
2106 1602 2667 1704 diener angeben, vnd schliben, vnd
2088 1664 2666 1746 Nach wern bym herren landtvogt
2098 1719 2702 1824 von Milden vnder Etlichen prosßen
2094 1780 2667 1878 vnd applagen besiglen laßenn,
2107 1840 2681 1928 die ouch im rechten wider synen
2123 1879 2668 1993 gegen sacher gebrucht alles er Inne
2105 1948 2697 2052 vmb die ansprach der dru hundert
2111 2004 2683 2104 Florin, so er imr zum theil noch
2102 2067 2632 2172 Zethun was, vernugt unnd
2125 2140 2390 2242 bezallt häte
