4032 3024
1461 505 1977 629 Vff donnstag den 15 d
1473 588 1991 681 Brachet de 1592. juri
1475 643 2013 763 Ist machis domen durch
1470 703 2002 800 die fromen furnemen
1475 761 2014 861 ersamen vnd wyßen
1484 823 2030 934 hrferne herr Hans Wyrnnen
1478 882 2014 980 des Raths. vnd Nilaus
1502 955 2035 1054 von Graffenried Grosweil
1503 1011 2026 1117 In der manenkhuffi nit
1511 1067 2019 1168 wortten von synes goths
1499 1115 2018 1231 Lesterens Vnd vppigen
1502 1176 1997 1268 läbens halb ouch wer
1505 1235 2013 1323 Ine darzu verfursache
1515 1281 2042 1401 ganz Erustlichen befragt
1515 1351 1718 1438 worden,
1495 1434 2014 1534 Haruff er geantwuttet,
1518 1495 2033 1584 erkhön sy nit ab syn die
1500 1545 2037 1646 das er Villicher verschinen
1508 1606 2045 1701 Tmpstag znach mit syne
1520 1661 2043 1757 frouwen das unsn ges
1502 1717 2035 1812 Da micht ettliche wort¬
1538 1781 2028 1881 verloffen syn die in
1518 1847 2003 1954 von hertzen leid syen.
1506 1896 2036 2016 was er aber gereht deren
1510 1970 2013 2084 sye syn erbuw schuldt
1510 2048 2008 2145 das sy iin mitt nach
1496 2103 2017 2215 lase, vnd das wedr
1510 2156 2038 2257 e an ime habe das mich
1503 2223 1996 2324 das er offt rede da er
1499 2270 1992 2393 dar nach mitt wüße
1481 2377 2041 2503 derhalben pittet er vich syn
1505 2432 2052 2562 gnedig hearen und obren vel
1551 2484 2053 2601 nad und verzehung erw
1495 2540 2045 2667 Auch sych nun für hume biß
2512 486 2623 583 163
2085 523 2641 665 f Mitwuchen den 21. tag
2089 622 2663 732 Frachmonats diß 15 9 2 hans
2071 674 2641 775 Ist Brath Boller von Fruttigen
2084 729 2676 841 pürtig durch die frommen fürnemmen
2086 783 2638 898 Ersamen und wysen h. E Hans
2080 843 2639 954 Huber des Patgs Miehel wichte,
2079 913 2618 999 man der Burgeren vnd Nichans
2075 967 2638 1073 von Grafenriedt großweibel zu
2086 1032 2641 1127 Marzilli syner begangner diebstälen
2094 1080 2633 1181 halb ganz ernstlich one und mit der
2078 1150 2552 1253 Martter befragt wordenn.
2102 1245 2641 1370 rstlichen hat er Erkhendt wie das
2082 1343 2630 1443 er veschines Herpf Bymüllen, vs
2081 1411 2637 1500 einer weid (mit gunst zemelden.
2072 1470 2646 1560 ein Junge geiß genommen, vnd die
2079 1529 2634 1631 zu früting umb x bey verkhaufft.
2068 1616 2644 1735 Mer hat er Brkhent, wir das er Ver¬
2107 1704 2622 1796 hinen ußtag einem krüche zu
2081 1738 2666 1864 fruttigen ust einem wamssel 1 dieben
2063 1822 2626 1920 Pfenig genomen der Eme aber
2072 1886 2361 1973 wider woden
2065 1998 2658 2126 Wytter hat er vrzächen wir das
2083 2081 2639 2195 wouch vor etwas zies zu frütngen
2081 2146 2631 2257 einem in kesh vermnthrüwet
2068 2206 2623 2308 darvon ein umb i bey verkhaufft
2072 2271 2554 2382 die vbrigen beid verbrucht
