3024 4032
285 624 313 703 1
356 627 1235 795 Eint wnds ein gut tuchenes wellchend ein
362 705 1241 860 bystige und 1 grobe supe 1 han ein
363 790 1223 916 enden votte un beustsuch und vbehßer
359 867 1068 1008 ein halß zuhund bey 16 t in gelt.
346 938 1256 1061 5. BeyElrbeth Kilch ofrr vor Taachstelbald
342 1030 1244 1178 sich fulschlich für die tochter auff der siebe
340 1097 1144 1227 dren weid außgeben und von ihre
347 1171 1199 1324 s. h. 1 parr strumpf abentlehet, wnd
348 1221 1266 1389 behalten, welche serumpf es der kilchtoferin
350 1304 1221 1438 nachworts in des efen wirder reotituirt.
330 1408 1253 1563 6. In Hanns Bubacht hauß zu Trachsel,
351 1497 1279 1630 wald, alsoo es übernachtet, habt es in schutz
345 1638 530 1713 genomen
337 1650 1241 1815 7. Als e A. 1o11. zu Peter Ur senbächer
345 1758 1246 1865 Relenmann auff dem weer fur ein machd
347 1824 1262 1943 gedinget und allda beten 8 tagen in diensten
347 1905 1229 2017 gewesen, habe es getaust und zugelaßen.
340 1974 1286 2109 daß deß Hutmacher Arsti schwüster sich von
324 2055 1235 2161 stellend wegen in gedacht seines meysters hauß
349 2110 1251 2245 nachts verstacket, daselbsten 1 schloartg dt
340 2183 1266 2329 sen 1 an ruh 4n aaosteump
326 2280 1271 2396 g. Anrt necher s halsauch s sind errhaausch mir
326 2324 1290 2472 1 Rußziehen und etlich bezeng in gelt entbendt.
322 2402 1253 2532 Ddieses diebin, so ihme Bubi schilt versprochen
347 2472 1284 2607 im krauhtahl zubarten und anteill vom dieb,
334 2534 1271 2671 stahl zugeben, sey es deß morgens darandr
344 2601 1290 2760 Nachgangen, abes selbige nicht mehr antrecken
337 2739 467 2804 konner
338 2746 1314 2900 8 Ald vorgedachtes Butmacher, Uesi mit ihme
340 2831 1289 2994 Buli schilt by des Barbera glauser in des kei
330 2910 1316 3074 ineren bey hocenstetteg übernachtet, habe das
335 2987 1290 3140 hutmacher, desi gedeüter Glauserin nachts
334 3060 1296 3226 1 hrnan hafen, sieben gelegenen alt 3 rött
325 3145 1299 3306 H jupe und 2 wüllhenli demi paarhastin
1018 3241 1228 3369 1. thurtz
2339 606 2366 671 3
1476 587 2380 756 in shurten 2 brft tinher s hendes  and
1470 678 2376 820 shehe und 6 lb flächtig Garn genommen, nach
1452 760 2360 904 Mant Ilndt Bali sctult auch getrckt, wlches
1473 834 2347 965 rug ie beide mit einn anderen weg getragen.
1472 902 2366 1047 N. Uherrucht das selin schilt dnser patten
1475 991 2281 1127 laut Schreibens von Trachstwald dedato
1482 1055 2395 1201 nit obigen umbstandern bekennt und in seinem
1478 1135 2407 1268 vom 3t. mari biß 27. junii 1120 getahnen und
1467 1214 2356 1347 nchten nothn mng diesem mmbstand bestult iget,
1482 1283 2421 1417 daß er das flächstige gnem selbsten behalten, den
1481 1356 2387 1488 hafen allheo verkaufft, das übrige zung aber
1487 1419 2377 1552 Christan Kutaeter deß hutmacher Kesis
1488 1504 2375 1627 vitter, so lehenmanng gelarsen in dem siemenen
1477 1570 2400 1704 Eß beschichseltten empfangen et. Hitdisel
1478 1644 2432 1774 freche mentsch daßßelbe dennach vod und in während
1486 1724 2376 1850 der Tolter den 20. febrr 1321 wied erumb
1479 1793 2400 1932 retractiert und gelaugnet, mit verdenten ihne
1484 1874 2309 1992 selbsten vormalen unrecht getahren zu haben
1479 1963 2382 2104 9 Habe es Bäli schilt im frunchling a vt 11
1494 2043 2416 2177 mit dem kuher Ulli Pieri in einem schuren auff
1488 2114 2381 2242 dem stalden bey berm zweymalen und 1 hurey
1493 2197 2409 2327 getrieben, darvon es schwanger worden und ein
1499 2261 2373 2406 unthelichen kundt gebahren. Welches kindter
1493 2337 2428 2470 Nachstarrts einem mann nach berig seines mutes
1492 2420 2405 2538 zu Bringen übergeben, der aber solches ohne sein
1482 2491 2388 2638 Bli schilles laußen und befelch capronirt,
1493 2565 2423 2689 und in einem wald liegenlassen von dess
1462 2634 2411 2789 wrgen es zum anderen mahl und spad fur ein
1489 2702 2434 2843 salb jahr in das Shallenwerck geseze und herach
1493 2789 2069 2919 wieder kao� gelaßßen worden.
1485 2855 2463 2992 10. Altobald ain festen tag da er damalern anß
1500 2923 2424 3074 den shallenwert kommen, sh dn auli schltal
1493 3001 2436 3175 Es zu harten bey Buegtar  pabt aben andt
1499 3060 2409 3271 Welh alder zeug net bendt abden dibstehl
2155 3146 2316 3286 ersorten
2427 1002 2466 1061 4
