3024 4032
247 629 318 707 181
281 2115 324 2190 15
273 1508 337 1594 13
285 1775 337 1858 19
290 1123 333 1204 12
294 2518 360 2592 16.
316 693 362 778 11.
392 611 1308 776 bey einem haur unbeit drendirer habers
379 704 1326 841 gewartet als obeger guter und Nochtmezzer
376 802 1301 915 aus einer kuche 4 ehrig hafen genomen
381 867 1332 981 und dem bäben zant und ihme hinruh
373 960 1310 1071 geben, darvon sie zloey zu Solothurn ver¬
388 1062 539 1132 waufft.
379 1102 1307 1202 habe es bey einem Haus zu Sumiswaldt
381 1187 1322 1309 nachts gewartet, da der güter und ho der
364 1270 1297 1366 zeen ehrige hafen entbendt und ihme
360 1344 1284 1432 überbracht, so es auch zu solothurn ver¬
364 1420 507 1501 kaufft
376 1467 1316 1585 hat er geholßen zu arberg drey gestohlene
375 1557 1326 1647 ihrige häfen und zu ohun ein gestohlers
373 1644 756 1738 bessi verkauffen
383 1725 1315 1821 mit hulf dabi zehnders habe es nachts
379 1807 1321 1903 nur einem stall zu vilwoltigen ein
370 1876 1286 2001 griß eeit führt und zu Krysurg ver¬
375 1969 735 2060 kauffen lassen
369 2075 1323 2200 bekente diesers babi schilt, daß es mit
367 2157 1290 2268 Ulli Pieri sich zweymahl im vezicht
366 2232 1312 2329 vertrabet von demselben geschloängeret,
364 2298 1328 2410 vnd das vind einem Man übergeben,
368 2380 1328 2489 welcher selbiger in einem holtz caponiert.
392 2491 1320 2632 Ist er bäbi schilt an sachs verschirdenen
381 2584 1317 2686 öhrter bey und mit gsin als der Bufer
382 2645 1302 2749 faltsche Frente solo, Ferner, Luzernes
369 2729 1320 2839 und noch einer anderen gättung fünf
369 2814 1297 2921 bätzler und zechen Creützer gegössen
371 2886 1320 2981 und gemacht, da er dan an 4 ohrten gen
372 2949 1302 3061 halßen, was es gekönt an zweyen ohrten
379 3026 1332 3135 aber schiltlaacht gestanden, Item seyert
375 3079 1330 3198 auch alllorgen darbey gsin und zugesehen,
374 3146 1306 3251 da der gufer die abtruck in das röml
367 3216 1309 3327 gemacht, habe auch zleymahl als in
370 3274 1281 3356 solothern und Langenthal materi zum
362 3349 882 3439 geltmachen gekaufft.
1430 2355 1485 2432 5.
1438 3049 1486 3112 8.
1440 2767 1482 2849 7
1449 1806 1491 1855 3.
1439 1924 1491 2023 4
1459 1321 1504 1402 1
1458 2589 1500 2693 6
1465 1639 1504 1695 2
1424 629 2446 745 17. Hat es von dem gemachten faltschengelt
1541 691 2461 798 infäncklich für zbrey Cronen, hernach noch
1536 753 2452 851 ein gantzes paquet bekomen, darvon es em
1541 823 2461 920 inzahl selbsten, die übrigen aber durch das
1531 883 2441 976 Babi zehnder von Murten hin und wider
1527 951 2367 1055 in sätter und dörßeren verlorchete
1530 1037 1665 1102 lassen.
1622 1148 2384 1295 Geörg Hoser der so genante
1687 1259 2303 1344 Rohtmetzger dan bekente
1535 1316 2403 1426 daß No 1717. er mit dem däntzler dem
1517 1391 2434 1491 wehrt albrecht von Münsingen nachts
1519 1466 2406 1556 eine buhe aus der herbstweis entbendt
2176 1509 2469 1617 holtz geschlachtet.
1529 1519 1996 1626 so sie bey Trißvgl in
1530 1602 2472 1717 bim Neulohaus habe er aus einem geschlach¬
1532 1687 2402 1795 teter stier bey 73lb fleisch gehanlore
1519 1767 2355 1878 bey Grueb aus einer weid ein schaf
1529 1843 1716 1922 entlrndt
1522 1939 2459 2024 mit dem Hans Linder sonst Gufer genent
1522 2001 2445 2096 habe er an acht underschiedenlichen ohrten
1527 2072 2444 2147 alß schaff aus den ställen, vor auch ern
1529 2135 2412 2225 kalb Zū Seeberg entbendt, welche sie err
1535 2191 2374 2302 dem wälderen gemetzget und das fleisch
1519 2264 1929 2367 hernach Verkaufft.
1530 2340 2460 2447 mit Peter haser seinem hingerichteten
1522 2410 2451 2519 bruder habe er zu didwgl aus einem
1526 2475 2291 2584 Stall ein stier enteusseret, undt
1538 2576 2445 2700 mit gleichem zu Zollikofen ein fristes
1523 2659 2445 2768 schloren eitwandt und im wald gemetzget.
1539 2759 2451 2845 Im herbst 1719 seyeer schiltwacht ge¬
2009 2827 2128 2866 nachts
1522 2837 2444 2932 standen da der güfer zu Ersegen ein
1528 2898 2450 2999 kochj geden geofnet und daraus drey
1533 2979 2121 3061 ehrerer häfer genomen.
1536 3036 2480 3121 In einem haus nechst drandes, habe er hoffer
1525 3111 2450 3204 mit dem gäfer, Bäbi schilt und zand nachts
1519 3162 2466 3260 aus einer bucht vnde ehrene hafen entbendt,
