3024 4032
149 2504 201 2601 8.
138 2864 205 2938 d.
151 718 213 849 3
144 1412 204 1497 5.
138 1761 199 1876 .
160 1973 208 2032 6
164 2194 211 2284 7.
271 696 1245 846 Seyend der Allenfridlin der Rochtgeÿger
251 785 1191 891 und er zu Mähldecken hiehar reiden im
236 847 1205 948 Eiierner gebieth nächtlicherweil in einen
252 897 1221 995 Keller gebrochen, und dasauß 5 leiben
255 969 621 1053 brodtsgenommen.
257 1010 1223 1142 Seyend, abermahlen der Allenfridlin der
256 1095 1215 1208 rohtgegger und er mit einanderen im zu
260 1157 1203 1269 rich gebieth nachts in einen keller gebroch
251 1205 1175 1309 chen, auß demselben 2 leiben Brodts
256 1272 1164 1386 und etliche pfundt ancken entwendt.
264 1377 1211 1508 seyend sie drey bey der Seyßer Brugg
241 1461 1202 1565 Bey beyden wührtshäußeren nächtlicher
236 1522 1227 1629 Weyl in zween Keller gebrochen, auß dem
243 1583 1177 1679 Einten fleisch, und auß dem anderen
241 1649 963 1746 Anderthalben käß genommen
252 1727 1226 1857 habend der Allenfridlin und er im zu¬
247 1815 1236 1921 ger gebieth an zweyen orthen eingebrochen
256 1867 1205 1961 da an dem einten orth sie ein ballen
249 1932 1217 2043 ancken und zween käsen und an dem
249 1983 1215 2087 anderen orth fünff leiben brodt ent
247 2054 1045 2153 wendt, so auch nachts geschechen.
257 2130 1261 2238 Andenfür Mur, auch im Zuger gebith
250 2203 1246 2309 abend der Allenfridlin und er des nachts
256 2280 1245 2369 auß einem ställin ein Kalbelin entführt
250 2311 1248 2432 Welches sie hernach in einem holtz gemetz
253 2405 658 2506 get und geßen.
259 2442 1246 2594 Im Freyenambt seÿen sie beÿde beÿ
251 2532 1243 2649 nacht an zweyen orthen eingebrochen, da
251 2582 1243 2696 an dem einten orth sie s Leiben Brodt
255 2648 1271 2758 und ancken und an dem anderen orth etliche
234 2720 1052 2819 Leiben Brodt und spfel genommen
259 2824 1267 2956 Widgumb an Freyen ambt oben für Mur
252 2902 1259 3028 seyen der Allenfridlin und er nächtlicher
264 2936 1264 3064 wyl an einem orth eingebrochen daselbsten
265 2994 1278 3123 sie ein Viertel kernen und einhalb viertel
252 3065 1249 3213 Mühli guht genommen, welches gewächt sie
252 3130 1270 3275 zu Merischwandt mahlen laßen und gesten.
1102 3273 1202 3373 10.
1318 726 1390 804 16
1311 951 1382 1049 Ni
2194 582 2328 671 07.
1450 664 2378 796 habe er spring Caspar Allein im Freyen
1442 750 2387 837 ambt nachts in einen keller gebrochen darinnen
1426 797 2358 911 ein liecht angezundet und l leiben brodts
1426 860 1645 961 enteendt.
1436 930 2371 1031 seyend der sogenandte Suppenschreiber
1442 988 2393 1096 Georg von Iegestorff sambt noch einem an¬
1420 1050 2364 1145 deren gesellen deßen namen ihme nit
1430 1100 2392 1212 bekannt zu Lutters khoften in einen speien
1428 1168 2364 1280 her gebrochen und darauß zwo ziechen
1430 1230 2401 1353 zwey Leinlachen und einiche Jeppenent
1431 1290 2374 1404 wendt, da in deßen er spring Caspar Bey
1423 1351 2196 1475 dem hauß schiltwacht gestanden
1436 1417 2352 1532 Von diesem diebstahl habe er für seinen
1444 1495 2018 1610 Antheil 20 bz. bekommen
1418 1590 2361 1708 So bekandte er auch, daß er zu Oberwyl
1450 1651 2379 1742 n eines Bauwren hauß einen böhrer ent
1437 1710 2355 1826 wendt, welchen er jetzgemelten beyden
1447 1765 2365 1885 dieben, so zu Lutterskhosten in speicher
1441 1839 2028 1938 gebrochen, darzu entlehrt
1473 1925 2386 2062 Es sagdt auch die procedur auß dem bugh
1447 1998 2348 2129 eggberg daß sie auß diesem speicher
1443 2060 2387 2190 40 biß in 50 thren werts genommen haben
1444 2168 1654 2249 sollen
1439 2196 2341 2340 Der außgestoßenen troüw wohrten
1446 2271 2353 2398 dann, ist er bekandtlich worden, daß
1443 2324 2379 2460 er zu dem schuemacher zwüschen beyden
1448 2399 2401 2501 Rambseren Geredt; er förchte keinen
1430 2464 2386 2602 Pro Vosen mit und wann ihm einer
1430 2519 2337 2680 etwas leidts zufüegte wolte er
1454 2590 2363 2722 demselben sein hauß verbronnen
1457 2646 2340 2782 und wann Er solches wider auf¬
1439 2705 2378 2871 Bauwen wurde wolte er daselbsten
1443 2789 2365 2936 an die thüren schreiben, daß soviel
1446 2844 2397 3004 Neüwe häuser er auß bauwen thäte
1452 2936 2363 3061 so viel wolte er ihm verbronnen.
1445 3000 2349 3146 Allein er bezeügete darbey daß Ers
1464 3044 2404 3190 nit so boß gemeint, dann ihm biß dahin
1457 3112 2327 3260 kein provoß nichts zu leidt gethan
2138 3218 2395 3314 endtlichen
