3024 4032
231 668 1225 797 Ich wolte daß du das geik eingseyt Märet, Sebos
229 743 1232 888 abe er nit gemeint noch gedenckt, daß er so übel fallen werde,
227 856 1247 972 Die vorgemelte Wort aber die der todtengräber haußlar gesagt
218 931 1249 1031 haben ihme leider sier zu Anreitzung geben. Es seye ihme Aber von
220 995 1249 1100 hertenleid, daß er solches gethan, bätte arch deßtwegen gott
217 1075 1261 1171 und eine soche oberkeit umb gnädige verzüchung, mit demichtigher
227 1147 1267 1248 bitt sich seines armsehligen zustandts znsonderheit, daß er Auch zu
221 1199 1228 1312 Weilen schwach und blöder simen seye gnädigst zu erbarmen.
200 1274 534 1387 Actum vorstahts
476 1382 1188 1527 7 tas examen mit vorge
551 1485 961 1576 maltem Pluß.
260 1521 1253 1682 Den 21 Septembrio 171 4: Hat Michhl rachts ser
200 1625 1282 1750 Siiner mit zuthun Möhl. Heimlicher Tilliers und H Großwitl
227 1700 1270 1824 Im Hooffs sich abermahlen in die gefangenschafft verfüegt umb
233 1768 1271 1884 zusehen, ober fluß zu dem waßer vormahls bekent, noch
250 1836 798 1958 mehrer umbstand sin zuthun wolle.
206 1921 1276 2055 Wurdt alßo von Mull eocaminatoren demselben vorgestelt
232 2011 1245 2105 waßmaßen er in letst gehaltenem cocamen gesagt, daß als
232 2074 1264 2205 der Habold die kellerstägen sinunder gefallen, habe er sich allso
241 2168 1236 2283 bald von dannen wegund seimb begeben, Warumb er doch dem
242 2235 1266 2361 Habald wie erdrunden gelegen, nit so viel christliche liebe erzeigt,
239 2322 1143 2438 daß er demselben zu sulscf kommen und ihnne aufgehaben.
174 2435 1276 2590 Antwort: Er habe nit gemeint, daß es so übel gangen els
241 2528 1291 2642 zu ermeßen seye auß dem, daß er nit zu weichen begehrt, sann
241 2603 1283 2728 seran nochselbigen abends, wie andere mahl auff die wachtgan
240 2692 1269 2812 gensunderst morndersts denn 22. augusti morgens umb
256 2767 735 2895 ihren uingezogen worden.
287 2871 1277 3010 Aber sie bevor mit dem Haboldetwaß streits oder jang g
141 2881 257 3000 scftagt
264 2960 328 3037 abt
274 2981 1282 3154 Nein sie seyend gutefreundt und gar wohlmit einanderenu
138 3011 244 3148 Anttu.
233 3092 1277 3222 friden gsein, auch in der liebe ohne saß in Keller gangen, dadan
240 3142 1267 3309 neben dem weinso er pluß bezahlt er an beyden orthen noch un
254 3273 787 3396 im halb baren brodt gekaufften
2218 596 2335 707 73.
1294 640 2346 800 kagt Ob de habend ism auff der kellenstagen it wollen
1377 726 2363 874 sattiren und gsagt fang mit andanmel  zwill die gern
1371 791 1647 910 ein salbe sahlind
1582 845 1723 933 wor.
1301 906 2315 1053 antei er komne sich deß en nit erinneren vndt suße mit darvon
1357 992 2402 1134 Nach demme auch sollgend sihme fluß seine dormahs gethaneben
1376 1082 2378 1202 landlauß von wohrt zu wohrt vorgelet worden, hat er dieselbem
1384 1160 2389 1270 allen iihrem ynhalt bestuchtiget, sjedoch den Runckten wegen des
1382 1229 2336 1356 Dem Habgld gegebenen Stoßehin mehrerem dahin erleütheret,
1384 1307 2392 1439 Daße alder den Habold Auf der kellertägen byi arin gefaßet
1394 1394 2391 1503 erumb gezogen und geschüttlet, habe der Habald so ged wasplet und
1397 1456 2405 1570 waß im sack suchen wollen und ald er ihm darauff ein stößlinge
1395 1516 2195 1643 sen so an die brust gangens seye er suunder gefallen
1385 1624 2403 1717 Vosarete Auch seß darauff, daß wellener Vluß dieselbe bezahlt,
1390 1709 2364 1815 sie mit einanderen getruncken seye der Habold schonvor ihm
1388 1769 2366 1865 Die kellerstägen sinauffgangen und allder sernach kommen seye
1376 1843 2395 1969 derselbe zu vorderst auf derstagen gestanden Achom vorstahlen
1412 2272 1477 2370 1
1621 2376 2020 2536 Beeyzigung.
1457 2488 2386 2655 er kundtschafften den 30. depember 172
1389 2637 2423 2796 Nachdemn ihr iuh Auß äuhrung daß mit en do
1402 2733 2412 2862 senenthaltenen sammel flußen verrichteten zweysen Cca¬
1395 2819 2396 2925 mlad ersehen, daß derselbe von seiner zu erst gethanen, mit
1423 2899 1640 2975 aufgeganmnen.
1395 2899 2422 3038 per inhormanon über einstimmenden bekandnußen
1402 2971 2426 3105 umb etwaß abgewichen, und darauff ihr gu. Nöhtigerach¬
1412 3057 2421 3200 set zu erheiterung der sachen muchen Rahtsseren digner und
1400 3134 2422 3301 Diro dieneren herren proßweilel si Hooffund den biht
1406 3233 2403 3380 schreiber vermag befelichs von 29. aujus aufgetragen
2239 3356 2310 3444 die
