3024 4032
607 569 902 687 11
254 621 1248 763 punkin feden solle. Wie nun
272 711 1252 831 er Bühler dar auff hin bey 20 oder
266 784 1258 900 25 stucklinen Abgeschlagen und ge¬
256 847 1245 955 gotten und aber gesehen, daß sel
251 919 1172 1042 lige so louscht und roht worden
253 988 1227 1107 habe Er den Stempfel sambt den
261 1055 1230 1172 stucklenen Kupfer dem Müller
265 1134 1245 1229 widerumb geben, Etwas Zeits dar¬
252 1194 1219 1299 nach habe der Vlli Müller ihme
261 1257 1243 1345 einen Lutzerner Batzen Stempfel
254 1322 1210 1451 gan thun bracht und gesagt er
258 1403 1221 1499 solle große halb batzen nemen
252 1469 1222 1578 und zu gantzebatzen schlagen, in
257 1541 1264 1658 Zwuschen habe er Buchler Gelt ge¬
251 1616 1261 1723 manglet, und den Müller ange¬
251 1690 1242 1799 sprochen Ihme zuliechen, da habe
251 1771 1241 1886 ihme der Müller etwas gelten
254 1845 1261 1949 gelichen, darfur wie auch fur den
253 1909 1271 2017 stempfel Er ihme eine Obligatia
255 1970 1223 2099 von 90 l machen müßen, da
255 2070 1206 2157 Er nun den Batzenstempfel auch
236 2123 1268 2228 probiert und mit dem vieldarauff ge
241 2195 1269 2288 schlagen, habe es nichts geben wollen,
235 2260 1275 2367 dann er ai ersten stnk das Or amn
259 2337 1245 2436 biel Abgeschlagen, darauff er dem
250 2398 1237 2507 Müller angesprochen Ihne Lehrnen
257 2454 1269 2573 Artz scheiden, so dorffe er deß Schlagens
256 2536 1275 2631 mit. Nachdeme nun der Müller seine
260 2590 1263 2713 90 fnge obligation bey zechen jahren
254 2668 1245 2782 hinder Ihme gehabt, habe er selbige
253 2753 1272 2853 verkaufft darauff die leuth so solche er¬
242 2816 1244 2935 handlet, ihne angefangen zu treibe
252 2887 1262 3001 Ddeßtloegen er den Müller, Als Er
257 2958 1251 3075 ihn am marit zu Thun angetroffen
262 3009 1269 3138 mächtig gescholten und ihme gedröut
248 3090 1275 3190 habe auch einen mann an ihne geschickt
252 3158 1219 3254 und ihme sagen laßen, daß er seie
261 3211 1234 3323 obligation wider herauß lösen und
238 3281 1251 3388 ihme einhäußigen solle. Worauf
1031 3365 1275 3475 hinet
1331 2428 1395 2521 D.
1322 2543 1384 2659 d.
1315 2883 1418 2982 R
2242 576 2369 672 23
1405 605 2423 745 hin der Ulli Müller selber zu ihme
1421 701 2412 794 kommen ihne gebetten zuschweigen
1423 754 2411 869 auch gelt geben und gesagt, er solle
1424 821 2405 911 die sach nur laßen außmachen
1414 872 2363 1002 Er wolle den Costen schon bezahlen,
1412 953 2418 1070 habe Ihme auch eine quittans in
1408 1009 2365 1112 die hand geben mit versprechen
1426 1065 2429 1187 innert Monatsfrist die Obligation
1425 1135 2391 1246 Bider herauß zulösen und Ihme
1422 1192 2400 1311 einzuhändigen, Als aber der
1407 1271 2428 1365 Müller seinem Versprechen nach die
1426 1329 2414 1446 obligation nit herauß gelöße und
1428 1390 2431 1501 mann ihn büchler wider angefangen
1425 1456 2406 1579 zutreiben, habe er zu Steffisburg
1421 1537 2438 1640 den Müller auff einfrisches gescholten
1436 1619 2457 1711 und gesagt daß wans ihme schon eid
1418 1693 2430 1779 Kopff Kosten solte, so wolle Er die sach
1433 1740 2446 1838 anzeigen, worauff der Muller ihne
1427 1807 2416 1910 mit koeienden Angen widrumb ge¬
1433 1880 2446 1970 betten zuschloeigen und ihme Aber¬
1438 1937 2442 2046 mahlen gelt geben, die sach auß¬
1424 1998 2421 2105 machen zelaßen, und mit dem h
1433 2072 2440 2182 Schultheiß abzeschaffen, so er Buchler
1439 2145 2417 2246 auch gethan, bald hernach habe der
1434 2210 2448 2314 Müller ihme die Obligation einge¬
1438 2272 2442 2382 händiget, darauff Er Ihme auch den
2202 2335 2244 2426 d
1439 2342 2199 2436 Bazenstempffel bider geben
1435 2414 2444 2515 Wie Lang er den ersten stempfel behalten
1440 2492 2383 2595 ihr er Ihn dem Muller woidergeben.
1417 2553 2433 2664 Er könne es so eigentlich nicht sagen, et¬
1439 2623 2428 2708 loann ein monat oder zween, dann so
1430 2696 2429 2799 bald er ihne probiert gehabt, habe er
1429 2752 2382 2850 ihn dem Muller wider zum Hauß
1422 2820 2124 2923 getragen und zugestelt.
1448 2886 2427 2996 Ob er dem Müller die Gschrifft ge¬
1423 2958 2391 3048 macht zu Lohn, daß er ihn lehre gelt
1424 3025 1672 3101 machen:
1426 3074 2410 3159 Als der Müller ihme den Stempfel
1417 3138 2368 3251 Eingehändiget, habe Er gesagt, Er
1433 3210 2367 3316 solle Ihme Jezund eine Geschrifft
1431 3285 2356 3377 machen, Er wolle Ihmr noch von
2248 3323 2454 3441 Zeittc
