3024 4032
583 548 1233 712 Mushgmonnen desomation
212 647 1257 841 Vber den durch Samnel Aluß Burgersisiger Statt an
171 769 1274 905 Rudolph Habold dem Sschießer Anch Bürgeren Allhier den 21.
190 840 895 963 aquotu a7a 4 begangenen todtschlag.
175 951 1278 1112 Nach dlemme dinstag nach mittags den 21. augustilusai
185 1032 1271 1156 Habeld der Schußer mit Sammel Pluß, sich in der r Shnaffnrin
193 1107 1279 1220 Sumer kaller an der Metzger Gaßen verfuegt, daselbstan ein al¬
199 1175 1282 1296 naß vein getruncken, nachwehrts aber im herauff johen außden
196 1246 1280 1374 fäller mit dem fluß in etwaß streits gerahten, gselbiger sonman
181 1335 1271 1452 durch den fluß ihmme gegobnan stoß kindersich die Keller stagen sinab
175 1401 1271 1525 Aufs Hanor Allso schwarlich gestürkz, daßer in wenig stunden sire
202 1481 1268 1602 an todts verblichen, deßt wegen dann auf gethane voranstalt
197 1558 1274 1698 der tluß Allsobald behändige und in gefangenschafft gesete sogen
188 1626 1273 1759 Aber durch hr Jul. Dienerehherren großweibel im Hooff un
187 1701 1282 1838 den grichschreiberen, diser leidigen that halben, die erforderliche
196 1789 1273 1899 information aufgenommen worden, Da dann nach vernambtete
206 1865 1288 1982 personnen, so auf ernstliches zusprechen bey guten treuwen zuzeigen
214 1938 1242 2074 bar die hergangenheit der sach volgenden bericht abgestattet.
184 2050 1286 2187 Und zeügete erstlichen Elisabath Saggi die Kellermags in ermalten
197 2123 1296 2258 fr Sumerann Keller esheyend der Habold und fluß mit einanderen
203 2197 1293 2315 . Keller kommen, nur habe der plußemn salbmaß wein von dem blhen
206 2262 1287 2376 värtigen gefordert und solche mit dem Habold im frieden getrunken
194 2333 1288 2464 Nachwehrts seyen sie beyde diestägen wder sinauffgangen, dasag
201 2420 1290 2545 so der pluß auf derstägen es habe der Habald hneinen schelmon
201 2484 1287 2599 geschalten, demme der Habold zur antwort geben, dlein ermeint
202 2558 1265 2681 as nicht also, sondern wann dises ein anderer zn ihm sagte, dls
211 2633 1254 2773 so gewiß ware er ein schelmi, darauff der Habold die handaus
204 2694 1266 2842 deß plüßenacheln legend weitters sagte Co Sammel fang sch
201 2773 1279 2908 frey nichts an, der pluß aberreplicierten, du hast mir schelm gesagt,
213 2855 1276 2994 In dem nun sie die Kellermags sich ein wennig umbgekehrt, seyn der
215 2918 1286 3074 Habald die Kallerstegen sinunder und über ein kind getrobet, auf
206 3022 1273 3150 Dem todtengräber Hanseler, den zut ab dem kopff geschlagen,
216 3070 1274 3226 habe also nit gesehen war den Habals gestoßen Ihres bedunke
218 3151 1276 3302 seye weder der einte noch der andere truncken gseyn und seigen
214 3272 876 3390 in disem Kaller nur einhalbe gehabt,
2263 604 2386 724 17.
1340 650 2410 827 Lubwrigettersagte, daß als der Pliß uns Habel mit
1342 768 2420 898 einandern die Kallerstägen wider sin auffgegangen, habe der flüß
1356 843 2450 968 zu dem Habald gesagt, du ast mich in shelmn geheißen, der Han
1342 907 2442 1039 Sold abersagte dlein er verstehr es nicht so, sonderen mannes ein andre
1351 981 2452 1118 er redte, so wollte er sagen er wäre ein schelm, er fluß solle nichts an
1343 1051 2426 1193 fangen, eher Wolle er ein salbe kauffen, in dem habe der pluß dem
1356 1126 2446 1249 Habeld einen stoß geben und ihme darmit frey umbgekehrt, so daß der
1351 1211 2408 1321 Aabold darvon den Keller sininder über ein kind gefallen, auch
1351 1268 1869 1394 über und über sich getrollet seye.
1366 1364 2411 1531 Daniu Gott Haugele ein Gleichen und lagters habe der Habeld
1360 1493 2419 1605 zu dem fluß gesagt, er solle kein unglück anfangen, er wolle gern
1351 1542 2428 1678 ein salbe kauffen, darauf abe er gegeng geschen, daß der fluß dem
1354 1623 2450 1760 habald einen stoß auf die brust geben, daß er dar von den Kebler sin¬
1356 1693 1976 1822 under uber und vber sich getrollet, seye
1344 1804 2436 1946 M HJacob Haußler der Todtengraben sagte, daß Aldermit dem
1357 1890 2425 2012 samsnfager Gragger sich in dem keller befunden seyend der pluß und
1357 1963 2436 2075 Habold mit einandern in kaller kommen und eine halbe getruncken, herr
1364 2036 2436 2153 nach widerumb die stägen sinauf gangen, da habe der pluß gesagt, ob
1366 2112 2425 2227 Habold rRede, daß er ein schelmseye und ob daß der dank, daßer
1370 2187 2433 2323 hine ein halbe halt, der sabals abersagte ersolle nichts anfangen, In
1367 2263 2419 2381 dem seye der Habold haubtligen und mit gwalt sumnter getrohlet,
1367 2336 2438 2466 ver ihn aber gestoßen, habe er gezeug nit gesehen, darauf bemands
1366 2408 2420 2534 in Käller gesagt, dehet der schlim stell sat ihm einen stoßen geben und
1354 2470 2443 2615 auff Iethz dar von, Auch seye der Pluß acesobald darvon geloffen,
1357 2562 2441 2694 solchem nach habe ein schneyderin den Habold Welcher alle viere von sich
1350 2636 2452 2773 gestreckt ein Weng auffgehabt, da danner gezang geschen, daß Auf
1368 2722 1683 2839 nnder ihm gelegen.
1355 2816 2434 2957 Deats Luswig Huß ein steinhanwersagt, daß erund seyn
1360 2904 2436 3022 Amaradim Kelleres abend geßen, da seyend der Habold und fluße
1356 2972 2420 3094 daher kommen und ein salbe getruncken, nachwehets mit einanderen
1347 3044 2441 3167 dcopuliert, waß aber die ursach und wort sseynseyen wüßeer gezug
1357 3127 2440 3229 nit und habe in so weit nit darauf achtung geben, sin dem habeer gesehen
1339 3188 2442 3319 daß der fluß dem Habold einen zimmlichen stoß mit der hand an die bsel
1350 3267 2427 3394 geben, so daß er darvon 7 tritten an der Kaller Stagen sinunder
1358 3369 1536 3473 gefallen.
