3024 4032
288 3046 339 3111 1.
282 3231 324 3302 2
292 2054 332 2132 4
278 602 371 687 182
374 622 1291 760 zugrichens und stählens zu underschien
385 713 1290 824 denlichen mahlen in verhafft und ober
380 786 1308 921 keitliche band gerohhen auch es schilte
653 849 711 897 und
369 839 1295 967 zum dortten, der hofes zum anderen
372 910 1314 1032 mahl allhier ins Schallenberck geschmidet
364 998 1241 1078 worden, so habend sie denoch solche
362 1054 1274 1169 gnädige stras und züchtigung ihnen
359 1143 1284 1245 zu keiner wahrnung noch beßerung
369 1215 1260 1312 dienen lassen, sondern in einen voeg
367 1267 1185 1362 mit rauben und stählen wer auch
366 1335 1305 1426 anderen boshafften verbrechen fortge¬
371 1400 1282 1503 fahren, ja deß Bäbi schelt sich endtlichen
378 1464 1238 1585 aich deß faltschmintzens theilhäfstig
357 1525 1289 1642 gemacht, so daß es von dem drundten
354 1605 1311 1730 Hr Landtshuet mit dem strangen hin¬
371 1682 1311 1810 gerichteten dieben und faltschmeitzer
353 1782 1302 1888 Hans Linder, sonst gufer genant als ein
367 1848 1321 1947 complice deß stählens und faltschmentens
1191 1912 1236 1956 4
720 1924 777 1970 dann
374 1931 1320 2030 er Geörg Hoser sallein deß stahlens ange-
362 2005 979 2090 hen und beklaget worden
356 2060 1259 2146 von dem scheltli aber auch deß faltschmüntzerestc
370 2108 1315 2228 zeroligen auf gethane hoch oberkeiten.
383 2199 1302 2301 vranstaltung selbige behändiget in
376 2260 1289 2396 illhiesige gefangenschafft gesetzt, undt
373 2353 1266 2479 daselbsten zu verschiedenen mahlen,
361 2457 1322 2554 so wohl güet, als peinlich ihrer begangenen
374 2519 1298 2620 vielen diebstahlen und antheilhabung
365 2585 1320 2682 deß faltschee müntzens examiniert, und
370 2673 1338 2782 aehlvrgaebsent sangrande brachen
369 2755 1322 2862 nach folgende bekandtnuß und vergicht
369 2850 1089 2950 von ihnen erhalten worden.
350 2914 1286 3052 undt zwar so viel das Bäbi schëlt betrifft,
391 3026 1320 3131 daß es zu Wittikofer eingebrochen und
374 3076 1329 3208 underschiedenlichen Leinloaad und bleider
371 3180 622 3259 entberidt,
373 3190 1292 3327 Einer traulen hinder Trub glb garn
373 3262 1334 3353 entragen, verkaufft und das gelt behalten,
1422 2267 1464 2322 8
1412 2633 1471 2712 9.
1415 2921 1476 2996 10
1423 1219 1490 1305 5
1431 1502 1473 1581 6
1435 650 1510 736 3.
1443 883 1485 967 4
2377 617 2453 707 183
1550 630 2327 743 ieier anderen fraulom aus den
1533 693 2451 814 tlaarer graben auch underschiedenkichen
1523 765 2402 863 Heirlaad und kleider sambt 20 bz in gelt
1529 830 2441 959 dem Peter mosiman von Rneggen sach
1523 922 2441 992 seinem meister, als es deß nachts hinlorg
1513 980 2453 1096 geloßen habe er eine guettuchenes vullhombt
1519 1059 2441 1148 etwelche Jupgen und nrben noch anderen
1518 1117 2424 1223 kleideren bey 16 z an galt genommen.
1524 1196 2434 1323 bey elsboht Kilchhofer zu Trachselwaldt
1523 1281 2433 1379 sich faltschlieh fürr die tochter der siberer
1517 1351 2427 1449 baurm ausgeben ein pahr trumpf
1523 1405 2249 1503 abentlehnt und behalten, undt in
1507 1478 2293 1594 Hans Zubachs haus daselbsten, da
1529 1563 2236 1660 bernachtet ein Schurtz gestohlen
1511 1641 2438 1738 Dem Peter Ursenbacher auf dem Feyer
1526 1732 2430 1844 einem meister deß nachts wüßentlich
1523 1810 2422 1897 m diebeir ins haus gelassen mndt
1514 1887 2442 1977 versteckt, welche ihme unterschertenliche
1512 1935 2454 2033 kheider sambt anderen sachen undetwos
1521 2003 2460 2101 weniigs an gelt entbendt, so ihme schiltli
1521 2062 2421 2158 mich antheil ain diebstahl zugeben ver¬
1515 2152 1705 2228 sProchen
1707 2171 1737 2216 3
1524 2212 2434 2359 Als es einmahls deß Schallenbercke
1524 2327 2434 2403 entlassen worden, habe es morndrrst
1775 2375 1934 2437 e
1511 2375 2451 2494 zu H�ßli bey Birgdorß etwrliche bleiter
1514 2483 2454 2577 genomen, und ob dem diebstahl ergorsen
1515 2535 1683 2603 worden
1496 2583 2427 2709 habe es antheil gehabt an jenigem dieb¬
1512 2685 2412 2796 stahl, so der güser und dochtmutzger zu
1502 2771 2353 2867 aßligen ohnbeit kilchberg begangen
1512 2839 2232 2939 und darvon im Thaler bekomen
1523 2917 2450 3009 in eiem dors genant ohrtvostenist es
1508 2987 2431 3088 darbey gsin als der guher nachts einen
1511 3045 2459 3139 spricher geößeret und ein besi sambtandere
1510 3105 2427 3196 sachen daraus entbendt, welches veßi es
1507 3172 2058 3262 Zū Solnthwon Verkaūft.
