3024 4032
278 666 1231 796 Endtlichen ist er auch geständig gele
294 756 1247 872 den daß der so genandte Brugger Metz
293 807 1227 922 ger sein schwäger seye, und daß er von
297 871 1245 984 den Leüthen gehördt, daß derselbe solle
289 936 1254 1052 Das wührtshauß bey der sage ohnweit
294 995 1266 1108 Zoßingen angesteckt haben betheürete
296 1052 1248 1175 aber, daß er mit demselben niemahl
289 1127 1232 1241 kein gemeindtschafft, noch umb die
287 1201 1244 1302 Ansteikung gedachten wührtshaußes
306 1263 1052 1379 einiche wüßenschafft gehabt.
295 1384 1226 1525 Ebvollen nun meh Cocami
311 1490 1215 1590 natoren allwegen ernstlich an ihne
305 1549 1184 1647 gesetzet und getrachtet ein mehrers
304 1606 1254 1706 sonderlich über jüngst eingelangdtes
313 1690 1223 1770 Schreiben von Lobl Standt Zürich: von
288 1734 1226 1855 ihme harauß zubringen, so beharrete
298 1790 1213 1915 er dennoch vor und an der marter
295 1864 1180 1956 steiß und vest, daß er in seiner ge
297 1931 1235 2051 thanen bekandtnuß alles das jenige
299 1996 1236 2116 angezeigt und bekennt, waß er ich
290 2068 770 2175 mahls begangen.
293 2160 1240 2293 Dieses ist also das jenige waß auß
294 2243 1200 2356 die sei gefangenen gebracht worden
283 2318 770 2433 Actum vorstaht
674 2382 845 2477 B
1478 631 2268 782 Aspartrings
1500 719 2379 874 von Stestis Burg. Triminat
1651 811 1934 936 process.
1379 959 2400 1105 E hatt Jehrer Weltweye Mann
1475 1056 2402 1172 sehr wohl gesagdt die hoffnung un¬
1288 1095 1435 1191 po i oas.
1430 1121 2396 1244 gestrafft durch zukommen ist einen
1286 1166 1420 1238 p Milon.
1419 1197 2378 1339 heftige arireitzurig zur goßheit.
1420 1273 2378 1390 dann gleichwie das feüwr, so nit geläschen
1419 1327 2358 1435 wirdt, im̅er weiter umb sich frißet undt
1422 1388 2343 1528 wütet, Also thut die goßheit deren
1429 1454 2355 1574 nit bey zeiten Widerstanden wirdt, auch
1425 1528 2383 1633 immerdar zu nemmen und größer werden
1409 1582 2399 1726 gestalten die tägliche erfahrung sonder
1434 1640 2391 1778 lich bey jetzigen verderbten Weldtlauffen
1411 1711 2371 1827 unßmehr dann gnugsamblehret, daß
1412 1771 2357 1902 viel Menschen, und under denselben
1431 1836 2314 1958 sonderlich die jenigen, so durch höchst¬
1426 1918 2358 2017 sträfflichen diebstahl ihren Nebend¬
1428 1972 2362 2095 Menschen des seinigen Berauben, der
1426 2028 2341 2176 Hoffnung geleben. daß wann sie
1440 2085 2373 2236 ihre Casterhafften thaten in den finste
1448 2163 2335 2307 ren Schatten der Nacht Verüben, und
1432 2231 2348 2364 den menschlichen Angen entziechen
1440 2286 2398 2424 können, sie alsdann schon ungestrafft
1446 2351 2400 2501 durchkommen werden. Wie offt aber
1446 2415 2376 2562 dergleichen Diebische Menschen in dieser
1450 2482 2371 2613 eingebildeten höffnung sich betrogen
1445 2534 2412 2689 und wie offt selbige entlichen, auff eint
1452 2614 2425 2738 oder andere weis ein trauwriges Endt
1447 2666 2396 2809 genommen haben; bezeugen die vielen
1442 2712 2406 2876 Exempet, so aller örthen hin und wider
1451 2791 2410 2934 anzutreffen; Aller anderen beweis¬
1448 2874 2359 3020 thumben aber auf dißmahlen zuge¬
1455 2924 2365 3077 schweigen, So haben wir grad auch
1470 2964 2430 3126 auff diesen heütigen tag in jetzlauffender
1446 3030 2369 3188 stundt ein traüwriges beyspihl undt
2134 3152 2403 3262 Eeempel
