3024 4032
284 2250 333 2345 8.
306 979 353 1084 7.
318 676 359 783 6
387 623 1238 776 In Hanns Vrbachs Haus, zu Trachsel
370 733 1186 857 Wald alewo es übernachtet, habe es
375 818 806 945 ein schnez genommen.
369 929 1216 1058 Ao e6 d. 4711 zu Peter Ursorbacher
361 997 1187 1149 Johonman Auf dem Weyer für ein magd
364 1076 1210 1220 gebenget und bey 8 tagen in diensten
368 1139 1239 1266 gewesen habe es geloußt und zugeloßen.
376 1223 1211 1341 daß des Huetmachers Ursis schwester
364 1282 1217 1407 sich von Stehlers weger nachts in gedachte
358 1357 1241 1499 sinos dstrs haus versteket daselbston
377 1441 1259 1567 önschldarher rock 3 juppon 9. paar Schue
371 1517 1252 1646 4. Jaar Storeropff 4 Freetenher d Halß
368 1599 1275 1726 Auch d. seidere Hans Scherer d kußziehen
358 1667 1151 1794 und etliche bahrn in vellt ontgendt
339 1743 1236 1896 Diser dieben so ihme Babi schellt versprochen
381 1842 1187 1960 ein krauchthall gewarten und getheill
357 1912 1241 2033 von diebstahl zugeben, seye es des morgens
340 1988 1232 2116 Darouff nachgangen, aber selbige nicht
377 2083 951 2204 michs geetreffen konnen.
388 2195 1249 2353 Als vorgedachtes hutmacher Ueßi mit
382 2304 1190 2435 ihmo Babi schillt bey der Barbara
364 2370 1244 2500 Glauser in der Leinaron bey hochstallen
376 2451 1203 2578 übernachtet, habe das huetmacher
376 2539 1194 2673 Urßi gedoüter Glanserin nachts
386 2619 1194 2761 ein ehrigen haffen 7 anlegenon
385 2711 1248 2820 Als 3 röck 4 jüppen 2 Wullhernli
385 2768 1256 2921 1. paar hosen und schert 2 brusttücher
381 2860 1202 3004 3. sambder 1. vaar Schue und 6 lb.
389 2977 1218 3107 fl�chßigs garn gmomen, nachwehrts
382 3038 1221 3196 ihne wabi schille aufgebockt, welches
349 3154 1223 3279 gang sy mit einandern weggetrogen.
1045 3282 1228 3424 habe etc.
1406 1762 1469 1835 10
1410 2186 1469 2262 d1
1341 2237 1465 2335 ligen
1409 2749 1477 2848 12
1437 662 1501 759 9.
1505 619 2317 757 Habers Bali schillt mit dem khüger
1507 714 2359 827 Ulli Pieri im Frühling a 17 da in einer
1501 787 2328 884 Schüren auf dem stalden by bern zwey
1496 851 2331 956 mahl 5 kl Hurerey getriben, darvon
1493 901 2352 1049 es schwanger worden und ein unehrlich
1469 986 2358 1105 kindt gebohren, welches kindtes nach
1484 1061 2343 1180 wahrts arnem Warn nach geren seiner
1467 1131 2350 1245 Meildor zubringen übergeben, der aber
1474 1211 2319 1335 solchesohne sein babi schills wüßen
1500 1275 2349 1408 fnd befelch exponiert und in arnem
1473 1364 2315 1490 Wald waer laßern von deßfloegen es
1487 1450 2333 1570 zum anderen mahl und zwar ein halb
1493 1519 2313 1640 jahr lang im Schallerwerck gewesen
1478 1592 2364 1724 und darauff wider woß geloßen worden.
1534 1693 2362 1849 sege es Babi schillt abs es zu Haßli
1502 1810 2349 1938 wey Bierddorff i paar Hosen und etwelch
1500 1888 2355 2013 anders zeug genomen, ob dem diebstahl
1500 1961 2337 2087 ergriffen und zum drilden mahl ins
1506 2032 2286 2155 Schallenwerck geschreidet worden.
1527 2138 2373 2297 als der güffer und roht mezger zu
1517 2252 2406 2367 Asplingen ohnleit kilchberg auß einem
1506 2306 2350 2438 speicher 5 jupgen gmomen, habind sy
1497 2390 2352 2513 solche an morgen ihrerr schiltli und babe
1488 2468 2358 2586 zahnd zugebracht, darvon es eine jüse
1509 2532 2358 2669 bekommen und selbige zu weinigen umb
1494 2616 2174 2746 d. th verkaufft.
1505 2715 2429 2855 In einem dorff genant Ohetkasten under
1506 2816 2397 2941 har Weinnigon allda der Gufer das zahnd
1500 2889 2343 3017 Gabi und es schilltli auf eir huhni
1506 2959 2366 3093 übernachtet, seye es darbey gsyn als der
1508 3044 2375 3163 Hüfer nachts einen speicher geöffnet
1474 3107 2361 3242 Darauß einpaar hösen i koßi 1 degen
1500 3196 2337 3318 und i wullhaubd genommen das keßi
1520 3271 2363 3390 habe es schultli zu Solothurn das eo 16 bz.
1498 3340 1768 3445 Vorkaūfft
2348 631 2396 712 14
