3024 4032
423 600 1215 734 Aufgenomene Information
315 679 1274 803 wegen Hansi Gfellers von Stümpliz
294 744 1251 873 Verubtm bestialischen sunden fahl.
293 834 1295 975 Diebeilen Ulli Schärten und Michael Bueren
308 920 1294 1027 beyd von Nider wangen und deß gerichts zu Stum
318 973 1291 1080 it ohnleit von dem ohrt, da Hansi Gfeller ein
312 1039 1282 1144 Uingänger von Stumplitz in die erschröfliche sund
305 1100 1284 1192 der bestialitet gefallen und selbe mit einem schaf
318 1158 1308 1254 Den 15. septembris 1720 verubt vorbey gangen und die that
314 1220 1314 1313 von fehrne gesechen haben sollen. sind diehere männee
302 1284 1299 1374 von Mitthl Großweybel und herren grichtschreiberen nach
310 1327 1309 1436 ihr guder beselch bescheiden und in ihren declaration
315 1382 762 1468 nen verkommen worden.
525 1421 1242 1527 Utli Schären von Niderwangen.
305 1499 1282 1617 zengete an einem montag vor etwas zeits seye er
321 1559 1300 1662 und sein nachbahr von Oberwangen her naher sumpf
319 1610 1291 1714 liz angricht gangen, neben deß bendich michels
312 1663 1286 1763 Kuppelen schaaff vorbey und etloen ein schriben schu
321 1725 1299 1806 eit darvon, da habind sie gesehen, daß ein schaaf von den
323 1775 1300 1867 nen anderen abgesonderet ware anbey beobachtet, daß
318 1833 1309 1931 ein gesell bey demselben schaaß sich aufhaltete und von
311 1888 1300 1991 hinden auf ihme lage und daßelbe mit beyden Han-
328 1953 1314 2035 den halteke, darang sie zusamen gesagt, es gange nntrecht
324 2000 1299 2096 zu mit dieser sach, styen also gegen dem kerljangen
317 2056 1281 2153 gen, welcher vlleicht sie gewahret das schaaf laußen
323 2116 1300 2210 ließe und sich zu boden legte, als banner todware, da er
322 2164 1295 2249 nun sahr, daß sie auf ihne loot fauren stuhnder auf
331 2217 1289 2312 und ließe darvon, sie die bey de männer ließen ihme
336 2275 1311 2363 nach und ergrißfen ihne fragten, has er mit dem schan
335 2325 1292 2414 gethan. Darauf er geantwortet, er habe ihme einen
329 2374 1286 2465 dorn wollen aus dem fußziehen, hingegen sagten die
323 2426 1298 2509 zu ihnee du leker Du loirst erkordere etlas schlimme
342 2469 1301 2566 mit dem schaaf gethan haben oder hast es thun wollen.
328 2523 1299 2627 darauf er gesagt, ja, Er habe es gethan, aber sonsten
336 2594 1314 2680 noch niemahlen, wolle es auch nit mehr thun, sie sollen
347 2641 895 2733 nur niemanden nichts sagen.
332 2680 1296 2794 Michael Burgen hat obstehende außaag durch aus
344 2756 1311 2855 bestätiget und stimmete mit derselben vollkommen berein
353 2817 784 2911 Actum d. novembris 1720.
711 2861 1284 2988 Gridtschreiberey Bern
1598 519 2088 650 Frstes oamen
2264 597 2348 690 153
1433 645 2237 802 Hans Bfellers eines mngangers
1468 736 2237 876 und ledigen gsellen von Sumpliz.
1387 840 2356 1001 Nachdemmen dieser elende mensch den 16. diß
1418 940 2366 1062 lanßenden monats als erin Bendid mitzels zu
1417 992 2338 1125 Stumplihz so gemannten haußlimatten der sih frs
1416 1045 2384 1163 Schbeinr und schaaffen gehüfet, sich leider so weitvere
1429 1101 2357 1213 gesrern, daß er der erschröklichen that der bestialitet
1425 1143 2382 1266 sich theilhafft gemacht; Ist selbiger darauf von dere
1440 1217 2392 1330 Heerschaffts herren zu Bumpliz alsobald eingezogen
1436 1250 2387 1380 enaminiers und weilen er der that bekanntlich samt seiner
1397 1312 2383 1433 vergicht zu oberkeitlichen banden gewahrsamlich allhar
1432 1373 2383 1493 gesendt, solchene nach zu gebührender folg leißung ihr
1434 1430 2404 1543 Dnl befelchs vom 17. dito durch dero dienere mlahl
1443 1494 2401 1602 großweibel und grichtschreibeen darüber nochmahle
1433 1559 2406 1658 examiniert und folgende freywillige bekanntnuß von
1445 1622 1877 1714 ihme erhalten worden.
1382 1667 2316 1801 bhragf. wie er heiße von wannen und bie alt er seyn.
1373 1759 2388 1862 Anth heiße Hans Gfeller von Stümpliz seines alters bey
1452 1844 1625 1927 18 jahren
1391 1890 1976 1987 e ob er seine elteren noch habe.
1391 1950 2418 2029 R Nein seine elteren seyen gestorben und er sey ein nun
1455 2020 1577 2102 gnger.
1390 2060 2112 2158 d bey beier sich zu letst aufgehalten.
1400 2115 2289 2221 R bey sendicht michel einem bauren zu Stumplih.
1408 2178 2089 2283 R. was er alles bey den Bauren gemacht.
1409 2241 2014 2343 Rh. habe Schaaf und schlrin gehüret.
1400 2290 2307 2399 een. was er mit den schaaßen gemacht und angestelt
1403 2356 2050 2444 Rh habe hollen machen, wie die wider
1409 2403 2254 2514 ob er nit wuße, daß es eine sch wäre sund seÿ.
1414 2472 1569 2552 R Wohl
1404 2525 2289 2632 den wer ihme gesagt, daß es eie sch währe sund seye.
1412 2577 2429 2695 rn wuße es nit bätte umverzeihung, wolle es nit mehr thun
1442 2649 2210 2744 seye ihme leid, habe sonst nichts üebels gethan
1408 2705 1997 2808 2. ob er die leidige that vollbracht.
1414 2754 1545 2836 . Ja.
1417 2806 1763 2910 wie erb gemacht.
1417 2858 2417 2972 R habe mit der einten hand das schaaß beim hinderen brin mu
1463 2922 2439 3032 mit der anderen bey der wollen etwas hoch gehalten, hernach sein
1457 2979 2426 3090 glid ein wenig(seiner saag nachsetlann eim zoll hinringen
1451 3040 2421 3144 stoßen, aber alsobald wider heraußgezogen, weilen die männer
1475 3096 1664 3165 daher kommen.
1410 3133 1806 3228 R. wo er solches verübt:
1414 3162 2417 3280 h In Benz Michels haußlimatt auf der brach, da er zuvor gehan
1474 3228 2427 3334 ket und wann sein meister ihne auch hattt heimgenommen zu
2281 3276 2417 3356 amms etc.
2376 631 2418 687 3
2397 1251 2446 1321 d
2414 1630 2449 1678 2
