3024 4032
251 596 1212 747 daß er dem Brchter Auch seinen
254 710 1264 822 Obligation ohne eitgelt widerūm
239 772 1269 879 zur handstellen wolle, Als er aber
242 836 1258 948 die Obligation nicht so bald wider
239 898 1242 1027 rub zur hand bringen, und dem
264 960 1251 1072 buchler zustellen konnen, habe der¬
242 1046 1260 1140 selbe Ihne widerumb auff ein Neü¬
263 1105 1252 1226 wes gescholten, und getraubt die sach
238 1197 1204 1300 auß zubringen, von deßloegen er
240 1251 1237 1367 ihme abermahlen einstuck gelt
238 1307 1243 1443 sambt seiner Obligation geben,
216 1418 1261 1509 daß er schweige und die sach außmache,
234 1459 1257 1581 Also daß er in beiden mahlen dem
205 1540 1246 1638 Buhler(Ohne die 30 l. so er ihme
247 1629 1236 1718 entlehnt; noch 32 thrl: und also
235 1665 1002 1798 in allem 67. k. Geber
251 1763 1249 1887 Denne und fürs andere bekennte
245 1839 1269 1937 er müller daß er obgedachte beide
233 1895 1222 2021 stempfel so er dem Caspar Buchler
239 1975 1264 2074 gegeben, selbsten gemacht und ge¬
226 2034 1242 2152 stochen, und bey Inhändigung deß
238 2112 1243 2229 letsteren zu dem Buchler gesagt
239 2179 1258 2268 er solle große halb batzen auff¬
236 2243 1248 2368 wechßlen und den Batzen schlagen
225 2353 1249 2505 Drittens haben Er auch dem Hanß
229 2451 1264 2560 Leemann einen Lmerner-Batzen
238 2534 1278 2630 stempffel gemacht, und zwar den Obe¬
177 2577 1261 2707 ren theil darinnen der schilt laare, habe
254 2659 1235 2762 er gantz aber an dem underen
255 2741 1206 2853 theil mir das Crautz gestochen,
241 2792 1274 2914 mit Betheurung daß er den anderen
246 2867 1287 2980 stempfel, an demme noch die Luchstaben
257 2938 1287 3057 gemanglet, seithero Niemahlen auß¬
241 3009 1271 3132 gemacht, noch verners etwas daran
829 3075 1260 3198 welches dann so
247 3105 591 3195 Gearbeitet
237 3147 1257 3275 wohl durch ihne müller, als auch
231 3213 1242 3304 Den Hanß Weinann an der Martes
249 3285 1245 3410 bestähliget und erhalten worden
1003 3361 1296 3512 Vierteih
1292 646 1361 747 1
2207 572 2367 690 5
1360 573 2355 738 viertens, daß er und der Stiffel¬
1381 685 2357 808 macher Hauß Leemann vor Ihn
1379 746 2374 855 gefehrt in oder 12 Jahren in einen
1373 806 2339 904 Bald der Schuppach graben genant
1372 864 2354 971 haben geltmachen wollen und zu
1367 915 2373 1028 dem End, Ertz kupffer, Mösch-und
1949 990 2225 1049 in einem tigel
1369 987 2314 1116 zum under ein ander geschmeltz
1376 1067 2355 1198 Volgends in eine Perne Hießfläsch
1367 1131 2374 1253 gegoßen und darauß 6 halb Guld
1364 1197 2366 1330 gemacht, die Aberso Wüscht auß
1367 1285 2366 1416 gesehen, daß sie kein mentich genom¬
1382 1368 2309 1477 men hätte derowegen die selbige
1382 1436 2339 1563 wider ein gaschmeltzt, dieses nun
1378 1521 2331 1641 im Schūppach Graben seye das ein
1379 1578 2337 1695 itzige mahl, daß er müller under
1385 1657 2306 1756 standen gelt zumachen, dann
1383 1725 2343 1848 außert diesem habe er sein lebtag
1375 1805 2330 1937 kein Gelt weder helffen machen
1381 1895 2328 2002 nochselbsten gemacht, werde auch
1384 1958 2342 2059 kein Mentich mit wahrheit Jagen
1395 2033 2347 2146 können, daß er Jemahlen einiche
1385 2098 2371 2211 faltsche muntz, waß gattung es zier
1397 2176 2356 2281 seyn möchte außgeben; habe auch
1392 2256 2367 2362 mit keinen faltschen Muntzeren Je¬
1384 2317 2356 2435 mahlen einiche gmeindschafft gehabt
1383 2443 2409 2569 Dahte darauff mit keinenden Augen
1395 2525 2356 2623 gott und eine hoche oberkeit wegen
1384 2589 2371 2709 dieser seiner begangenen Großen
1381 2655 2353 2775 fährern demüthigst umb gnad
1387 2733 2374 2855 und verzeichung und in betracht¬
1403 2798 2371 2910 ung seiner armen 6 unersagnen
1391 2869 2404 2989 Kinderen, darvon daß elteste mir
1399 2943 2368 3050 13 jahr alt und darzu mit der
1389 3010 2406 3124 hinfallenden Sucht behafftet, vmb
1396 3093 2087 3211 eine gnädige Vrtheil
2391 864 2454 955 1
2387 1655 2436 1720 e
2399 1925 2438 2005 1.
2408 2558 2437 2622 9
