<?xml version="1.0" encoding="UTF-8" standalone="yes"?>
<PcGts xmlns="http://schema.primaresearch.org/PAGE/gts/pagecontent/2013-07-15" xmlns:xsi="http://www.w3.org/2001/XMLSchema-instance" xsi:schemaLocation="http://schema.primaresearch.org/PAGE/gts/pagecontent/2013-07-15 http://schema.primaresearch.org/PAGE/gts/pagecontent/2013-07-15/pagecontent.xsd">
    <Metadata>
        <Creator>prov=University of Rostock/Institute of Mathematics/CITlab|PLANET AI GmbH/Gundram Leifert/gundram.leifert@planet-ai.de:name=German_Kurrent_XVI-XVIII_M1(htr_id=19584)::::v=2.6.7
prov=University of Rostock/Institute of Mathematics/CITlab|PLANET AI GmbH/Tobias Gruening/tobias.gruening@planet-ai.de:name=de.uros.citlab.module.baseline2polygon.B2PSeamMultiOriented:v=2.6.7
prov=University of Rostock/Institute of Mathematics/CITlab|PLANET AI GmbH/Tobias Gruening/tobias.gruening@planet-ai.de:name=/net_tf/LA73_249_0mod360.pb:de.uros.citlab.segmentation.CITlab_LA_ML:v=2.6.7
Transkribus</Creator>
        <Created>2021-03-11T14:07:46.934+01:00</Created>
        <LastChange>2022-09-12T15:07:07.059+02:00</LastChange>
        <TranskribusMetadata docId="1334842" pageId="52361680" pageNr="8" tsid="114643469" status="IN_PROGRESS" userId="9570" imgUrl="https://files.transkribus.eu/Get?id=IRIAHTCKXXWKQIRREBWSCNPL&amp;fileType=view" xmlUrl="https://files.transkribus.eu/Get?id=BXSTCHNQDUJTPNNTGPKZCERI" imageId="19038841"/>
    </Metadata>
    <Page imageFilename="IMG_9089.jpg" imageWidth="3024" imageHeight="4032">
        <ReadingOrder>
            <OrderedGroup id="ro_1687513670107" caption="Regions reading order">
                <RegionRefIndexed index="0" regionRef="r1"/>
                <RegionRefIndexed index="1" regionRef="r2"/>
                <RegionRefIndexed index="2" regionRef="r3"/>
                <RegionRefIndexed index="3" regionRef="r4"/>
                <RegionRefIndexed index="4" regionRef="r5"/>
                <RegionRefIndexed index="5" regionRef="r6"/>
                <RegionRefIndexed index="6" regionRef="r7"/>
                <RegionRefIndexed index="7" regionRef="r8"/>
                <RegionRefIndexed index="8" regionRef="r9"/>
            </OrderedGroup>
        </ReadingOrder>
        <TextRegion orientation="0.0" id="r1" custom="readingOrder {index:0;}">
            <Coords points="185,1571 185,1721 218,1721 218,1571"/>
            <TextLine id="r1l1" custom="readingOrder {index:0;}">
                <Coords points="179,1680 188,1681 202,1694 211,1694 213,1691 225,1694 225,1616 217,1615 211,1618 202,1610 198,1614 193,1611 185,1616 179,1616"/>
                <Baseline points="185,1671 218,1671"/>
                <TextEquiv>
                    <Unicode>3</Unicode>
                </TextEquiv>
            </TextLine>
            <TextEquiv>
                <Unicode>3</Unicode>
            </TextEquiv>
        </TextRegion>
        <TextRegion orientation="0.0" id="r2" custom="readingOrder {index:1;}">
            <Coords points="194,2870 194,3026 209,3026 209,2870"/>
            <TextLine id="r2l1" custom="readingOrder {index:0;}">
                <Coords points="186,2971 196,2975 202,2972 215,2977 242,2913 236,2910 227,2914 224,2912 218,2913 218,2911 212,2909"/>
                <Baseline points="194,2970 209,2976"/>
                <TextEquiv>
                    <Unicode></Unicode>
                </TextEquiv>
            </TextLine>
            <TextEquiv>
                <Unicode></Unicode>
            </TextEquiv>
        </TextRegion>
        <TextRegion orientation="0.0" id="r3" custom="readingOrder {index:2;}">
            <Coords points="188,2582 188,2735 233,2735 233,2582"/>
            <TextLine id="r3l1" custom="readingOrder {index:0;}">
                <Coords points="181,2694 200,2694 209,2701 218,2698 226,2706 238,2707 244,2609 238,2609 231,2602 221,2605 207,2595 188,2598"/>
                <Baseline points="188,2682 233,2685"/>
                <TextEquiv>
                    <Unicode>2</Unicode>
                </TextEquiv>
            </TextLine>
            <TextEquiv>
                <Unicode>2</Unicode>
            </TextEquiv>
        </TextRegion>
        <TextRegion orientation="0.0" id="r4" custom="readingOrder {index:3;}">
            <Coords points="207,933 207,1411 252,1411 252,933"/>
            <TextLine id="r4l1" custom="readingOrder {index:0;}">
                <Coords points="202,1024 210,1023 224,1031 230,1029 237,1035 240,1031 251,1038 261,1036 253,927 239,926 232,930 226,925 224,928 194,922"/>
                <Baseline points="207,1011 252,1008"/>
                <TextEquiv>
                    <Unicode></Unicode>
                </TextEquiv>
            </TextLine>
            <TextLine id="r4l2" custom="readingOrder {index:1;}">
                <Coords points="204,1224 211,1224 225,1238 239,1232 246,1232 246,1141 237,1143 223,1133 204,1138"/>
                <Baseline points="210,1224 240,1224"/>
                <TextEquiv>
                    <Unicode>2</Unicode>
                </TextEquiv>
            </TextLine>
            <TextLine id="r4l3" custom="readingOrder {index:2;}">
                <Coords points="207,1396 214,1396 222,1388 230,1388 233,1392 250,1389 250,1297 232,1293 222,1287 207,1289"/>
                <Baseline points="213,1374 243,1374"/>
                <TextEquiv>
                    <Unicode></Unicode>
                </TextEquiv>
            </TextLine>
            <TextEquiv>
                <Unicode>
2
</Unicode>
            </TextEquiv>
        </TextRegion>
        <TextRegion orientation="0.0" id="r5" custom="readingOrder {index:4;}">
            <Coords points="240,556 240,3470 1275,3470 1275,556"/>
            <TextLine id="r5l1" custom="readingOrder {index:0;}">
                <Coords points="233,599 632,597 661,626 766,587 969,650 1155,632 1260,667 1262,623 1173,572 1118,601 931,555 860,582 819,543 725,576 631,522 557,558 295,538 235,567"/>
                <Baseline points="240,593 290,590 341,588 392,587 442,587 493,587 544,587 594,588 645,590 696,591 747,594 797,597 848,600 899,605 949,609 1000,614 1051,620 1101,626 1152,633 1203,640 1254,648"/>
                <TextEquiv>
                    <Unicode>leüt nahenkommen das fleich gefunden</Unicode>
                </TextEquiv>
            </TextLine>
            <TextLine id="r5l2" custom="readingOrder {index:1;}">
                <Coords points="263,657 512,686 701,656 812,696 1003,665 1272,719 1274,654 1210,669 1161,633 1072,654 658,626 631,597 265,602"/>
                <Baseline points="270,651 319,650 369,650 419,648 469,648 519,648 568,648 618,648 668,648 718,650 768,651 817,653 867,655 917,659 967,661 1017,666 1066,670 1116,675 1166,681 1216,688 1266,696"/>
                <TextEquiv>
                    <Unicode>und selbiges wider genommen danun</Unicode>
                </TextEquiv>
            </TextLine>
            <TextLine id="r5l3" custom="readingOrder {index:2;}">
                <Coords points="267,735 450,716 590,740 644,713 810,731 855,766 1201,741 1201,688 1128,674 985,698 702,656 514,685 402,660 317,692 268,670"/>
                <Baseline points="273,720 319,717 365,716 411,714 457,713 503,711 549,711 595,710 641,710 687,710 733,711 779,711 825,713 871,714 917,715 963,716 1009,719 1055,720 1101,723 1147,725 1194,726"/>
                <TextEquiv>
                    <Unicode>dein Vatter solches erfahren, habe Er</Unicode>
                </TextEquiv>
            </TextLine>
            <TextLine id="r5l4" custom="readingOrder {index:3;}">
                <Coords points="248,823 482,776 554,815 593,782 780,809 857,772 1212,798 1212,757 1144,744 865,761 624,715 584,750 497,719 386,767 309,734 248,754"/>
                <Baseline points="255,792 302,789 350,786 397,784 445,782 492,780 540,777 587,776 635,775 682,774 730,774 778,774 825,774 873,776 920,777 968,779 1015,782 1063,785 1110,788 1158,792 1206,798"/>
                <TextEquiv>
                    <Unicode>ihne nit mehr by sich gilden wollen</Unicode>
                </TextEquiv>
            </TextLine>
            <TextLine id="r5l5" custom="readingOrder {index:4;}">
                <Coords points="257,882 370,851 445,884 532,848 587,879 757,856 868,898 1037,847 1192,871 1202,836 928,794 581,822 499,780 256,815"/>
                <Baseline points="263,858 309,858 356,857 402,855 449,853 496,852 542,849 589,848 636,845 682,843 729,842 776,841 822,840 869,839 916,839 962,839 1009,841 1056,843 1102,846 1149,850 1196,854"/>
                <TextEquiv>
                    <Unicode>derowegen Er sich darvonmachen</Unicode>
                </TextEquiv>
            </TextLine>
            <TextLine id="r5l6" custom="readingOrder {index:5;}">
                <Coords points="256,957 301,968 327,950 353,955 372,939 386,941 403,923 417,929 426,921 450,925 468,918 466,873 445,885 397,868 368,895 357,890 335,905 253,895"/>
                <Baseline points="261,921 286,920 311,920 336,918 361,918 386,917 411,915 436,913 461,911"/>
                <TextEquiv>
                    <Unicode>müßen</Unicode>
                </TextEquiv>
            </TextLine>
            <TextLine id="r5l7" custom="readingOrder {index:6;}">
                <Coords points="260,1027 446,994 518,1021 581,985 973,1028 1054,998 1252,1019 1199,962 1034,926 899,948 527,918 260,982"/>
                <Baseline points="266,1008 317,1001 369,997 420,993 472,990 523,987 575,987 626,986 678,987 729,987 781,989 832,992 884,993 935,996 987,999 1038,1001 1090,1004 1141,1006 1193,1008 1245,1010"/>
                <TextEquiv>
                    <Unicode>ob er nit ehe und bevor er sich letstlich</Unicode>
                </TextEquiv>
            </TextLine>
            <TextLine id="r5l8" custom="readingOrder {index:7;} place {offset:35; length:7;}">
                <Coords points="269,1085 477,1067 509,1094 729,1057 787,1088 1083,1076 1191,1116 1258,1080 1206,1029 1051,1006 981,1038 735,990 528,1038 270,1029"/>
                <Baseline points="276,1076 324,1071 373,1068 422,1065 471,1062 519,1061 568,1059 617,1058 666,1058 714,1058 763,1058 812,1058 861,1059 909,1061 958,1062 1007,1064 1056,1066 1104,1069 1153,1073 1202,1075 1251,1079"/>
                <TextEquiv>
                    <Unicode>hinweg begeben, einiche schaaff zu Öttigen</Unicode>
                </TextEquiv>
            </TextLine>
            <TextLine id="r5l9" custom="readingOrder {index:8;}">
                <Coords points="278,1152 431,1138 500,1158 640,1127 805,1153 857,1126 981,1144 979,1090 931,1072 868,1101 754,1073 715,1108 633,1110 276,1086"/>
                <Baseline points="284,1136 318,1136 353,1136 387,1135 422,1134 456,1133 491,1131 525,1130 560,1128 594,1127 629,1125 663,1124 698,1122 732,1121 767,1121 801,1119 836,1119 870,1119 905,1120 939,1121 974,1122"/>
                <TextEquiv>
                    <Unicode>und habstetten entwendet.</Unicode>
                </TextEquiv>
            </TextLine>
            <TextLine id="r5l10" custom="readingOrder {index:9;}">
                <Coords points="284,1230 508,1252 781,1214 1159,1264 1277,1234 1277,1189 1155,1161 284,1168"/>
                <Baseline points="290,1224 339,1223 388,1221 437,1219 486,1218 535,1217 584,1215 633,1214 682,1214 731,1214 780,1214 829,1214 878,1214 927,1215 976,1217 1025,1220 1074,1222 1123,1225 1172,1229 1221,1233 1271,1239"/>
                <TextEquiv>
                    <Unicode>Tein er habe niemand einiches Schaff</Unicode>
                </TextEquiv>
            </TextLine>
            <TextLine id="r5l11" custom="readingOrder {index:10;}">
                <Coords points="272,1298 299,1289 371,1305 396,1295 441,1323 492,1284 504,1292 517,1282 556,1298 554,1242 531,1234 507,1252 424,1229 411,1238 386,1223 333,1237 313,1257 270,1261"/>
                <Baseline points="278,1286 305,1287 332,1287 359,1286 386,1285 413,1284 440,1282 467,1281 494,1281 521,1280 549,1281"/>
                <TextEquiv>
                    <Unicode>entwendt.</Unicode>
                </TextEquiv>
            </TextLine>
            <TextLine id="r5l12" custom="readingOrder {index:11;} person {offset:29; length:5; continued:true;}">
                <Coords points="291,1420 468,1365 813,1389 904,1363 1018,1393 1069,1365 1114,1399 1269,1371 1268,1319 1059,1327 941,1291 881,1318 838,1289 526,1288 290,1329"/>
                <Baseline points="297,1374 345,1371 393,1369 441,1367 490,1365 538,1364 586,1362 634,1361 683,1359 731,1359 779,1359 827,1359 876,1359 924,1359 972,1359 1020,1361 1069,1361 1117,1362 1165,1364 1213,1366 1262,1368"/>
                <TextEquiv>
                    <Unicode>ob er nit vor etwas zeits by neßel</Unicode>
                </TextEquiv>
            </TextLine>
            <TextLine id="r5l13" custom="readingOrder {index:12;} person {offset:0; length:4; continued:true;}">
                <Coords points="268,1447 1272,1447 1272,1390 1205,1411 1157,1374 984,1412 607,1371 560,1411 461,1368 360,1421 268,1384"/>
                <Baseline points="275,1442 324,1440 374,1440 423,1439 473,1439 522,1437 572,1436 621,1436 671,1434 720,1434 770,1433 819,1433 869,1431 918,1431 968,1431 1017,1432 1067,1433 1116,1434 1166,1435 1215,1437 1265,1439"/>
                <TextEquiv>
                    <Unicode>Bank durch des Nachts ein Schaaff auf</Unicode>
                </TextEquiv>
            </TextLine>
            <TextLine id="r5l14" custom="readingOrder {index:13;}">
                <Coords points="273,1513 494,1546 809,1513 876,1548 1003,1545 1099,1492 1265,1510 1265,1466 555,1436 499,1475 384,1457 273,1486"/>
                <Baseline points="279,1509 328,1508 377,1506 426,1505 475,1505 524,1503 573,1502 622,1501 671,1500 720,1499 769,1499 818,1497 867,1497 916,1497 965,1497 1014,1497 1063,1497 1112,1497 1161,1497 1210,1497 1259,1499"/>
                <TextEquiv>
                    <Unicode>dem halß und die h h schuhe in dem</Unicode>
                </TextEquiv>
            </TextLine>
            <TextLine id="r5l15" custom="readingOrder {index:14;}">
                <Coords points="276,1606 348,1588 471,1612 514,1593 549,1615 582,1594 638,1622 722,1587 784,1601 783,1555 572,1525 537,1557 460,1548 420,1520 274,1540"/>
                <Baseline points="281,1583 307,1584 333,1584 359,1584 385,1584 411,1584 437,1583 463,1583 489,1581 515,1580 542,1578 568,1578 594,1577 620,1576 646,1575 672,1575 698,1576 724,1577 750,1578 777,1581"/>
                <TextEquiv>
                    <Unicode>handengetragen.</Unicode>
                </TextEquiv>
            </TextLine>
            <TextLine id="r5l16" custom="readingOrder {index:15;} place {offset:25; length:6;}">
                <Coords points="269,1689 474,1727 645,1676 841,1714 910,1688 1004,1716 1254,1697 1222,1660 997,1609 820,1666 710,1603 671,1636 462,1609 415,1649 269,1641"/>
                <Baseline points="275,1694 323,1692 372,1691 420,1691 469,1689 518,1688 566,1686 615,1686 663,1685 712,1685 761,1685 809,1683 858,1683 906,1683 955,1684 1004,1685 1052,1685 1101,1686 1149,1688 1198,1690 1247,1692"/>
                <TextEquiv>
                    <Unicode>ein er habe niemahlen by sleßel</Unicode>
                </TextEquiv>
            </TextLine>
            <TextLine id="r5l17" custom="readingOrder {index:16;}">
                <Coords points="270,1807 658,1796 690,1766 915,1806 1111,1758 1166,1794 1281,1768 1164,1709 1050,1738 899,1703 270,1722"/>
                <Baseline points="276,1766 328,1766 381,1766 433,1766 486,1766 538,1764 591,1764 644,1764 696,1764 749,1763 801,1763 854,1763 906,1763 959,1763 1012,1763 1064,1763 1117,1763 1169,1763 1222,1763 1275,1764"/>
                <TextEquiv>
                    <Unicode>bank durch, einiches Schaff weder tags¬</Unicode>
                </TextEquiv>
            </TextLine>
            <TextLine id="r5l18" custom="readingOrder {index:17;}">
                <Coords points="276,1883 318,1887 387,1853 457,1885 514,1846 569,1882 652,1845 700,1879 753,1880 791,1846 834,1842 834,1790 688,1775 612,1812 546,1784 447,1810 404,1787 307,1812 275,1798"/>
                <Baseline points="282,1842 309,1841 336,1841 363,1840 391,1839 418,1839 445,1839 472,1839 500,1839 527,1839 554,1839 581,1839 609,1839 636,1839 663,1839 690,1839 718,1839 745,1839 772,1838 799,1838 827,1838"/>
                <TextEquiv>
                    <Unicode>noch nachts getragen.</Unicode>
                </TextEquiv>
            </TextLine>
            <TextLine id="r5l19" custom="readingOrder {index:18;} person {offset:22; length:5;}">
                <Coords points="261,2043 315,2080 544,2043 631,2081 705,2036 803,2068 1191,2037 1224,2063 1267,2047 1267,1991 1165,2012 938,1933 749,2011 585,1951 418,2017 260,1957"/>
                <Baseline points="267,2034 316,2034 366,2033 415,2033 465,2033 515,2033 564,2033 614,2033 664,2033 713,2033 763,2033 813,2033 862,2033 912,2031 962,2031 1011,2031 1061,2031 1111,2031 1160,2031 1210,2031 1260,2030"/>
                <TextEquiv>
                    <Unicode>Alß nun hierüber ihme Hafer ernstlich</Unicode>
                </TextEquiv>
            </TextLine>
            <TextLine id="r5l20" custom="readingOrder {index:19;}">
                <Coords points="278,2116 440,2111 519,2144 603,2094 749,2103 786,2138 1244,2072 819,2078 700,2042 630,2084 452,2047 278,2079"/>
                <Baseline points="285,2100 332,2100 380,2100 427,2100 475,2100 523,2100 570,2100 618,2100 666,2100 713,2100 761,2099 809,2099 856,2098 904,2097 952,2096 999,2096 1047,2094 1095,2094 1142,2093 1190,2091 1238,2090"/>
                <TextEquiv>
                    <Unicode>zugesprochen und vorgehalten worden</Unicode>
                </TextEquiv>
            </TextLine>
            <TextLine id="r5l21" custom="readingOrder {index:20;}">
                <Coords points="255,2183 448,2208 664,2164 865,2209 972,2157 1051,2189 1251,2149 1190,2109 972,2142 740,2111 585,2145 254,2121"/>
                <Baseline points="261,2174 310,2172 359,2171 408,2169 457,2168 506,2166 555,2166 605,2165 654,2163 703,2163 752,2162 801,2160 850,2160 899,2159 949,2157 998,2156 1047,2154 1096,2154 1145,2151 1194,2150 1244,2148"/>
                <TextEquiv>
                    <Unicode>daß ja gewüße leüt ihme nachgeloßen</Unicode>
                </TextEquiv>
            </TextLine>
            <TextLine id="r5l22" custom="readingOrder {index:21;}">
                <Coords points="264,2279 438,2234 1184,2250 1266,2236 1265,2166 951,2167 867,2212 595,2180 263,2197"/>
                <Baseline points="270,2232 319,2232 368,2232 418,2232 467,2231 517,2231 566,2231 616,2231 665,2231 715,2229 764,2229 813,2228 863,2228 912,2226 962,2225 1011,2223 1061,2220 1110,2219 1160,2217 1209,2214 1259,2211"/>
                <TextEquiv>
                    <Unicode>also daß er das schaaff und die schu dahinden</Unicode>
                </TextEquiv>
            </TextLine>
            <TextLine id="r5l23" custom="readingOrder {index:22;}">
                <Coords points="263,2330 470,2337 673,2298 1184,2318 1229,2300 1229,2250 944,2226 735,2273 262,2277"/>
                <Baseline points="269,2301 316,2301 364,2301 412,2301 459,2301 507,2301 555,2301 602,2300 650,2300 698,2300 746,2299 793,2298 841,2298 889,2297 936,2297 984,2295 1032,2294 1079,2292 1127,2291 1175,2289 1223,2288"/>
                <TextEquiv>
                    <Unicode>gelaßen ihnen zuentrunnen, so hat er</Unicode>
                </TextEquiv>
            </TextLine>
            <TextLine id="r5l24" custom="readingOrder {index:23;}">
                <Coords points="267,2391 403,2425 523,2387 1066,2393 1253,2364 1253,2331 1201,2308 1005,2331 956,2300 725,2357 548,2313 463,2353 265,2332"/>
                <Baseline points="272,2373 320,2373 369,2375 418,2375 467,2375 515,2376 564,2376 613,2376 662,2375 710,2375 759,2374 808,2373 857,2372 905,2370 954,2369 1003,2367 1052,2364 1100,2362 1149,2360 1198,2356 1247,2354"/>
                <TextEquiv>
                    <Unicode>dennach alles gelaugnet und nit gestehen</Unicode>
                </TextEquiv>
            </TextLine>
            <TextLine id="r5l25" custom="readingOrder {index:24;}">
                <Coords points="260,2466 994,2473 1236,2443 1235,2393 909,2380 803,2430 658,2393 490,2393 429,2432 258,2418"/>
                <Baseline points="266,2450 314,2450 362,2451 410,2451 458,2451 506,2451 554,2450 603,2450 651,2449 699,2448 747,2447 795,2447 843,2445 891,2444 940,2442 988,2439 1036,2438 1084,2436 1132,2434 1180,2432 1229,2429"/>
                <TextEquiv>
                    <Unicode>wollen daß ers gewesen, sondelren sagte</Unicode>
                </TextEquiv>
            </TextLine>
            <TextLine id="r5l26" custom="readingOrder {index:25;}">
                <Coords points="258,2543 431,2560 524,2513 583,2541 728,2517 773,2547 881,2513 1053,2548 1176,2528 1226,2468 781,2477 738,2451 415,2497 314,2451 256,2466"/>
                <Baseline points="264,2520 311,2519 359,2517 407,2517 455,2516 503,2516 550,2516 598,2514 646,2514 694,2513 742,2513 789,2511 837,2511 885,2510 933,2509 981,2508 1028,2507 1076,2504 1124,2502 1172,2501 1220,2498"/>
                <TextEquiv>
                    <Unicode>es möchte villeicht sein Bruder gsin</Unicode>
                </TextEquiv>
            </TextLine>
            <TextLine id="r5l27" custom="readingOrder {index:26;}">
                <Coords points="283,2633 295,2638 320,2619 336,2615 341,2619 357,2605 374,2617 394,2620 393,2575 375,2578 356,2572 342,2559 333,2559 310,2548 295,2554 281,2550"/>
                <Baseline points="288,2600 321,2600 354,2597 387,2600"/>
                <TextEquiv>
                    <Unicode>seÿn</Unicode>
                </TextEquiv>
            </TextLine>
            <TextLine id="r5l28" custom="readingOrder {index:27;} place {offset:29; length:9;}">
                <Coords points="281,2686 406,2726 480,2696 660,2730 1060,2685 1145,2713 1242,2680 1234,2646 1037,2669 734,2618 583,2654 510,2624 434,2650 281,2628"/>
                <Baseline points="288,2682 335,2684 382,2684 430,2685 477,2685 524,2687 572,2687 619,2688 666,2688 714,2688 761,2690 808,2688 856,2688 903,2688 950,2687 998,2685 1045,2683 1092,2681 1140,2678 1187,2674 1235,2670"/>
                <TextEquiv>
                    <Unicode>ob er nit vor etwas zeits zu Münsingen</Unicode>
                </TextEquiv>
            </TextLine>
            <TextLine id="r5l29" custom="readingOrder {index:28;}">
                <Coords points="279,2765 723,2784 850,2749 1244,2737 1233,2678 1008,2732 811,2704 590,2726 481,2696 405,2726 278,2687"/>
                <Baseline points="285,2751 332,2749 380,2748 427,2747 475,2747 523,2747 570,2747 618,2747 666,2747 713,2747 761,2747 809,2747 856,2747 904,2745 952,2745 999,2744 1047,2741 1095,2738 1142,2734 1190,2729 1238,2724"/>
                <TextEquiv>
                    <Unicode>dem Leuwenwirt daselbsten eine Kuhe</Unicode>
                </TextEquiv>
            </TextLine>
            <TextLine id="r5l30" custom="readingOrder {index:29;}">
                <Coords points="278,2816 476,2853 660,2808 1022,2827 1256,2799 1255,2756 1018,2789 930,2749 742,2786 277,2768"/>
                <Baseline points="285,2814 333,2813 381,2812 429,2811 478,2810 526,2810 574,2808 622,2808 671,2808 719,2808 767,2807 815,2807 864,2805 912,2804 960,2803 1008,2801 1057,2800 1105,2798 1153,2795 1201,2791 1250,2787"/>
                <TextEquiv>
                    <Unicode>ab der weyd entwendt und wie es darmit</Unicode>
                </TextEquiv>
            </TextLine>
            <TextLine id="r5l31" custom="readingOrder {index:30;}">
                <Coords points="262,2910 327,2910 340,2919 395,2896 426,2922 469,2894 506,2912 567,2912 566,2855 511,2857 495,2844 466,2846 430,2866 402,2849 378,2861 328,2827 261,2849"/>
                <Baseline points="269,2886 295,2884 321,2883 348,2882 374,2880 401,2880 427,2880 454,2880 480,2880 507,2880 533,2879 560,2879"/>
                <TextEquiv>
                    <Unicode>hergangen.</Unicode>
                </TextEquiv>
            </TextLine>
            <TextLine id="r5l32" custom="readingOrder {index:31;} person {offset:15; length:9;}">
                <Coords points="282,2986 500,2978 706,3015 766,2988 842,3015 907,2966 1194,2960 1193,2909 1031,2909 1000,2878 757,2891 681,2941 585,2892 515,2927 471,2897 342,2931 281,2910"/>
                <Baseline points="288,2963 335,2964 382,2964 429,2964 477,2966 524,2966 571,2966 619,2967 666,2967 713,2967 761,2967 808,2967 855,2966 903,2966 950,2964 997,2961 1045,2959 1092,2957 1139,2953 1187,2948"/>
                <TextEquiv>
                    <Unicode>Ja Er habe dem Leungeirt die Kuhe</Unicode>
                </TextEquiv>
            </TextLine>
            <TextLine id="r5l33" custom="readingOrder {index:32;}">
                <Coords points="268,3040 342,3069 437,3030 1085,3058 1206,3000 927,2967 833,3016 789,2990 700,3018 410,3009 323,2979 268,3004"/>
                <Baseline points="275,3036 321,3035 367,3035 413,3033 459,3033 506,3033 552,3033 598,3035 644,3035 690,3035 737,3035 783,3035 829,3033 875,3033 921,3032 968,3030 1014,3029 1060,3026 1106,3024 1152,3020 1199,3017"/>
                <TextEquiv>
                    <Unicode>helffen nemen, welches also zugangen</Unicode>
                </TextEquiv>
            </TextLine>
            <TextLine id="r5l34" custom="readingOrder {index:33;} place {offset:11; length:4;} place {offset:25; length:5;}">
                <Coords points="264,3138 352,3103 528,3143 628,3100 722,3141 831,3101 958,3142 1045,3100 1276,3102 1249,3040 919,3081 827,3039 607,3079 551,3048 432,3079 376,3046 263,3054"/>
                <Baseline points="270,3101 322,3101 375,3101 427,3101 480,3101 532,3101 585,3101 638,3101 690,3099 743,3099 795,3098 848,3098 900,3096 953,3096 1006,3095 1058,3093 1111,3091 1163,3089 1216,3086 1269,3084"/>
                <TextEquiv>
                    <Unicode>er seye zu thun aufh der Jengg gestanden</Unicode>
                </TextEquiv>
            </TextLine>
            <TextLine id="r5l35" custom="readingOrder {index:34;} person {offset:20; length:16;}">
                <Coords points="274,3169 767,3190 977,3154 1074,3182 1215,3144 1214,3097 963,3139 830,3099 756,3144 674,3113 562,3147 273,3122"/>
                <Baseline points="281,3162 327,3164 373,3165 420,3165 466,3165 513,3167 559,3167 605,3165 652,3165 698,3165 745,3164 791,3162 837,3161 884,3159 930,3158 977,3155 1023,3153 1069,3150 1116,3148 1162,3144 1209,3141"/>
                <TextEquiv>
                    <Unicode>daselbsten seye der Christen dänzler</Unicode>
                </TextEquiv>
            </TextLine>
            <TextLine id="r5l36" custom="readingOrder {index:35;}">
                <Coords points="266,3252 422,3277 574,3235 1006,3252 1141,3211 1251,3244 1249,3186 1144,3161 1005,3200 893,3166 557,3200 368,3165 265,3199"/>
                <Baseline points="272,3234 320,3234 369,3234 417,3233 466,3233 515,3233 563,3231 612,3231 660,3230 709,3230 758,3228 806,3227 855,3225 903,3224 952,3222 1001,3219 1049,3218 1098,3215 1146,3212 1195,3209 1244,3206"/>
                <TextEquiv>
                    <Unicode>zu ihme kommen, und alß sie von dannen</Unicode>
                </TextEquiv>
            </TextLine>
            <TextLine id="r5l37" custom="readingOrder {index:36;} place {offset:19; length:9;}">
                <Coords points="280,3300 350,3332 639,3290 723,3330 798,3297 875,3333 1142,3282 1236,3298 1235,3248 1086,3229 943,3266 799,3236 641,3272 567,3242 422,3279 279,3254"/>
                <Baseline points="287,3297 334,3297 381,3297 428,3297 475,3297 522,3297 569,3296 616,3296 663,3296 710,3294 758,3293 805,3291 852,3290 899,3288 946,3287 993,3284 1040,3282 1087,3278 1134,3275 1181,3270 1229,3267"/>
                <TextEquiv>
                    <Unicode>mit einanderen auf münsingen zugangen</Unicode>
                </TextEquiv>
            </TextLine>
            <TextLine id="r5l38" custom="readingOrder {index:37;}">
                <Coords points="281,3384 662,3360 977,3398 1090,3345 1254,3365 1252,3299 1112,3333 970,3302 843,3336 809,3309 762,3342 635,3290 280,3351"/>
                <Baseline points="287,3369 335,3368 383,3366 431,3366 479,3365 527,3363 575,3363 623,3362 671,3362 719,3360 767,3359 815,3358 863,3357 911,3356 959,3353 1007,3352 1055,3350 1103,3348 1151,3346 1199,3342 1247,3339"/>
                <TextEquiv>
                    <Unicode>und des abends daes angefangen nachten</Unicode>
                </TextEquiv>
            </TextLine>
            <TextLine id="r5l39" custom="readingOrder {index:38;}">
                <Coords points="281,3451 549,3424 734,3462 985,3455 1046,3420 1209,3413 1223,3369 1100,3351 972,3400 542,3368 279,3389"/>
                <Baseline points="287,3431 333,3429 380,3428 426,3427 473,3426 519,3425 566,3425 612,3423 659,3423 705,3422 752,3422 798,3420 845,3419 891,3417 938,3416 984,3414 1031,3411 1077,3410 1124,3407 1170,3403 1217,3398"/>
                <TextEquiv>
                    <Unicode>nit weit vom mirtshauß zum Leüwen</Unicode>
                </TextEquiv>
            </TextLine>
            <TextLine id="r5l40" custom="readingOrder {index:39;}">
                <Coords points="1140,3489 1150,3488 1160,3496 1173,3497 1191,3481 1211,3487 1233,3481 1224,3407 1213,3408 1208,3413 1201,3407 1181,3403 1157,3430 1133,3439"/>
                <Baseline points="1142,3458 1169,3457 1196,3452 1223,3449"/>
                <TextEquiv>
                    <Unicode>sich</Unicode>
                </TextEquiv>
            </TextLine>
            <TextEquiv>
                <Unicode>leüt nahenkommen das fleich gefunden
und selbiges wider genommen danun
dein Vatter solches erfahren, habe Er
ihne nit mehr by sich gilden wollen
derowegen Er sich darvonmachen
müßen
ob er nit ehe und bevor er sich letstlich
hinweg begeben, einiche schaaff zu Öttigen
und habstetten entwendet.
Tein er habe niemand einiches Schaff
entwendt.
ob er nit vor etwas zeits by neßel
Bank durch des Nachts ein Schaaff auf
dem halß und die h h schuhe in dem
handengetragen.
ein er habe niemahlen by sleßel
bank durch, einiches Schaff weder tags¬
noch nachts getragen.
Alß nun hierüber ihme Hafer ernstlich
zugesprochen und vorgehalten worden
daß ja gewüße leüt ihme nachgeloßen
also daß er das schaaff und die schu dahinden
gelaßen ihnen zuentrunnen, so hat er
dennach alles gelaugnet und nit gestehen
wollen daß ers gewesen, sondelren sagte
es möchte villeicht sein Bruder gsin
seÿn
ob er nit vor etwas zeits zu Münsingen
dem Leuwenwirt daselbsten eine Kuhe
ab der weyd entwendt und wie es darmit
hergangen.
Ja Er habe dem Leungeirt die Kuhe
helffen nemen, welches also zugangen
er seye zu thun aufh der Jengg gestanden
daselbsten seye der Christen dänzler
zu ihme kommen, und alß sie von dannen
mit einanderen auf münsingen zugangen
und des abends daes angefangen nachten
nit weit vom mirtshauß zum Leüwen
sich</Unicode>
            </TextEquiv>
        </TextRegion>
        <TextRegion orientation="0.0" id="r6" custom="readingOrder {index:5;}">
            <Coords points="1374,2389 1374,2543 1406,2543 1406,2389"/>
            <TextLine id="r6l1" custom="readingOrder {index:0;}">
                <Coords points="1367,2495 1373,2495 1377,2500 1382,2498 1386,2500 1391,2499 1394,2503 1399,2501 1403,2506 1410,2507 1416,2461 1410,2460 1401,2467 1398,2464 1392,2468 1387,2466 1383,2470 1370,2468"/>
                <Baseline points="1374,2489 1406,2493"/>
                <TextEquiv>
                    <Unicode></Unicode>
                </TextEquiv>
            </TextLine>
            <TextEquiv>
                <Unicode></Unicode>
            </TextEquiv>
        </TextRegion>
        <TextRegion orientation="0.0" id="r7" custom="readingOrder {index:6;}">
            <Coords points="1428,3259 1428,3412 1458,3412 1458,3259"/>
            <TextLine id="r7l1" custom="readingOrder {index:0;}">
                <Coords points="1419,3379 1438,3380 1441,3377 1450,3377 1453,3381 1462,3382 1473,3274 1462,3269 1446,3278 1430,3275"/>
                <Baseline points="1428,3359 1458,3362"/>
                <TextEquiv>
                    <Unicode>2</Unicode>
                </TextEquiv>
            </TextLine>
            <TextEquiv>
                <Unicode>2</Unicode>
            </TextEquiv>
        </TextRegion>
        <TextRegion orientation="0.0" id="r8" custom="readingOrder {index:7;}">
            <Coords points="1437,1625 1437,1990 1485,1990 1485,1625"/>
            <TextLine id="r8l1" custom="readingOrder {index:0;}">
                <Coords points="1440,1741 1457,1740 1467,1748 1474,1741 1484,1741 1473,1640 1459,1647 1453,1646 1445,1655 1431,1654"/>
                <Baseline points="1446,1728 1476,1725"/>
                <TextEquiv>
                    <Unicode>2</Unicode>
                </TextEquiv>
            </TextLine>
            <TextLine id="r8l2" custom="readingOrder {index:1;}">
                <Coords points="1429,1952 1438,1953 1444,1960 1456,1955 1459,1959 1468,1958 1474,1953 1490,1957 1495,1875 1489,1874 1481,1879 1475,1874 1445,1888 1434,1887"/>
                <Baseline points="1437,1937 1485,1940"/>
                <TextEquiv>
                    <Unicode>.</Unicode>
                </TextEquiv>
            </TextLine>
            <TextEquiv>
                <Unicode>2
.</Unicode>
            </TextEquiv>
        </TextRegion>
        <TextRegion orientation="0.0" id="r9" custom="readingOrder {index:8;}">
            <Coords points="1473,602 1473,3418 2477,3418 2477,602"/>
            <TextLine id="r9l1" custom="readingOrder {index:0;}">
                <Coords points="1499,670 1939,628 2012,662 2436,648 2455,597 2002,615 1957,586 1801,621 1686,584 1630,622 1498,612"/>
                <Baseline points="1505,648 1552,645 1599,641 1646,639 1693,636 1740,636 1787,635 1835,635 1882,635 1929,635 1976,635 2023,636 2070,636 2117,636 2165,638 2212,638 2259,638 2306,636 2353,636 2400,635 2448,633"/>
                <TextEquiv>
                    <Unicode>sich auf einen bank gesezt, habend sie ged</Unicode>
                </TextEquiv>
            </TextLine>
            <TextLine id="r9l2" custom="readingOrder {index:1;} place {offset:27; length:9;}">
                <Coords points="1517,726 1911,690 2133,696 2192,731 2323,684 2388,733 2473,714 2451,639 2414,662 2071,642 2022,675 1951,640 1516,667"/>
                <Baseline points="1523,705 1570,703 1617,699 1664,697 1711,695 1758,693 1805,692 1852,690 1899,689 1946,689 1994,688 2041,687 2088,687 2135,687 2182,686 2229,686 2276,684 2323,684 2370,683 2417,681 2465,678"/>
                <TextEquiv>
                    <Unicode>hört wie die maritleüt von Erlenbach</Unicode>
                </TextEquiv>
            </TextLine>
            <TextLine id="r9l3" custom="readingOrder {index:2;}">
                <Coords points="1517,774 2357,754 2408,740 2408,688 2211,724 2134,696 1847,691 1785,725 1683,706 1516,739"/>
                <Baseline points="1523,755 1569,752 1615,750 1661,748 1708,747 1754,746 1800,744 1846,744 1893,743 1939,743 1985,743 2031,741 2078,741 2124,741 2170,741 2216,740 2263,740 2309,740 2355,738 2402,738"/>
                <TextEquiv>
                    <Unicode>inselbigem wirtshauß so einonstes</Unicode>
                </TextEquiv>
            </TextLine>
            <TextLine id="r9l4" custom="readingOrder {index:3;}">
                <Coords points="1503,836 2214,799 2371,839 2469,806 2469,775 2214,743 1502,790"/>
                <Baseline points="1509,824 1556,818 1604,813 1652,810 1699,807 1747,804 1795,803 1842,800 1890,798 1938,797 1986,795 2033,795 2081,795 2129,795 2176,795 2224,795 2272,796 2319,797 2367,798 2415,800 2463,801"/>
                <TextEquiv>
                    <Unicode>geschrey und wesen verführt. Derowegen</Unicode>
                </TextEquiv>
            </TextLine>
            <TextLine id="r9l5" custom="readingOrder {index:4;}">
                <Coords points="1504,924 1667,910 1736,868 1940,860 2028,890 2155,855 2289,885 2428,865 2426,817 2299,838 2222,800 2100,834 1929,807 1847,851 1733,825 1502,844"/>
                <Baseline points="1509,887 1554,883 1600,879 1645,876 1691,873 1737,872 1782,869 1828,867 1873,864 1919,863 1965,861 2010,860 2056,858 2101,857 2147,857 2193,855 2238,855 2284,854 2329,854 2375,852 2421,852"/>
                <TextEquiv>
                    <Unicode>Er gesagt man könte jez das haußund</Unicode>
                </TextEquiv>
            </TextLine>
            <TextLine id="r9l6" custom="readingOrder {index:5;}">
                <Coords points="1506,954 1762,975 1823,935 1908,962 2273,922 2426,951 2473,943 2472,898 2330,908 2188,865 2043,897 1939,859 1777,911 1505,921"/>
                <Baseline points="1512,954 1559,951 1607,948 1655,944 1702,941 1750,938 1798,936 1845,933 1893,930 1941,929 1989,927 2036,926 2084,924 2132,924 2179,923 2227,923 2275,924 2322,924 2370,926 2418,927 2466,930"/>
                <TextEquiv>
                    <Unicode>alles hinweg tragen, diseleut wustens</Unicode>
                </TextEquiv>
            </TextLine>
            <TextLine id="r9l7" custom="readingOrder {index:6;} person {offset:25; length:7;}">
                <Coords points="1516,1043 1611,1011 1883,1017 1916,1041 2077,997 2283,1010 2373,991 2372,956 2063,929 2001,972 1831,949 1774,988 1692,953 1630,977 1580,955 1514,987"/>
                <Baseline points="1521,1020 1563,1017 1605,1015 1647,1013 1690,1010 1732,1008 1774,1006 1817,1003 1859,1002 1901,1001 1944,998 1986,997 2028,996 2070,995 2113,993 2155,992 2197,992 2240,990 2282,990 2324,990 2367,990"/>
                <TextEquiv>
                    <Unicode>nit daraufhin er und der dänzler</Unicode>
                </TextEquiv>
            </TextLine>
            <TextLine id="r9l8" custom="readingOrder {index:7;}">
                <Coords points="1506,1123 1635,1129 1718,1076 2037,1103 2142,1064 2203,1093 2290,1053 2409,1056 2408,1025 2151,995 2076,997 1995,1053 1796,1054 1706,1018 1502,1046"/>
                <Baseline points="1511,1094 1555,1089 1600,1087 1644,1083 1689,1081 1733,1078 1778,1076 1822,1074 1867,1071 1911,1068 1956,1067 2001,1065 2045,1062 2090,1061 2134,1059 2179,1058 2223,1055 2268,1053 2312,1052 2357,1050 2402,1047"/>
                <TextEquiv>
                    <Unicode>des einen worden ein staupt von</Unicode>
                </TextEquiv>
            </TextLine>
            <TextLine id="r9l9" custom="readingOrder {index:8;} place {offset:19; length:9;}">
                <Coords points="1508,1175 1747,1146 2096,1170 2316,1118 2387,1136 2482,1090 2119,1069 2055,1114 1692,1084 1637,1129 1505,1124"/>
                <Baseline points="1514,1158 1562,1156 1610,1154 1658,1152 1706,1149 1754,1147 1802,1144 1851,1142 1899,1139 1947,1135 1995,1133 2043,1130 2091,1127 2139,1124 2188,1122 2236,1118 2284,1116 2332,1113 2380,1111 2428,1109 2477,1107"/>
                <TextEquiv>
                    <Unicode>dem Maritreich von Erlenbach auß¬</Unicode>
                </TextEquiv>
            </TextLine>
            <TextLine id="r9l10" custom="readingOrder {index:9;}">
                <Coords points="1517,1242 1642,1222 1695,1254 1728,1224 2035,1209 2246,1231 2316,1196 2363,1223 2403,1208 2400,1133 2191,1144 2076,1192 1983,1148 1860,1179 1704,1155 1594,1208 1515,1191"/>
                <Baseline points="1523,1226 1566,1224 1610,1223 1653,1223 1697,1221 1741,1220 1784,1218 1828,1216 1872,1214 1915,1212 1959,1211 2003,1209 2046,1207 2090,1203 2134,1202 2177,1199 2221,1197 2265,1194 2308,1191 2352,1188 2396,1185"/>
                <TextEquiv>
                    <Unicode>der weyd neben dem Wirtshauß</Unicode>
                </TextEquiv>
            </TextLine>
            <TextLine id="r9l11" custom="readingOrder {index:10;}">
                <Coords points="1502,1315 1829,1283 2008,1306 2044,1280 2132,1312 2421,1266 2419,1235 2332,1205 2178,1253 1973,1215 1817,1275 1752,1246 1619,1273 1499,1235"/>
                <Baseline points="1508,1299 1553,1298 1598,1298 1643,1296 1689,1295 1734,1293 1779,1292 1825,1290 1870,1288 1915,1286 1961,1284 2006,1281 2051,1280 2096,1277 2142,1275 2187,1272 2232,1269 2278,1266 2323,1263 2368,1260 2414,1257"/>
                <TextEquiv>
                    <Unicode>zuentfuhren, Welches Sie auch gethan</Unicode>
                </TextEquiv>
            </TextLine>
            <TextLine id="r9l12" custom="readingOrder {index:11;}">
                <Coords points="1506,1395 1757,1391 1847,1356 1922,1394 1965,1350 2039,1344 2390,1352 2433,1335 2431,1293 2250,1281 2131,1315 2046,1281 1845,1341 1626,1303 1577,1342 1502,1314"/>
                <Baseline points="1511,1368 1556,1367 1602,1365 1648,1365 1694,1363 1739,1361 1785,1359 1831,1358 1877,1356 1922,1355 1968,1352 2014,1350 2060,1348 2105,1346 2151,1344 2197,1341 2243,1340 2288,1336 2334,1334 2380,1331 2426,1328"/>
                <TextEquiv>
                    <Unicode>und zu allem unglük des Mirts kiche</Unicode>
                </TextEquiv>
            </TextLine>
            <TextLine id="r9l13" custom="readingOrder {index:12;}">
                <Coords points="1512,1468 2433,1393 2431,1365 2219,1343 2163,1385 1974,1352 1923,1394 1877,1369 1747,1402 1674,1372 1508,1395"/>
                <Baseline points="1517,1442 1562,1439 1608,1437 1653,1436 1699,1434 1744,1431 1790,1429 1835,1426 1881,1424 1926,1421 1972,1418 2017,1414 2063,1412 2108,1409 2154,1406 2199,1404 2245,1400 2290,1398 2336,1396 2381,1394 2427,1392"/>
                <TextEquiv>
                    <Unicode>erwitscht, die Sie so fort auf deißwyl</Unicode>
                </TextEquiv>
            </TextLine>
            <TextLine id="r9l14" custom="readingOrder {index:13;}">
                <Coords points="1506,1539 1703,1514 1897,1539 2038,1481 2247,1494 2436,1456 2418,1418 2006,1421 1905,1456 1841,1422 1692,1467 1619,1441 1503,1491"/>
                <Baseline points="1511,1520 1556,1517 1602,1511 1648,1508 1694,1504 1740,1500 1786,1497 1832,1493 1878,1489 1924,1487 1970,1484 2015,1481 2061,1478 2107,1475 2153,1472 2199,1470 2245,1467 2291,1464 2337,1462 2383,1458 2429,1457"/>
                <TextEquiv>
                    <Unicode>geführt und daselbsten im holzge</Unicode>
                </TextEquiv>
            </TextLine>
            <TextLine id="r9l15" custom="readingOrder {index:14;}">
                <Coords points="1503,1638 1552,1607 1592,1615 1604,1602 1641,1599 1650,1589 1684,1583 1703,1590 1697,1531 1677,1535 1658,1556 1644,1546 1590,1556 1554,1547 1531,1570 1510,1558 1494,1565"/>
                <Baseline points="1505,1607 1532,1600 1559,1595 1587,1592 1614,1589 1642,1585 1669,1583 1697,1580"/>
                <TextEquiv>
                    <Unicode>schlachtet</Unicode>
                </TextEquiv>
            </TextLine>
            <TextLine id="r9l16" custom="readingOrder {index:15;}">
                <Coords points="1517,1729 1599,1760 1662,1704 1877,1729 1917,1703 2019,1730 2166,1701 2417,1712 2460,1702 2459,1646 2370,1660 2307,1628 2170,1680 2092,1643 2039,1679 1859,1635 1825,1665 1782,1642 1684,1663 1635,1631 1515,1653"/>
                <Baseline points="1523,1721 1569,1717 1616,1715 1662,1712 1709,1709 1755,1707 1802,1704 1848,1704 1895,1701 1941,1700 1988,1698 2034,1697 2081,1697 2127,1696 2174,1695 2220,1695 2267,1695 2313,1695 2360,1695 2406,1695 2453,1695"/>
                <TextEquiv>
                    <Unicode>ob er nit auch verwichenen sommer</Unicode>
                </TextEquiv>
            </TextLine>
            <TextLine id="r9l17" custom="readingOrder {index:16;} person {offset:4; length:10;} place {offset:19; length:8;}">
                <Coords points="1516,1780 2457,1779 2430,1718 2193,1701 2004,1730 1709,1708 1601,1759 1515,1729"/>
                <Baseline points="1523,1778 1569,1778 1615,1778 1662,1778 1708,1778 1754,1776 1801,1775 1847,1775 1893,1773 1940,1771 1986,1770 2032,1769 2079,1766 2125,1765 2171,1763 2218,1762 2264,1761 2310,1760 2357,1760 2403,1760 2450,1760"/>
                <TextEquiv>
                    <Unicode>dem Nulaus Joß von Stettlen eine</Unicode>
                </TextEquiv>
            </TextLine>
            <TextLine id="r9l18" custom="readingOrder {index:17;}">
                <Coords points="1498,1880 1645,1886 1723,1832 1884,1865 2096,1836 2407,1857 2445,1839 2444,1783 2263,1762 1844,1803 1677,1779 1497,1824"/>
                <Baseline points="1503,1845 1549,1844 1596,1842 1643,1841 1690,1839 1736,1838 1783,1836 1830,1836 1877,1835 1923,1834 1970,1833 2017,1832 2064,1831 2110,1830 2157,1829 2204,1827 2251,1827 2297,1824 2344,1824 2391,1822 2438,1820"/>
                <TextEquiv>
                    <Unicode>Melchkiche aus der eydentführet</Unicode>
                </TextEquiv>
            </TextLine>
            <TextLine id="r9l19" custom="readingOrder {index:18;}">
                <Coords points="1521,1940 1718,1966 1808,1933 1879,1967 2057,1972 2163,1918 2446,1927 2445,1889 2386,1871 2321,1898 2171,1839 2063,1876 1710,1872 1671,1906 1520,1883"/>
                <Baseline points="1527,1937 1572,1934 1618,1931 1663,1928 1709,1926 1755,1925 1800,1923 1846,1922 1891,1920 1937,1920 1983,1920 2028,1919 2074,1919 2119,1919 2165,1919 2211,1919 2256,1919 2302,1919 2347,1919 2393,1917 2439,1917"/>
                <TextEquiv>
                    <Unicode>Nein Er habe dieselbe Kuhe nit ent¬</Unicode>
                </TextEquiv>
            </TextLine>
            <TextLine id="r9l20" custom="readingOrder {index:19;}">
                <Coords points="1487,2016 1522,2003 1544,2024 1558,2016 1593,2023 1629,2007 1635,2012 1644,2005 1653,2011 1665,2003 1688,2004 1687,1957 1659,1949 1647,1959 1629,1950 1612,1955 1585,1946 1567,1963 1543,1944 1485,1957"/>
                <Baseline points="1493,2000 1520,1998 1547,1998 1574,1996 1601,1995 1628,1995 1655,1995 1682,1997"/>
                <TextEquiv>
                    <Unicode>führet</Unicode>
                </TextEquiv>
            </TextLine>
            <TextLine id="r9l21" custom="readingOrder {index:20;} person {offset:19; length:3;}">
                <Coords points="1492,2088 1628,2077 1694,2108 1815,2067 2085,2096 2469,2061 2452,2028 2095,1972 1930,2030 1763,2001 1491,2019"/>
                <Baseline points="1499,2076 1547,2075 1595,2072 1643,2070 1691,2069 1739,2067 1787,2066 1836,2064 1884,2064 1932,2063 1980,2061 2028,2061 2076,2060 2124,2060 2173,2058 2221,2058 2269,2058 2317,2058 2365,2057 2413,2057 2462,2057"/>
                <TextEquiv>
                    <Unicode>Woraufhin ermelter Zoß so in der ge¬</Unicode>
                </TextEquiv>
            </TextLine>
            <TextLine id="r9l22" custom="readingOrder {index:21;}">
                <Coords points="1493,2172 1676,2152 1820,2182 1965,2134 2426,2127 2435,2082 1984,2076 1653,2123 1490,2087"/>
                <Baseline points="1499,2142 1545,2141 1592,2140 1638,2138 1685,2136 1731,2135 1778,2133 1824,2132 1871,2130 1917,2129 1964,2127 2010,2126 2057,2124 2103,2123 2150,2121 2196,2120 2243,2118 2289,2117 2336,2116 2382,2115 2429,2114"/>
                <TextEquiv>
                    <Unicode>fangenschafft sich befunden hinein</Unicode>
                </TextEquiv>
            </TextLine>
            <TextLine id="r9l23" custom="readingOrder {index:22;} person {offset:17; length:5;}">
                <Coords points="1508,2231 1921,2194 1996,2232 2140,2189 2316,2220 2442,2193 2440,2121 2283,2160 2149,2125 1966,2134 1807,2182 1723,2154 1506,2162"/>
                <Baseline points="1514,2210 1560,2207 1606,2205 1652,2202 1698,2201 1744,2199 1790,2197 1836,2195 1882,2194 1928,2193 1974,2192 2020,2190 2066,2189 2112,2187 2158,2186 2204,2186 2250,2184 2296,2183 2342,2180 2388,2178 2435,2175"/>
                <TextEquiv>
                    <Unicode>berussen und dem hofer vorgestelt</Unicode>
                </TextEquiv>
            </TextLine>
            <TextLine id="r9l24" custom="readingOrder {index:23;}">
                <Coords points="1500,2298 1762,2303 2121,2246 2213,2285 2312,2280 2388,2255 2386,2212 2224,2224 2139,2189 1995,2234 1949,2199 1905,2243 1858,2214 1497,2241"/>
                <Baseline points="1505,2279 1548,2277 1592,2274 1636,2271 1680,2269 1724,2267 1767,2265 1811,2262 1855,2261 1899,2259 1943,2257 1986,2255 2030,2253 2074,2252 2118,2250 2162,2249 2205,2247 2249,2246 2293,2244 2337,2244 2381,2241"/>
                <TextEquiv>
                    <Unicode>worden, welcher die anklag gegen</Unicode>
                </TextEquiv>
            </TextLine>
            <TextLine id="r9l25" custom="readingOrder {index:24;}">
                <Coords points="1498,2389 1640,2333 1962,2353 2014,2318 2070,2354 2167,2309 2322,2331 2451,2308 2448,2255 2362,2249 2215,2285 2135,2250 2012,2254 1875,2310 1706,2291 1562,2319 1494,2293"/>
                <Baseline points="1502,2345 1549,2342 1596,2339 1643,2336 1690,2333 1737,2330 1784,2328 1831,2325 1878,2324 1925,2322 1973,2319 2020,2318 2067,2315 2114,2313 2161,2312 2208,2310 2255,2308 2302,2306 2349,2304 2396,2301 2444,2298"/>
                <TextEquiv>
                    <Unicode>demselben ganz ernstlich widerhalt</Unicode>
                </TextEquiv>
            </TextLine>
            <TextLine id="r9l26" custom="readingOrder {index:25;}">
                <Coords points="1496,2428 1812,2406 2074,2429 2175,2380 2294,2405 2340,2374 2425,2383 2423,2343 2178,2311 2034,2374 1827,2350 1749,2381 1613,2359 1495,2390"/>
                <Baseline points="1502,2417 1547,2414 1593,2410 1639,2408 1685,2404 1731,2402 1776,2399 1822,2397 1868,2394 1914,2393 1960,2391 2005,2388 2051,2387 2097,2385 2143,2384 2189,2382 2234,2381 2280,2379 2326,2378 2372,2375 2418,2373"/>
                <TextEquiv>
                    <Unicode>mit vermelden, daß Er und sein</Unicode>
                </TextEquiv>
            </TextLine>
            <TextLine id="r9l27" custom="readingOrder {index:26;}">
                <Coords points="1496,2510 1748,2464 2110,2492 2221,2444 2366,2459 2415,2441 2412,2389 2258,2417 2215,2391 2121,2436 2001,2409 1491,2424"/>
                <Baseline points="1502,2495 1547,2489 1592,2484 1637,2479 1683,2475 1728,2472 1773,2468 1819,2466 1864,2463 1909,2460 1955,2459 2000,2457 2045,2454 2090,2453 2136,2451 2181,2450 2226,2447 2272,2445 2317,2442 2362,2441 2408,2438"/>
                <TextEquiv>
                    <Unicode>Vatter der Rohtmezger offt umb die</Unicode>
                </TextEquiv>
            </TextLine>
            <TextLine id="r9l28" custom="readingOrder {index:27;}">
                <Coords points="1504,2586 1757,2580 1829,2540 1977,2565 2093,2534 2167,2564 2246,2522 2414,2503 2413,2469 2282,2444 2097,2502 1748,2464 1694,2496 1500,2507"/>
                <Baseline points="1509,2550 1556,2548 1603,2545 1650,2543 1698,2540 1745,2538 1792,2535 1840,2533 1887,2531 1934,2529 1982,2526 2029,2525 2076,2522 2124,2520 2171,2517 2218,2514 2266,2512 2313,2508 2360,2504 2408,2501"/>
                <TextEquiv>
                    <Unicode>veyd ( so etwas abgelegen) gesechen</Unicode>
                </TextEquiv>
            </TextLine>
            <TextLine id="r9l29" custom="readingOrder {index:28;}">
                <Coords points="1468,2637 1737,2633 1828,2595 2170,2618 2235,2579 2394,2589 2410,2552 2287,2557 2240,2525 2177,2566 2097,2537 1976,2566 1932,2536 1790,2581 1465,2589"/>
                <Baseline points="1473,2619 1519,2615 1566,2612 1612,2610 1659,2608 1706,2604 1752,2602 1799,2600 1845,2598 1892,2595 1939,2593 1985,2591 2032,2589 2078,2587 2125,2585 2172,2583 2218,2582 2265,2580 2311,2579 2358,2577 2405,2576"/>
                <TextEquiv>
                    <Unicode>wworden, und daß Niemand andern</Unicode>
                </TextEquiv>
            </TextLine>
            <TextLine id="r9l30" custom="readingOrder {index:29;}">
                <Coords points="1487,2688 1694,2715 1862,2661 2315,2666 2369,2633 2460,2647 2458,2593 2308,2580 2176,2620 1829,2596 1755,2649 1619,2617 1484,2640"/>
                <Baseline points="1493,2678 1541,2676 1589,2675 1637,2673 1685,2670 1733,2668 1781,2666 1829,2663 1877,2660 1925,2658 1973,2655 2021,2652 2069,2650 2117,2646 2165,2643 2213,2642 2261,2640 2309,2637 2357,2636 2405,2634 2453,2633"/>
                <TextEquiv>
                    <Unicode>alß sie ihme die Kuhe entwendt habend.</Unicode>
                </TextEquiv>
            </TextLine>
            <TextLine id="r9l31" custom="readingOrder {index:30;} person {offset:25; length:5;}">
                <Coords points="1491,2783 1944,2773 2020,2734 2121,2763 2191,2732 2413,2743 2434,2696 2301,2660 2073,2672 1956,2717 1759,2690 1711,2724 1606,2703 1489,2730"/>
                <Baseline points="1496,2762 1542,2760 1589,2757 1635,2754 1682,2752 1729,2749 1775,2746 1822,2743 1869,2740 1915,2738 1962,2736 2009,2733 2055,2731 2102,2730 2149,2728 2195,2727 2242,2726 2289,2726 2335,2726 2382,2727 2429,2727"/>
                <TextEquiv>
                    <Unicode>leßen ohngeacht wolte Er Hofer von</Unicode>
                </TextEquiv>
            </TextLine>
            <TextLine id="r9l32" custom="readingOrder {index:31;}">
                <Coords points="1494,2872 1618,2830 1706,2859 1772,2826 2036,2861 2182,2805 2297,2848 2397,2811 2394,2763 2271,2745 2052,2751 1870,2796 1785,2767 1490,2787"/>
                <Baseline points="1499,2840 1543,2837 1588,2834 1632,2831 1677,2828 1721,2826 1766,2823 1810,2822 1855,2819 1899,2816 1944,2815 1989,2813 2033,2810 2078,2808 2122,2806 2167,2804 2211,2802 2256,2800 2300,2798 2345,2796 2390,2793"/>
                <TextEquiv>
                    <Unicode>dises Kuhe nichts außen, und Im</Unicode>
                </TextEquiv>
            </TextLine>
            <TextLine id="r9l33" custom="readingOrder {index:32;}">
                <Coords points="1494,2935 1547,2900 1656,2931 2065,2877 2112,2911 2332,2865 2406,2892 2460,2874 2459,2831 2360,2818 2303,2850 2139,2818 2036,2862 1923,2833 1491,2871"/>
                <Baseline points="1499,2906 1546,2901 1594,2898 1642,2895 1689,2892 1737,2890 1785,2888 1832,2886 1880,2884 1928,2882 1976,2882 2023,2880 2071,2879 2119,2877 2166,2876 2214,2874 2262,2873 2309,2871 2357,2869 2405,2867 2453,2864"/>
                <TextEquiv>
                    <Unicode>geringstan nit geständig seyn, daß</Unicode>
                </TextEquiv>
            </TextLine>
            <TextLine id="r9l34" custom="readingOrder {index:33;}">
                <Coords points="1487,2979 1663,3004 2042,2953 2085,2983 2137,2950 2421,2937 2440,2888 2372,2920 2169,2889 2114,2926 2024,2887 1631,2940 1526,2915 1485,2945"/>
                <Baseline points="1493,2975 1540,2972 1587,2969 1634,2967 1681,2965 1728,2963 1775,2960 1823,2958 1870,2955 1917,2954 1964,2952 2011,2950 2058,2948 2105,2946 2153,2945 2200,2942 2247,2941 2294,2938 2341,2937 2388,2934 2436,2931"/>
                <TextEquiv>
                    <Unicode>Er oder sein vatter selbige entwendt</Unicode>
                </TextEquiv>
            </TextLine>
            <TextLine id="r9l35" custom="readingOrder {index:34;}">
                <Coords points="1748,3027 1758,3029 1759,3031 1776,3033 1781,3008 1779,3007 1773,3008 1772,3007 1771,3009 1769,3008 1765,3009 1760,3003 1759,3004 1752,3002"/>
                <Baseline points="1754,3027 1770,3030"/>
                <TextEquiv>
                    <Unicode></Unicode>
                </TextEquiv>
            </TextLine>
            <TextLine id="r9l36" custom="readingOrder {index:35;}">
                <Coords points="1482,3066 1528,3077 1578,3053 1638,3074 1635,3000 1611,3001 1606,2996 1582,3007 1560,2990 1521,2974 1502,2976 1479,2991"/>
                <Baseline points="1487,3044 1515,3042 1544,3041 1573,3041 1602,3039 1631,3038"/>
                <TextEquiv>
                    <Unicode>haben</Unicode>
                </TextEquiv>
            </TextLine>
            <TextLine id="r9l37" custom="readingOrder {index:36;}">
                <Coords points="1478,3153 1657,3125 1831,3148 1919,3115 1996,3145 2225,3094 2299,3128 2437,3118 2434,3043 2296,3020 2198,3077 2062,3049 1662,3104 1475,3071"/>
                <Baseline points="1484,3128 1531,3128 1578,3126 1625,3126 1673,3125 1720,3123 1767,3123 1814,3120 1862,3119 1909,3117 1956,3114 2003,3113 2051,3110 2098,3108 2145,3107 2192,3104 2240,3102 2287,3100 2334,3098 2381,3096 2429,3095"/>
                <TextEquiv>
                    <Unicode>Solchemmach ward Er ferners befragt</Unicode>
                </TextEquiv>
            </TextLine>
            <TextLine id="r9l38" custom="readingOrder {index:37;} place {offset:13; length:11;}">
                <Coords points="1490,3211 1590,3230 1888,3187 2027,3211 2063,3176 2108,3194 2270,3158 2430,3178 2428,3141 2355,3125 2112,3126 2001,3160 1931,3121 1864,3159 1571,3129 1488,3161"/>
                <Baseline points="1496,3200 1542,3200 1588,3198 1635,3197 1681,3195 1727,3194 1774,3191 1820,3189 1866,3186 1913,3183 1959,3180 2005,3177 2052,3175 2098,3172 2144,3169 2191,3167 2237,3165 2283,3164 2330,3162 2376,3161 2423,3161"/>
                <TextEquiv>
                    <Unicode>ob er nit zu Nikhardswyl verwichenen</Unicode>
                </TextEquiv>
            </TextLine>
            <TextLine id="r9l39" custom="readingOrder {index:38;}">
                <Coords points="1480,3296 1636,3272 1803,3299 2005,3238 2347,3234 2344,3183 2264,3161 2149,3211 2099,3189 2035,3217 1995,3193 1829,3202 1719,3237 1475,3208"/>
                <Baseline points="1484,3260 1526,3260 1569,3260 1612,3258 1655,3257 1697,3255 1740,3253 1783,3251 1826,3249 1868,3247 1911,3244 1954,3242 1997,3239 2039,3236 2082,3233 2125,3230 2168,3227 2210,3224 2253,3222 2296,3219 2339,3216"/>
                <TextEquiv>
                    <Unicode>Semmer etwelche schaaff entbendt habe</Unicode>
                </TextEquiv>
            </TextLine>
            <TextLine id="r9l40" custom="readingOrder {index:39;} place {offset:22; length:12;}">
                <Coords points="1490,3365 1633,3378 1797,3333 2023,3356 2153,3320 2277,3355 2424,3312 2414,3270 1852,3312 1487,3294"/>
                <Baseline points="1496,3350 1542,3349 1588,3347 1634,3345 1680,3344 1726,3341 1772,3339 1818,3336 1864,3335 1910,3332 1956,3330 2002,3327 2048,3326 2094,3323 2140,3321 2186,3319 2232,3317 2278,3314 2324,3312 2370,3311 2417,3308"/>
                <TextEquiv>
                    <Unicode>Nein Er habe weder zu Mitharitswyl noch an¬</Unicode>
                </TextEquiv>
            </TextLine>
            <TextLine id="r9l41" custom="readingOrder {index:40;}">
                <Coords points="1507,3436 1814,3403 1871,3429 1974,3390 2103,3416 2171,3384 2319,3403 2386,3388 2384,3341 2263,3357 2154,3320 2028,3357 1980,3333 1933,3368 1879,3342 1778,3372 1710,3349 1629,3379 1504,3367"/>
                <Baseline points="1512,3405 1555,3404 1598,3402 1642,3401 1685,3399 1728,3398 1772,3396 1815,3394 1858,3393 1902,3392 1945,3389 1988,3387 2032,3386 2075,3383 2118,3381 2162,3380 2205,3378 2248,3377 2292,3374 2335,3374 2379,3372"/>
                <TextEquiv>
                    <Unicode>derstwo sein lebtag kein schaaff entwerdt</Unicode>
                </TextEquiv>
            </TextLine>
            <TextEquiv>
                <Unicode>sich auf einen bank gesezt, habend sie ged
hört wie die maritleüt von Erlenbach
inselbigem wirtshauß so einonstes
geschrey und wesen verführt. Derowegen
Er gesagt man könte jez das haußund
alles hinweg tragen, diseleut wustens
nit daraufhin er und der dänzler
des einen worden ein staupt von
dem Maritreich von Erlenbach auß¬
der weyd neben dem Wirtshauß
zuentfuhren, Welches Sie auch gethan
und zu allem unglük des Mirts kiche
erwitscht, die Sie so fort auf deißwyl
geführt und daselbsten im holzge
schlachtet
ob er nit auch verwichenen sommer
dem Nulaus Joß von Stettlen eine
Melchkiche aus der eydentführet
Nein Er habe dieselbe Kuhe nit ent¬
führet
Woraufhin ermelter Zoß so in der ge¬
fangenschafft sich befunden hinein
berussen und dem hofer vorgestelt
worden, welcher die anklag gegen
demselben ganz ernstlich widerhalt
mit vermelden, daß Er und sein
Vatter der Rohtmezger offt umb die
veyd ( so etwas abgelegen) gesechen
wworden, und daß Niemand andern
alß sie ihme die Kuhe entwendt habend.
leßen ohngeacht wolte Er Hofer von
dises Kuhe nichts außen, und Im
geringstan nit geständig seyn, daß
Er oder sein vatter selbige entwendt

haben
Solchemmach ward Er ferners befragt
ob er nit zu Nikhardswyl verwichenen
Semmer etwelche schaaff entbendt habe
Nein Er habe weder zu Mitharitswyl noch an¬
derstwo sein lebtag kein schaaff entwerdt</Unicode>
            </TextEquiv>
        </TextRegion>
    </Page>
</PcGts>
