3024 4032
292 665 1230 817 Ernstlich zu red gestoßen vnd von Ihme
310 787 1222 881 volgende bekandtnuß erhalten. Wurde
324 842 630 929 also befragdt
312 898 1248 1028 Ob er mit dem endtleibeten Hanns Jacob
325 974 1220 1092 Heinrich Vor diesem jemahls im streitt
313 1069 460 1144 Gin.
259 1114 1254 1249 Nein niemahlen, sonder sie seÿend beÿ
322 1203 1229 1312 ein anderen von jugend aufferzogen
322 1272 1229 1363 worden allezeit gar gihte fründt gsin
316 1331 1269 1431 und niemahlen nichts mit anderen als alles
317 1384 1265 1494 guhts gehabt. Worauß er die hergauen
300 1451 1258 1566 genheit der sach erzehlt, wie in denem
308 1513 1288 1638 khundtschafften außsaag enthalten ußert
316 1581 1248 1694 diesem Vmbstandt, daß als sie in die
314 1651 1286 1756 stuben kommen, er neben der thüren einen
313 1712 1277 1811 neüwen degen gesechen, welchen erge
329 1789 1268 1886 nommen besichtiget und außgezogen undt
313 1850 1280 1960 zwar grad in der zeit da der verstorbene
316 1916 1280 2017 Geldt zu einer halbe oder maßgezehlt
322 1963 1266 2078 und er Caspar ihme den Ruggen gekehrt
300 2035 1263 2150 Denne daß er nicht gestehen will, Waß
313 2115 1238 2228 die Margreth Kleünt zeüget, daß sie
319 2181 1274 2285 im Schumpf umbhin und anhin gstoßen
693 2244 750 2289 ah
313 2236 1286 2360 dann er gar nie gestoßen haben will wohl
331 2306 1064 2408 aber den degen still gehalten.
333 2386 1256 2508 Da dann nachwehrts der endtleibete
326 2448 1227 2561 nach gezehltem geldt seinen stecken in
316 2506 1280 2635 der handt gehalten, sich zu ihme gewendt
320 2555 1297 2701 und gesagdt schauw, so Mußmanns mahe
315 2655 1270 2793 Nun der anlaß daß er den degen
332 2712 1280 2862 außgezogen seye gsin. Weilen der mo
337 2780 1269 2917 renwührt ihme seinen degen verlohren
312 2847 1253 2965 Er diesen darumb betrachtet, daß er
337 2918 1260 3020 allezeit sinnsgewesen einen anderen
336 2995 594 3087 zu kauffen
321 3043 1288 3168 bezeügete im übrigen, daß er nie gewaht
331 3112 1291 3228 worden, daß der endtleibete in degenge
327 3196 475 3308 oßen
996 3285 1261 3407 Endtlichen
2240 626 2367 745 19.
1459 704 2441 808 fendtlichen bestähligte er auch der khundtschafften
1465 789 2409 872 Außsaag ußert, daß er den mser amport
1480 844 2403 948 damahlen vor angst nit gekennt, nach sich zu
1468 901 2358 1005 besinnen wüße, waß er mit ihme geredt.
