3024 4032
229 552 1246 675 wie invorigem Examine verdentet,
258 628 1277 737 em Schmiden zu Kappelneinen Ehrigen
242 688 1264 784 lafen 1 welchen er jedoch widerbekommen.
259 741 1251 824 Atem etwas garns zu Naberen darin
250 796 1223 913 Er Stalder seithar mit selbigen leüten
245 858 1249 957 abgeschaffet und dan auch dem müller
253 908 1246 1020 zu Riedbach drey leiben brodt genommen,
259 991 656 1074 und entwendt.
247 1025 1255 1154 disers letsten Punetens der dreyen
250 1092 1262 1193 brodten halben hat er by nach überzeien
264 1160 1236 1262 get werden mußen, ehe er denselben
251 1221 808 1341 gestendig seyn wollen
260 1296 1239 1416 übeigens beklagte er sich, daß er by
275 1363 1253 1488 nach allen leüten schuldig und so arm-
272 1442 1270 1535 mütig seye, daß er nichts alß ein armes
269 1502 1223 1588 Rupferhäfelin habe, also daß wan er
271 1563 1236 1656 so viel genommen, alß man ihn beklage
262 1633 1221 1751 Er wohl ein mehrers hätte Es seye ihm
281 1694 1241 1802 aber leid daß Er sich so weitvergriffen
279 1756 1219 1861 bätte desstwegen gott und Eine hoche
297 1824 1002 1936 berkeit umb Verzeihung.
269 1912 1266 2024 Wylen nun diser Stalder weder by dem
286 1993 1271 2093 vorigen den 28. hujus mit ihme gehaltenen
306 2054 1262 2156 noch dem jenigen tags darauff wider
286 2102 1257 2203 halten examen nichts weiters bekennen
302 2164 1229 2264 ollen und mherren examinator gesehen
298 2236 1220 2337 daß in der güte auß disem gesellen
317 2288 1242 2391 im mehrers nicht zubringen, hat er
307 2357 1248 2469 es umb solches er qnt zu dero hoch
313 2434 1262 2535 weisenferneren Erkantnuß zu hinder
319 2481 1154 2607 bringen, darbey bewenden laßen
317 2561 1053 2673 actum 28 und 29. Jult. 1711.
306 2667 1243 2779 Nach demme dieses mit Nulaus Stalder
338 2749 1237 2861 verrichtete letstere examen ihr geen in
340 2813 1252 2914 geseßnem raht vorgetragen worden. habend
350 2867 1232 2976 ihr geren darüber erkennt, daß er stal
355 2926 1244 3041 der zu wohl verdienter wie wohl gnädigen
361 2972 1196 3093 abstraffung für drey monat Lang mit
358 3034 1209 3145 einem ring am halb ins Schallenwerck
368 3082 1241 3218 eingeschmidet werden solle. Actum die bten
355 3123 647 3226 Auguoti ei.
664 3166 1229 3259 so auch eodem die exe¬
375 3194 641 3277 quiert worden.
1642 508 1709 590 2
2206 532 2318 634 4
1550 581 2151 734 Bathri Schmid
1647 668 1737 739 Vor¬
1433 693 2322 839 so zu ihrem unehelichen kindt einen
1429 769 2271 873 geweßen Peter Schneeberger angeben
1439 816 2340 931 st laut hochoberkeitlicher ordnung mit
1439 864 2342 963 dem kragen am halb sambt dem kindt
1435 942 2360 1028 zur statt hinaußgeführt und des landts
1430 980 2378 1112 verwiesen worden. Actum 28t jan opi
1629 1111 2180 1260 Hanns Būrgi.
1651 1205 1816 1290 vor
1430 1268 2381 1408 Weilen dieter Burgi mr otth alt landt
1420 1365 2364 1474 vogt Frisching in einer geldt außleichung
1433 1421 2396 1520 dargesetzt und zu anscheinendem verlügst
1427 1487 2402 1585 gebracht, als ist derselbe zu wohl verdienter
1411 1537 2388 1651 straaff von ihr gen ind Schallenwerk
1402 1614 2385 1706 vterfellt, so daß derselbe alda eingeschinen
1420 1662 2356 1765 det und so lang darunn enthalten werden
1426 1720 2378 1826 solle, biß ihr grr ursach finden werdind
1415 1779 2328 1886 ihne deßen wider zuerlaßen. Actum
1429 1843 1906 1944 den 29. jani 1711
1576 1969 2113 2086 Cristen Liechti
1607 2053 1949 2146 von Giglen.
1415 2109 2334 2204 Weilen derselbe sich under faltschein
1432 2166 2316 2267 namen dingen laßen und nit in kriegs
1425 2211 2385 2344 dienst zu Ziechen begehrt ist auß ihr ge
1428 2274 2380 2401 befelch anderen dergleichen mühtwilligen
1436 2339 2391 2449 gsellen zum exempel mit dem holtzernen
1434 2381 2351 2496 bragen und trommen zur statt hinauß
1438 2438 2382 2560 geführt worden Actum 3d. jant i
1559 2581 2150 2737 Hanns Burgi von
1645 2665 1950 2788 obgemelt.
1430 2704 2347 2842 Nachdemme derselbe eine Zeitlang um
1436 2776 2400 2904 Schallenwerckenthalten und aber in deßen
1439 2833 2376 2969 den herren alt landtvogt Frisching nit im
1432 2895 2391 3016 klagbahr gemacht, ist auß ehr gn befelch
1420 2942 2392 3088 Eydtlich von dero Statt und Landtgewiesen
1425 3020 2272 3150 worden actum 15. aprilis din.
2414 2129 2452 2202 1
2423 769 2477 822 en
2417 902 2475 956 ns
2419 1055 2494 1114 3
