3024 4032
185 637 235 715 A.
273 618 1278 743 zu dero hochweisen ferneren Erkantuug
270 688 789 830 hinderbracht wird.
328 958 1163 1072 js examen mit Hanß Geörg
334 1043 1203 1152 Haßer des so genanten Roht¬
383 1129 807 1235 mezgers sohn
259 1197 1179 1358 Alß mühlr nahtshern Tscharner
259 1307 1224 1422 underem 26. decembr sich mit ihr gude
247 1388 1227 1517 dieneren hrn großweibel Wur¬
249 1461 1250 1603 steinberger und dem grichtschreiber
262 1541 1153 1702 Zuvolg reiterierlichen befelchs
266 1632 1232 1764 widerumb in die gefangenschafft be¬
256 1716 1206 1846 geben und vorgemeltem Hooßer
251 1797 1257 1921 über alles das so er mehrers ver¬
250 1858 1261 2051 dächtig und beklagt seyn möchte, noch-
268 1980 1260 2107 mahlen ganz ernstwortig examiniert,
246 2061 1247 2189 folgends auch, willen er nichts
263 2150 1254 2285 anders bekantlich seyn wollen, ihne
256 2236 1263 2361 hinauff zur Marter führen und mit
261 2325 1276 2445 widerhohlter ernstlicher bedröhrūng
263 2420 1281 2537 auf den marter baub sezen laßen,
262 2506 1200 2638 hat Er dennoch über das Jenige
255 2565 1233 2703 was in voriger procedi enthalten
265 2651 1273 2791 nichts weiters vnd mehrers bekant.
264 2743 1268 2864 sich seyn wollen; sonderen seine hie¬
268 2809 1308 2961 vor gethane vergicht einfaltig bestätiget,
253 2908 1238 3051 außert daß Er sagte, Er habe den
238 2998 1269 3126 dänzler zu thim auf der Brügg zu
263 3109 1215 3197 erst angeredt, auch den anschlag
256 3163 1256 3304 geben, denen frombden Veich händleren,
262 3256 1146 3379 dann selbige mit dem Erkauffte
233 3328 1274 3471 Ueich vom Erlenbacher marit werden.
1137 3388 1282 3451 an¬
1392 1571 1465 1693 2
1377 1721 1475 1842 A.
1372 1833 1465 1933 d
1386 2190 1447 2293 A
1500 603 2457 724 anlangen, ein stuk reich zunemmen
1491 685 2410 799 Er Hoafer zwar habe mir eine
1483 750 2411 861 kalbeten, der dänzler aber habe
1500 831 2429 963 mit allem gewalt eine kuhe haben
1488 937 1677 1011 sollen,
1472 967 2389 1115 gefragt, ob er nit schon zuvor mit
1500 1053 2406 1160 dem dänzler kundsamme gehabt,
1487 1125 2463 1230 ehe Sie einanderen zu Thun angetroßen
1487 1198 2449 1354 Antwort Nem. Er habe gar keine
1499 1283 2472 1415 Kundsame zuvor mit dem dänzler
1488 1372 2433 1496 gehabt, sonderen erst damahlen zu
1489 1442 2437 1585 thun mit ihme kundsamme gemacht
1508 1521 2427 1658 Ver alles darbey gsin, da Sie die
1504 1612 2482 1755 entwendte Ruhe im Holz geschlachtet.
1485 1696 2415 1849 Niemand alß er und der Dänzler
1494 1823 2436 1948 ob er nit dem Niggi zoß zu Stettlen
1468 1900 2400 2027 seine Ruhe und zu Habstetten,
1465 1996 2407 2126 Ittigen und by Neßelbauk ummen
1490 2067 2322 2196 eiiche schaaff gewannn
1492 2145 2403 2288 ob er dbn nach nicht geständig geyn
1495 2222 2367 2325 wolle, daß er eines morgens
1489 2291 2379 2435 fruhe by Stettlen funst Schaaff
1493 2366 2372 2482 miteinanderen durch getriben.
1485 2440 2458 2605 kein. Er habe sein lebtag Niemahlen
1492 2544 2439 2667 fünf schaaff mit einanderer zu Stettlen
1473 2626 2447 2770 durch getriben, wohl aber einmahl zwo
1467 2705 2379 2821 auwen, So sie zu Enziyl gekaufft.
1452 2790 2492 2921 widrumb befragt, ob er nit noch andere
1422 2869 2470 3005 Diebstähl begangen, und deren seyen,
1465 2950 2437 3095 die ihme geholffen haben selbige zu
1466 3072 1814 3161 verbringen
1423 3131 2461 3240 Gesarrete er beständig, daß er weder
1466 3204 2425 3305 allein noch mit hulßanderen nichts
1464 3273 2437 3380 mehrers gestohlen, und anders nichts
2340 3338 2433 3417 alß
