3024 4032
438 544 904 684 Relaris Medica
269 653 1208 813 Hochgrachte Hocherich Gnädige Herren
219 836 1276 959 Wann das Obenhar dem Schlußel Todt gefundene
314 912 1292 1030 Kindt, ein neüwlich Gebohrnes, wohl außgetrage¬
334 982 1304 1108 nes Knäblein, in die Insul zur Vrodation gebracht
329 1044 1278 1159 Obes naturlicher weise oder gewalt thätig Gestorbe
323 1103 1297 1213 von dem Cllegio Inoulano ganz Caacte viviliert
334 1180 1287 1294 worden, hat sich befunden, daß diedes kind wegen
320 1230 1304 1350 Verwahrlohung der Nabelschmir, sich zu Todt Geblutet
309 1291 1017 1395 habe. Alte den 14. tag maii 1716.
531 1380 1111 1516 Hoch gnacht küwen Gul.
596 1498 1275 1634 Underthänig gehorsambste diener
589 1591 1070 1707 Signun König M:
619 1646 1146 1757 Samūel Tormann M.
378 1762 871 1917 Relario Medica
288 1877 1088 2024 dochglachte etc. Gnädige Herren
313 2000 1284 2125 Über der An Elsbeth Mrrkh von Murte Todt
322 2087 1277 2199 gefundenen Kundess abermahliger Eedtlich vor¬
322 2157 1291 2240 genomenen Genauen Visitation finden Mhwhl
322 2210 1291 2326 des Mllegii Moulans, daß deßen Nabelschmir
330 2276 1305 2391 Verfinger grer von dem bäüchlein durch gewatt
333 2331 1304 2467 Abgesöndert worden. Weilen aber dieses Kindt¬
327 2402 1285 2527 lein eine Geraume Zeit in der Kälte hingelegt
322 2460 1287 2555 verbliben, Alß habend sich deßen fibra Umbs¬
327 2537 1279 2637 licales  so von underschiedelicher Seittursindt, in
330 2598 1272 2713 demme die einten nachlaßen, die andern Aber
329 2646 1287 2783 sich zuruch zeichen ) sich i etwas verstellt, und
339 2708 1291 2832 Verschrūnpffet: Danneihero M Woll. des¬
335 2782 1276 2918 Megis nicht sonigentlich sehen und schließen
329 2843 1294 2976 können, ob diesere Absönderung des Nabel
350 2904 1299 3025 handts, Vermittlest eines schlechte Meßers¬
336 2970 1291 3107 odersonsten durch einen Andern Abriß beschehen,
331 3015 1285 3173 sondernstellen solches ihr gu Egalischen d
337 3085 1305 3235 cision in Aller underthänigkeit Anheimb. Alt
694 3164 1311 3325 ihr Gul. in Namen das ollg
338 3206 640 3320 15. May 176
729 3285 957 3372 Jnoulani
724 3309 1309 3436 Underthänig, gehorsambster
714 3351 1280 3484 Diener. M Hohdan M B
860 3438 1247 3561 Peeret. Fnoulari
1600 572 2410 735 Der geschwornen hebammen bericht
1435 679 2317 821 Auß besichtigung des todt gefundenen Kindts¬
1445 757 2438 893 bezengens wir und befindend, daß deselbigen Nabel¬
1450 815 2327 937 iihner meistens abgeschwetten worden und mir ein
1446 897 2407 984 wenig abgerißen seÿe, und weilen der Nabelschmir
1459 941 2443 1073 nit verbunden gewesen, hat sich das kindt nohtwendig
1450 996 1781 1086 Verbluten müßen
1726 1045 2043 1160 Diß bezeigendt
1800 1129 2342 1242 Latry Schwar, vnnd Verena¬
1457 1193 1781 1315 Den 15. meye 16.
1792 1209 2317 1325 kupfer von m ghen bestellte
1796 1276 2021 1367 hab ammen.
1452 1307 2426 1446 Als erstgemelte Hebammen Cathey Schwar diee Schrifft.
1451 1390 2403 1488 liche gengsamme ihr gul dem grichtschreiber eingeben.
1454 1438 2370 1543 hatt selbige darbey volgenden Mundtlichen bericht abge¬
1472 1499 1603 1583 tattet.
1451 1524 2396 1644 daß als sin zu der Geinßt des Paullers Sesberuckte
1464 1612 2428 1678 worden und in der stuben das Allsbeth Mertz vor hra
1457 1667 2428 1759 stechend betrachtet, habe sie grad gesechen, daß selbiges
1449 1721 2418 1811 schwanger seye, Derowegen zu ihme gesagt, Ellsbeth
1460 1764 2419 1858 ich suche wohl, ich wirden auch bald müßen zu die kommen, wie
1459 1814 2408 1908 zu deiner frauwen, Es geantwortet ihr seyt schon Jetz
1468 1866 2432 1961 bey mir, Sie darauff ihme Rund ins angesicht gesagt, Mansch
1462 1923 2354 2006 Dubist schwanger, welches es aber nit allein gelaugnet,
1453 1970 2411 2060 sondern von der zeit an, wann es ihra für die angen kommen
1470 2021 2433 2105 mit auffsteckung des Fürtuchsund Ahäglins, seine Schwange
1456 2066 2418 2164 schafft zu Verbergen Gesucht, welches sie wohl beobachtet, und
1469 2119 2412 2213 Damienhero des Paullets frauwen Angezeigt, welche
1472 2175 2382 2271 darüber erschrocken und gesagt, Sie wolle die Mag
1486 2227 2040 2329 deßtwegen Cxaminleren.
1644 2345 2283 2491 Volget nnn verjenige bericht
1469 2419 2433 2549 So von eiet und anderen pürsohnen Auff genommen worden.
1482 2556 2436 2689 P Paullet Sseines Mstes Lauwsagte, daß
1478 2636 2415 2757 so viel ihro in wüßen, das Elßbeth den vergange¬
1461 2710 2416 2810 nen Winther dreymahl gefallen, das erste mahl
1481 2754 2437 2870 im Hauß die Stägen hnunder, mit einem Arffel holtz
1467 2828 2440 2937 Das andere mahl bey der Schaal Als es fleisch Gereicht
1480 2887 2426 2992 Diese beyde mahl habe es sich des fahlshalben beklagt
1474 2950 2428 3041 Das dritte mahl seye es mit einem guber Voll waßer
1477 3010 2384 3122 in des shw Nägelins Jaßlin Gefallen, da es sich
1465 3075 2393 3184 zwahr Genetzt, aber nichts geklagt, daß es einichen
1472 3125 2379 3245 schaden oberschmertzen empfinde; betreffend dann
1481 3199 2331 3285 Ob nach seiner geins viel blut gefunden worden,
1471 3252 2353 3362 Sagte Sie daß Sie damahlenselbsten eine Schwache
2118 3324 2433 3413 Kindtbetterin etc.
