3024 4032
1472 560 2388 700 Jacob In Holds deß Vaters, vnd
1479 645 2282 772 Christen Ingolds deß sohns
1716 735 1917 813 wis auch
1432 750 2393 888 Ullrich Müllers von Röhtenbach
1620 863 2193 1006 Criminal Brocedir
1418 987 2327 1098 Nach deme Mr Gh. und Oberen
1419 1077 2399 1165 eine Zeit daher mit Bedauren ersehen mußn
1419 1130 2386 1227 wie daß hin und wider zu statt und land
1415 1182 2398 1283 vel und underschiedlicher gattung falscher
1411 1240 2401 1336 Muntz zu Großem schaden und nachtheil
1412 1304 2394 1393 dero vnderthanen rouliert, außgeben
1412 1361 2379 1456 und Debitirt werde, und auff etwelche
1420 1414 2397 1507 gehabte indicia nicht ohne Grund ge¬
1411 1478 2403 1576 muthmaßet daß die Vrhabere und Pab¬
1420 1537 2426 1635 peanten diser faltschen Muntz im Einen¬
1429 1605 2432 1710 thal und der ohrten ihren anderschlaußf
1432 1676 2376 1763 und auffenthalt haben müßen; dero
1439 1733 2401 1839 wegen hochgedacht Ihr Mnl. zu Behen¬
1424 1802 2373 1898 edigung diser betriegeren die erforder
1427 1877 2407 1953 lichen veranstaltungen ergechen laßen
1427 1915 2412 2021 und zu dem und die herren landvogte
1430 1982 2394 2077 zu Trachelwald und signauw dahin
1431 2053 2410 2147 befelchnet, Allen möglichsten fleiß vor¬
1416 2122 2406 2203 zukehren, dieselbigen zu entdecken und
1423 2185 2379 2276 zubehändigen und solchem nach durch
1441 2234 2406 2335 dero vorsichtige und geheimme Nachforsch
1445 2299 2382 2400 ung so viel in erfahrung gebracht ge¬
1428 2352 2423 2451 bracht worden daß Jacob und Christen
1418 2414 2349 2509 In gold vatter und Sohn Ihres Hand
1425 2484 2428 2587 wercks Buchßenschmiden von Caūpers¬
1442 2551 2411 2658 wyl gebührtig, Wie Auch Vllrich Mul
1435 2605 2357 2714 ler von Röhtenbach gleichfahls ein
1433 2682 2396 2789 Ruchßenschmid, dises faltschen Munt¬
1439 2744 2414 2881 wesens sich theilhafftig gemacht haben
1423 2818 2403 2927 sollen, Als sind darauff hinselbige
1438 2892 2344 3003 von dem Herren Landvogten zu
1431 2967 2424 3072 Signauwo gefänglich eingezogen, und
1444 3016 2440 3107 Laminiert. Von dorten Abersambt
1423 3091 2403 3208 dero Vergicht auff ergangenen Ober
1431 3160 2382 3265 keitlichen Befelch weiters in Alhiesige
1438 3211 2415 3326 gefangenschafft geführt, und daselbsten
1433 3279 2416 3397 auff Oberkeitliche verordnung durch
2266 3330 2427 3446 Methl.
