3024 4032
287 517 1256 695 Vnd Nach demn Nun Vnsere Allerseits
314 631 1297 772 Gnädige herren und oberen rtäht und ürge
327 712 1282 826 Als allhiedige hoche Lands Oberkeit, einerseiths
335 755 1282 880 dem Jerosnle Allond Gethane bekanntnuß
341 826 1311 958 und verlicht mit allen ihren umbständen in Rie
327 884 1291 1027 betrachtung gesogen, und darauß so Vielerseg
324 957 1279 1077 daß durch dergleichen Nächtliche Vnbruch und
338 1022 1278 1143 Diebstähl, die Allaemenn Sicherheit und Ruhr¬
332 1083 1290 1199 ihrer angehörigen underthanen gehemmet und zer¬
335 1145 1288 1263 stohret: Anderseits dann sich schuldigster
344 1210 1291 1318 maßen erinneret, dero zn Abstraffung dergleich
338 1270 1284 1372 schwaren Verbrechen von Gott dem Allerhöchste
326 1326 1286 1459 Stegenten ihnen Anvertrauwten hoch Oberkeit¬
333 1398 1172 1526 Ambts, und daran langenden pflichten
329 1487 1283 1637 abend darauffhin hoch zedachte Vnsere
346 1582 1274 1694 Gnädige Herren uns Obere Raht und Burger
353 1646 1300 1763 bey ihren eyden zu recht erkennt und gesprochen
344 1718 1287 1813 daß dieser Alliond nechst emmpfohlung
363 1779 1297 1884 seiner seelen in die erbahrmende hand
360 1844 1287 1966 ihres erläsers dem Scharpfrichter
375 1915 1265 2035 bergeben, durch denselben öberans
358 1971 1292 2123 auf der gebohnte richtstatt gebunden
346 2050 1287 2174 und gefangen geführt, daselbsten zum
348 2133 1284 2259 deempet und schreiben anderen der
352 2197 1309 2324 gleichere missenthateren nach loben
345 2279 1306 2402 statt dern habenden loch oberkeiten.
341 2344 1295 2484 glaalt mit dem schwerdt vom leben
346 2416 1284 2561 herren tod hingerëchtet werden solle.
343 2466 1298 2650 Actes coram 200 den 7. julii 1716.
356 2635 803 2746 Erequiert aadem die
369 2707 684 2784 zum tod 87
354 2760 681 2838 zum leben. 24
364 2794 830 2895 mit dem strangen 51
360 2872 825 2964 mit dem schwordt 59
1400 3118 1465 3191 2
1405 2723 1452 2794 1.
1568 560 2408 717 Es Bot Mictz von Salbmant .
1706 650 2205 770 Der Herrschafft Murten.
1715 716 2282 832 Bekanntnuß und Vergicht
1378 780 2342 970 Nachkemme Verwichennen 14. Mayen
1460 874 2373 1018 Ihr Gn dieneren Herren Grosweibel und
1463 949 2428 1055 grichtschreiberen angezeigt worden, was
1475 1006 2398 1125 maßen in des sr daulles eines frantzosischen
1455 1078 2391 1196 Fubricaniten behausung an der Metzger Gaßen,
1478 1136 2400 1247 nechst ob dem wihrtshauß zum Schlüßal Allli
1478 1199 2340 1329 ein frusch gebohrnes kindtlin, hinder einer
1463 1265 2384 1379 Keller thuren versteckt, todt gefunden worden,
1478 1334 2373 1444 und nach beschehener Information, auß Allen¬
1463 1395 2356 1520 umbständen, der Verdacht dieser leidigen That
1487 1463 2379 1569 Auff die Magd des Haußes, Nahmens Ellrbeth
1485 1528 2406 1649 Mertz, gebührtig von Salvenach Aus der Herr¬
1463 1606 2321 1692 schafft Murten seines alters beÿ 30 jahren
1472 1664 2429 1774 gefallen. Ist selbiges auff gethane veranstallt
1481 1727 2311 1831 Alsobald behändiget, und nach vorgewiesennen
1472 1791 2369 1904 Auch von ihme erkennten unehelich gebohrnen
1472 1860 2360 1951 Kindt, zu gefängklicher verwahrung in oberen
1476 1922 2403 2033 Spittahl geführt, Volgends daselbsten den 29 tn
1478 1986 2409 2094 Bito, durch M Hrren heimblicheren von Wattenwey
1477 2055 2351 2149 Als auß ihr Gul sochen Mittel verordneten
1481 2111 2412 2208 Herren Cxaminatoren, mit zuthun Wohlermelt
1487 2171 2403 2278 Ihr Gul dieneren Here Großweibel und Gricht
1481 2228 2384 2331 schreibers, wie und auff was weiß es mit diese
1485 2293 2391 2398 rein unschuldigen Kindtlin umbgangen Ernstwortig
1484 2354 2394 2453 Examiniert, Nachwehrts aber auch aufferhaltene
1490 2417 2362 2523 oberkeit befelch den 29 tag junii dieses 1716
1488 2474 2372 2583 jahrs mit anwensung des däümel Esens zur
1478 2543 2423 2647 bekanntnuß der wahrheit pemnlich angehalten worden
1466 2602 2367 2711 welches darauff volgende Vergicht Abgestattet
1490 2680 2430 2829 aßes vor Ihngefehrt dreyen Jahren von Hanß
1468 2782 2439 2893 Saubert einem ledigen Gsellen zu Salbenen ( welch
1475 2847 2418 2947 seinem vorgeben nach Ihnen die Ehe versprochen,
1480 2912 2358 3006 Aber nit gehalten, sich schwangern laßen und
1486 2956 2412 3073 ein vnehelich kindt gebohren, so noch bey leben, und
1481 3027 2131 3134 in seinem heinath erzogen werde.
1478 3101 2385 3234 Seine habe vor ohngefehrt 10 oder 11 Monathe
1493 3183 2361 3310 ein inwüßer Schuemacher Gefell, Nahmens¬
1474 3236 2376 3362 Dean rerrot von Netbeÿ viris, Ihme die Ehe
2159 3321 2425 3425 Versprochen setc.
