3024 4032
175 2002 256 2098 9.
161 2196 245 2274 N0
173 2441 283 2528 14.c
155 2662 251 2762 12
171 2830 247 2913 13.
358 651 1261 779 fibuffet auffgesprangt, die Schlüßal darauß
302 741 1286 849 benommen einen trog geöffnet und auß demselben
362 795 1259 891 Einen sockel mit galt gestohlen, Weileiner aber
353 859 1286 971 das gelt nicht gekannt, habe er selliges derhyß
329 921 1291 1039 geben, welcher solches zu Neuldenburg verloechßlt
321 985 1072 1096 und ihme Eschortth 8 b darvon geben.
161 1047 229 1115 N
176 1050 1310 1177 Dem bericht mal ist das entlaendte in silbernen medailles
175 1126 1322 1239 ohngefehrd von 40 jhr wehrts bestorden und alten singe
209 1288 253 1346 8
314 1255 1295 1398 Sgeeb schait by dem dabstahl geft bellenbich
323 1352 1273 1465 schiltwacht gestanden als der goldesene wehrt
328 1421 1264 1524 zu Ponolfingen namens Johannes Guldes
251 1439 327 1519 6
338 1473 1247 1595 Ein schwiler dere herren landtvogt Lgel mit
337 1547 1283 1656 eröffnung eines folladens ins hous gebrochen
329 1602 1288 1722 und viel haußrähtliche sachen gestohlen, dasy dann
331 1674 1295 1809 die büntal ims wührts haus getragen von welchem
313 1747 1279 1868 diebstahl er Tschanz etes eines thalers wehrts
330 1812 1304 1931 genoßen, so ihme begen gethanen jehrung nachge-
327 1865 683 1982 laßen worden.
307 1959 1270 2092 Habe 2 tschartz seiner saohen im Buchholterberg
322 2043 1276 2149 als selbige auff der Malten gewerchet 4 s an
330 2111 690 2213 gelt genomen.
292 2183 1279 2315 Ritweit von Eggiwyll in der kirchhöri Signauw
341 2275 1283 2377 n einem haus auß einem buffet widrumb ge
328 2332 1301 2446 gelt 5 b, welche er mit dem thyß getheilt genommen.
306 2411 1281 2555 zu Nethmon habe der thyß in einem hauß tags
333 2500 1280 2618 8 sund etliche batzen gestohlen, darvon er ihme
316 2576 811 2685 Eschardh 2 ihrl geben.
449 2632 802 2722 ri e
321 2655 1303 2787 zu eynigen seye r eschant allein in eine stuben geg
317 2734 1203 2846 und auß einem hosensack 2 thrl genommen
302 2796 1258 2945 Seye er zu Oberhoffen in der gaßen schilt wacht
315 2892 1262 3008 gestanden als umb letst verlichene wienachten
331 2947 1276 3072 er Ulli Sauser und ein krombder handtwercksKerli
319 3007 1257 3117 der frau haubtmann von Erlach in ihr herbsthauß
317 3069 1257 3180 gebrochen etlich silberig bächer löffelstihlen zinnig
320 3115 1300 3229 gschier Lücher garn und andere haußrähtliche sachen gestohlen,
321 3176 1282 3285 darvon er Eschantz ein halbmaßige kandten, ein kronßelin
321 3229 1222 3323 und noch 20 b wehrts für seinen untheil bekommen.
201 3288 1276 3424 Dieses ist also die jenige bekantnuß, so von diesen maleficanten
201 3328 1275 3457 zu underschiedelichen mahlen freywillig und ohne angewandter
193 3377 1300 3517 Marter erhalten und gebracht worden. actu vorstahtung
2216 611 2432 752 144
1437 708 2322 859 Hanns Creyers von Trub
1507 800 2432 969 ind Gilgian Tchanzen von Tdingel
1605 886 2187 1025 De kirch zöry Sigrißbyll.
1695 1080 1962 1191 rimenal
1992 1078 2235 1205 Procelo.
1687 1157 1945 1249 deh
1456 1205 2351 1358 wieselbiger an die preüzgäßen den d4
1504 1303 2240 1410 junii 1748 verlëhen worden
1412 1462 1456 1551 C
1490 1440 2419 1603 Beren der Könnigliche Volmist daois
1499 1543 2390 1667 gottlose mentschen beschreiben wihl, so
1330 1605 2399 1724 habe vn gebraucht er diese woher muhtwillig
1374 1687 1454 1751 v.3
1500 1677 2366 1781 tun sy unrecht im landt Macher
1495 1737 2394 1857 auß der boßheit ein Handewerck und
1502 1805 2426 1925 gechen stracks durch mit ihren handen
1478 1884 2404 1991 zu fräfflen, Es wird aber hinzugesetzt
1490 1942 2389 2058 gott worde die zähne in ihrem mundt
1483 2006 2377 2118 zerbrechen und sy worden gergehen, wie
1486 2061 1996 2180 Waßer, daß dahin fleißt
1875 2139 1973 2189 10
1464 2153 2388 2283 Wil und welcher gestallten nun die göttliche
1476 2234 2396 2346 gerechtigkeit die jenigen fräffelhafften
1478 2301 2422 2413 Mertschen, welche so mutztwillig unrecht thun
1497 2361 2378 2481 und stracks durch gehen mit ihron hondar
1482 2413 2419 2534 zuraubere gleich dem waßer, so von dem erdt
1498 2496 2401 2609 rich verschluckt werd, hinreißen und ihnen
1499 2560 2422 2684 so zureden die zähne im mündt zerbrachen
1530 2630 1600 2687 6
1499 2633 2407 2749 theyn. Könter unß als in einem spiegel der
1498 2698 2434 2817 göltzlichen gerechtigkeit vorgestellt werden
1475 2775 2408 2881 die verschiedetten Exenißel so allhier in dieser
1495 2846 2395 2959 Statt ariff diesem Jagorljährtigen ohrt und platz
1505 2909 2435 3029 ern und darn leyder gesehen worden, insonderheit
1487 2977 2428 3095 aber das Exemsel der Jettigen Pröffelhafften
1475 3050 2401 3159 Diebes bande, so sich vor ohngefahrdt zwegen
1486 3121 2405 3218 jahren hinder sigmotl eine zeit wng auffge
1487 3184 2428 3307 halten, darvorden die goltliche bendtigkit
2229 3277 2385 3369 mit c.
