3024 4032
321 637 1292 807 mit dem ernten von gegenwährtigen Malchi
335 746 1278 862 santen bereits vier auß dieser suchloßen
339 814 1310 954 Gesellschafft gleich dem waßer hingerißten und
345 896 1298 1002 Straff und kaach gezogen, wir wollen aber
334 969 1306 1096 zu bestähtigung obgegezognen spruchs zuver
341 1039 1309 1187 gangenen leydigen begabnußen veß nit bnde
365 1106 1294 1257 ondaren mit wenigere vorstellen das trourig
336 1179 1297 1302 Blyspihl dier allhier in Oberkeit Breden
344 1246 1303 1396 vor augenstehenden armen mantschen Hann
360 1331 1288 1446 Treyers gebührtig von Bub und gilgian
367 1403 1318 1541 Schrntzler vor Tschiegel der kilchhöry Shriß.
359 1483 1323 1607 Wyll, welche aben auch wegen dergleichen
343 1545 1307 1690 Froffelen verbrecken en jezmahligen tröuige
347 1628 1226 1757 zustandt sich allhier vor und befenden
260 1719 1271 1885 Dann Stachdeme der Erstere von diesen
354 1830 1255 1946 beyden maleficanton namlichen der
340 1895 1297 2028 Treyer von dreyen underschiedelichen hinder
334 1964 1325 2088 signoulo und wangen ferndrigen jahrs zingen
343 2040 1321 2164 grichteten persohnen als das haubdt und geführ
352 2106 1297 2239 rer ihrer diebsbonde angaben und beschule
340 2184 1270 2297 diget worden, die dann auch biß in todt
341 2252 1272 2376 daruff beharret, daß er mit hulff der
341 2328 1306 2428 fiecten und anderen von dieser ruchloßen
325 2405 1293 2517 Gesellschäbft bey 22 nächtliche einbruch
325 2481 1185 2607 und diebstähl begangen und vürnebt
313 2545 1302 2688 Als ist dieser wreyer auff bschehene oberkeitliche
316 2632 1294 2763 vrdgmallhieiger geforgen scholf
307 2723 1308 2849 verorstallt letst verloichenen 25 merzen
333 2800 1289 2934 hinder landtshuet in gefänglichen verhafft
334 2886 1272 3014 gezogen, gewahrsomlich allhar geführt und
337 2964 1312 3086 auß oberkeitlicher verordnung in allhiesige
333 3034 1314 3164 gefangenschafft obgesaadten und anderen begen
321 3115 1282 3246 genen diebstählen und nächtlichen einbrechen
341 3172 1291 3307 halben guetlich und peinlich examhiniert worden.
318 3252 1281 3405 Welcher darüberhin seine bekantnuß dahin gethan
1086 3345 1296 3446 Namlichen
2339 611 2429 698 116
1474 712 2393 852 ramlichen und für das erste daß er  a7 23 dm
1502 800 2423 918 Kheyer im Stmpff bey Jurg dorff eine kalbeten
1495 866 2421 990 nachts auß dem stall geomen, selbige im Buegdorff
1501 922 1831 1025 holz geschlachtet
1505 1002 2441 1141 daß er mit helff des HHanns Frey eines schneiders
1505 1075 2407 1185 von Hüttligen und des röhtelis einem bouren
1501 1135 2380 1250 Obenhar Riederen s jengen gestohlen, das hong
1504 1190 2435 1320 außgelaßen und solches so bey 24 maßen gelesen.
1487 1263 1982 1369 zu Congnould verkoufft
1389 1394 1437 1452 3.
1492 1341 2416 1472 Hat er mit hulff des hingerichteten murgen
1496 1417 2318 1515 thalets dem müller im Bach 3 oder  und
1390 1489 2415 1625 4. Rit weit von Rüffenacht 5 oder 6 jungen gestohlen
1400 1622 1444 1688 5
1487 1593 2368 1734 Oberhar NouldenEgg mit zethun gedachten
1488 1682 2377 1794 Meiegreithalers und des rohtelis ein mlas
1501 1747 2378 1855 Pferrrenli bey 20 eller Rarild luch und eine
1499 1824 1909 1915 Jaggen genommen.
1389 1880 1440 1980 6.
1483 1871 2436 2016 mit hulff obgedachten Hanns Freys zu Ober-
1492 1972 2124 2081 scharrhi widrumb 2 immpen und
1391 2047 2427 2176 7. Zu Wohlen 3 oder u jmem verdiebt und genommen.
1379 2138 2385 2285 8 zu gedachtem Wohlen noch bey 27 pfunden
1488 2248 2077 2348 garn ab eines stangen.
1378 2343 1474 2448 9.
1498 2315 2419 2443 den obersten haus zu Buchß Egg Solothurner
1484 2408 2304 2515 gebiets abermahlen 2 imper und
1361 2500 1423 2571 10
1488 2477 2414 2612 stunden auff dem Buchßerberg auch 2. jugen
1451 2571 2040 2677 verderbt und gestohlen.
1362 2662 1422 2738 11.
1481 2648 2427 2773 Bekannte, er auch, daß er sein weib und kindt
1498 2720 2420 2835 Freuloloß verlaßen und bey 22n jahren dahero
1508 2785 2438 2889 mit dem auch hingerichteten rohtelin in ehebrun
1496 2851 2305 2959 gelebet und huersweil umbhergezogen
1360 2962 1430 3029 12.
1490 2933 2407 3068 und endtlichen daß er sich mit rathey Herrmann
1495 3008 2425 3127 auß der heiteren ohngeacht Heines noch lebenden
1495 3069 2406 3199 heldeibs in eheliche versprechung eingelaßen
1485 3137 2385 3259 und darüberlin leibs gereinschafft mit
1489 3216 1802 3325 ihme gehabt
2145 3255 2373 3368 Der etc.
1373 1024 1439 1114 2.
1390 762 1434 819 2.
