3024 4032
439 557 1136 703 Samnel Pluß dis schweiers
586 666 1253 765 ese Cigmen vnd Veraubt
130 674 1241 815 Nach demo hn: Gel auß vorgetragener onformation
158 772 1270 893 Verstanden, welcher Geftalten Sammel Pluß der Schneyderga¬
172 835 1268 974 mel Habolden den Schießer dinstags den 31. aug in der hr
166 910 1255 1028 Schaffnerin Sinner Keller an der Merzgebeaßen durch nun
174 974 1253 1091 gegebnen stoß die Kallerstägen sin ab aufs haubt gesuren
181 1047 1258 1171 so daß er nochselbige nacht todes verbluhen, und darauf hin
173 1134 1258 1249 fr Jul Belieben Wollen auß dero Hochen mittel Mahl
173 1202 1259 1331 Ralts heeren simner zu verordnen, mit befalchlichen gesumen
164 1271 1267 1399 den plußen diser verübten that ernstlichen zu caaminieren
173 1357 1261 1480 deßwegen dann muhl rahts seer mit zuzeüchung ihr gude
181 1428 1254 1560 Dieneren myrehrn Großweibel iim Hooffs und des griht
178 1508 1272 1635 schreibers den 10 septembrio diß 17  jahrs sich in die ge
183 1583 1272 1714 gangenschafft begeben daselbsten ermelten fluß diser leidigen
193 1675 1285 1797 that halben gn red gestoßen und über beschehened ernstliches zu
203 1763 1051 1880 prechen von ihmme vollgende bekantnuß erhalten,
235 1871 1248 1993 Ward demnach derselbe befragt, wie alter seye und ob er
208 1953 449 2048 vorheurahtet.
195 2004 1252 2140 er seye ohngefehrt bey 80 jahren alt und etwann bey 20
122 2004 197 2151 A
207 2098 591 2208 jahren verheurahtet.
128 2173 777 2292 Den oberkinder habe und wie viel.
141 2239 1269 2399 B hr habe drey knaben, dar von der einte bey msr nachmann
187 2314 1284 2434 dem Meßerschmidt der ander bey einem Steinhauwer zu Losan¬
192 2404 1291 2528 und der dritte bey msrr Hoßmann dem müller An der matten
178 2484 891 2600 die handwerck zu erlehrnen Verdinget.
126 2565 1282 2723 D wormit er sich seyn weib und kinder erhalten und ober auch
200 2645 1173 2781 seinem handtwerckfleißig obgelegen und gearbeitet.
217 2754 1288 2893 er habe gearbeitet, waß er können und so viel mann ihme geben
209 2844 1271 2954 o aber meistentheils inflick arbeit bestanden, dann weilen e
201 2883 1283 3011 nit bemittlet und ihmme wenig naüwe arbeit zu machen anvertra
192 2974 1276 3097 wet worden, habe er sich und sein weib mit großer mühr in beschoe
199 3055 844 3171 licher armuth mußen durch bringen.
127 3139 1267 3297 2. Wann er dann so arnuchtsehlig und mit so großer muhe sich im
183 3208 1276 3353 ein weib habe müßen durch bringen, warumb er dann so balder
934 3298 1229 3461 ur Egde
2185 587 2330 724 14.
1315 645 2399 799 Sanen pfenning gesabt selbigen gangen genvertrincken und
1345 744 2382 868 wahr in den Kelleren anstatt erfleißig arbeiten und etwann
1338 798 2406 958 Zu Zeiten in bescheidenheit einen trunckin seiner wohnung mnßen sollen.
1339 869 2350 1039 Es habe der verstorbene Habold ihme angesprochen emn salbe zu
2076 1001 2112 1039 a
1351 970 2375 1123 kuffen mit verdeuten, daß er guten zigen batzigen wein wüße
1338 1049 2389 1177 damne er willfahrt und ein salbmaß dochten veingahlt in einem kelen
1339 1122 2397 1249 Gegen dem Schlüßel sumber, wie sie umn diesalbe getruncken gehabt,
1342 1202 2381 1319 sage der habols, er wüße in einem anderen keller drunden an der
1345 1277 2397 1415 Metzger Gaßen nach Beßeren seiumb 6 , da seyend sie dahin
1336 1351 2365 1468 gangen und habe er fluß daselbsten dem habold noch ein halbe zahlt.
1336 1435 2372 1579 Nach demme nmn sier außfer fluße vermabnt worden die sergangenseit
1343 1521 2414 1643 Der sach mit dem Habold in der Frl Schaffnerin Sinner Keller umbständt¬
1355 1584 1843 1717 und wahrhafftig Anzuzeigen.
1357 1672 2411 1817 hatt derselbe anfangs sich nit erinneren wollen, daß er in genel
1360 1777 2390 1893 vem Keller dem Habold einen stoß geben, darvon er die kellerstägen
1361 1843 2377 1960 immnter gefallen, sonderen vorgeben, daß nach demme der habold ihnne
1348 1918 2398 2031 saeinen s. 2 schelmen geschalten und andere unnütze wohrtmehr zuge
1353 1973 2401 2108 gedt habe er denselben bym arm gefaßt, der Habald aber habe ich nit
1347 2070 2395 2181 Gwalt von ihm gerisen und aleso die Kellerstägen hiunder gefallen.
1332 2152 2389 2285 Als Aber Muchl Coraminator ihmme fluß hierüber verdeutet, daß
1361 2235 2382 2327 der aufgenomene Bericht viel anders Laute und durch die kundt¬
1348 2307 2373 2411 schafften seiter gezeuget worden, daß er dem Habol einen Stoß
1372 2380 2379 2469 geben, mit seweglichem zusprechen und ermahnen die bloße Wahrheit
1362 2455 2299 2579 durch eim aufrichtige kunde bekantnuß angezeigen.
1346 2536 2397 2695 hatt er darauff mit bezangender großer Reüw Sekent, daß nach
1367 2634 2401 2773 demme er mit dem Habold in der herschaffner Simer Keller eine salbe
1359 2721 2407 2839 getrunken, die er fluß auch bezahlt gehabt und sie beyde mit einander
1360 2792 2407 2912 ven die kellerstägen, aufgangen, habe der Habold ihne fluß einen
1365 2855 2401 2994 schelmen gescholten und andere Unnutze wohet mehr zugeredt, welches
1376 2941 2408 3092 Anfangs nit so viel geachtet. Als aber der todtengräber Haußler
1375 3023 2416 3163 so damahlen auch im Keller getruncken sagte, sie wollend keine schel
2164 3095 2236 3155 Kopf
1366 3101 2396 3242 mnen under der wacht dulden sey ihme der verduß in sonnen, daß
1364 3184 2404 3318 sr dem Hebold einen Sto geben dar von er die Kellerstagen hinabge¬
1367 3239 2373 3401 frhlct dehent Aus iter daher dar s Gsag gung de letzen
2205 3335 2317 3487 61
