3024 4032
236 576 1251 727 Allgemeine sicherheit und Ruho ihrer Angelö¬
299 659 1200 804 eigen undertlaten anhemmet und zurstöhret.
266 725 1277 864 Anderheits dann sich schuldigkter maßen frinneret
287 808 1260 911 Dero zu Abstraffung dergleichen Misethaten
290 880 1254 1016 von gott dem Allerhöchsten recenten ihnen
288 949 1261 1061 Anvertrauwten hoch oberkeitlichen Ambts¬
302 1020 1280 1163 und daranfangenden pflichten. habend darauf
286 1094 1260 1203 hin soch Andachte unßere GnädigeHerren
289 1170 1279 1310 und Oberen Rahtuns Burger bey ihren Eden
367 1241 443 1298 lucht
293 1246 904 1363 zn erkennt und gesprochen.
304 1328 1261 1430 daß dieserem Hans Gerloer in betrachtung
314 1400 1260 1494 seiner jugens und daß er noch niemohlen
314 1459 1240 1551 uber einiche solch vernebten Graßlen
313 1509 1248 1604 durch milte straß abgemahnt, zwar am
313 1557 1224 1665 leben verschonet, donoch aber zu wohl ver¬
304 1632 1240 1709 dienter straff für drey Jahr lang auf die
322 1694 1253 1800 Balleeren verfelt sein solle, jedrnoch mit
313 1774 1244 1863 dieser muglichsten pracaution, daß ihme
321 1826 1246 1919 der religion halber nichts angenuchtet
317 1889 1242 2003 und derselbe nach verflossenen dreyen
312 1956 1232 2043 jahren widerumb loosgelassen und auf
298 2000 1244 2102 freyen fürs gestelt werden könne und solle.
298 2059 1223 2173 welcher zkorghli und oberen ausgefalten
290 2134 1192 2220 Erkandtnus zu exequieren überlassen
622 2168 1114 2286 Meyhe der rächter
309 2205 594 2300 worden.
303 2266 1234 2386 bry diesem anlaab dann sind worghsundt
295 2334 1239 2429 oberen säht und zürger widermahlen
296 2391 1235 2519 wohlmeintlich errinneret worden, weilen
293 2438 1276 2564 dieselben mit voinen Ordnungen vorsehe
301 2510 1252 2626 wie ergentlich der dieben wegen ihren
314 2555 1273 2673 vernebenden frästelthaten abzustraffen,
311 2625 1269 2740 ob hirmit nicht thunlich seye, daß zu ver-
300 2673 1247 2809 hoffender mehrerer sicherheit und ruhlo
308 2730 1248 2884 ihrer angehörigen underthanen dereest
316 2793 1261 2937 halber eer geinleche halsgricht ordenung,
314 2831 1245 2972 vermög deren ins künfftig über mit
316 2913 1239 3049 und andere vorbrechen ergreitlich gee
306 2980 1240 3094 richtet werdend könte, gemacht worden.
309 3028 1292 3172 solle. Welches ob es thuerlich oder nicht hoch
309 3081 1287 3231 gedacht meyh und obere zur deliberation
307 3123 1288 3304 mings der sähten aufzutragen gthunden.
319 3181 1278 3352 der meinung, daß dero getachten darüber
327 3239 1276 3393 mit allen meinungen zu paprir gebracht
312 3297 1273 3466 Mongss säht und Burgeren, so bald müglich
319 3353 1284 3516 zur beliebigen decision hinderbracht werden.
321 3378 1313 3574 solle. Acte coram 200 den 3. dembris 1715
