3024 4032
311 556 387 634 a
216 679 1233 800 Die allgemeine sicherheit und Ruhw ihrer
221 761 1222 874 angehorigen underthanen gehemmet vnd zer
231 821 1225 923 stöhret, anderseits dann sich schuldigster
229 886 1203 995 maßen erinneret dero zu abstraffung
231 948 1213 1049 dergleichen Mißethaten von Gott dem al¬
227 1030 1211 1123 lerhöchsten Regenten ihnen Antertrauw
232 1079 1215 1180 ten hochoberkeitlichen ambts und daran
815 1143 1225 1245 Habend darauß
238 1154 813 1265 hangender pflichten
241 1218 1203 1329 lin hochgedachte Vnßere gnädige Herren
232 1284 1229 1395 und oberen bey ihren eydten zu recht
226 1353 810 1456 erkennt und gesprochen.
232 1425 1221 1525 daß ihre Caspar Spring zwar nicht an das
251 1494 1214 1579 lebere gegrisene denoch aber wegen soiner
239 1545 1163 1658 Castorthater und anderen dergleicher
237 1610 1244 1697 schlemmen gsollene herrer saempel ferr elörg
247 1674 1236 1762 auf der Ghallerr ehestens versendt worden
241 1735 1270 1848 solle act vor stäht und Burger den 29. maii
1181 1801 1276 1895 117
2181 621 2305 731 8.
1488 671 2405 805 in Misdgenomene Insormation
1492 772 2398 909 Aber der durch Caspar Curradt
1523 870 2362 962 Den botten sonst däümlig Caspar ge¬
1551 943 2401 1013 nant von Smnizwald an Hanns Jacob
1550 982 2405 1079 Heinrich dem Sayler und Krämer auch
1532 1033 2385 1133 von gedachtem SumpbWald begange
1725 1088 2103 1185 nen todtschlag.
1437 1260 2403 1385 Sachdeme Dinstag Abends den
1460 1339 2427 1435 26 brachmonat Hanns Jacob Heinrich
1469 1411 2418 1518 der Saÿler und Krämer mit Caspar
1464 1461 2425 1563 Cunrad dem Botten, sonst däümlig Caspar
1461 1509 2391 1629 genant und Benicht Bernhardt sambt¬
1465 1580 2399 1676 lichen von Sumiswald auß alhiesiger
1479 1622 2418 1733 statt gangen, Willens, sich mit einande
1474 1695 2391 1802 ren heimb nach Sumiswald zubegeben
1467 1753 2366 1854 Underwegs aber auß hrn Goldtschmidt
1464 1809 2408 1908 Nötingers Hübelin nechst an der schoshal¬
1453 1866 2417 1974 den bey dem daselbst wohnenden Uhren¬
1467 1934 2422 2054 macher Ullrich Benckert auch von Sumis,
1448 1982 2425 2113 Wald sich etwas auffgehalten; Ist gemel
1468 2048 2406 2160 ter Hanns Jacob Heinrich von Gedach¬
1461 2112 2398 2217 tein Caspar Cunrad daselbsten mit
1470 2174 2409 2275 einem degen also tödtlichen verwundet
1466 2227 2374 2345 worden, daß er in einer halb stundt
1467 2297 2398 2386 darauß todtes verblichen. Dest wegen
1463 2343 2402 2468 auß befelch mr Hh Schultheißen Ihr Gn.
1455 2401 2367 2539 Diener H Großweibel im soos mit Hr
1472 2477 2382 2585 Bgrnego Thormann und dem Grichtssub
1463 2531 2386 2630 Situten sich in die Schobshalden begeben
1470 2601 2389 2713 daselbsten wegen dieses leidigen fahls die
1462 2658 2371 2774 erforderliche information auffzenemmen
1471 2709 2409 2816 da dann von nach vernambseten Persohne,
1475 2774 2365 2892 Welche auß ernstliches zusprechen bey
1468 2829 2442 2945 ihren gihten treüwen gezeüget, volgender
1466 2907 2039 3024 bericht erhalten worden
1457 2997 2416 3134 und sagdte erstlichen Bendichs Bernhardt
1477 3083 2406 3191 as der endtleibete Heinrich, der Caspar
1466 3140 2399 3263 Cunrad und ergezeug mit ein anderen
1459 3194 2413 3312 auß der statt auf das Hübelin gangen,
2179 3274 2410 3382 daselbsten
