3024 4032
395 590 1207 743 Peter Hooser von Brub
330 697 1245 790 Weilen der selbe sich gewäigeret das
340 756 1247 868 bey Cathry Jänni erzeügete mieheliche
318 812 1245 927 kindt alß das seinige zu verpflegen
319 874 1260 992 Als habend ihr grl ihne so lang von
322 933 1266 1030 Statt und Land zu verweisen befohlen
328 994 1199 1105 biß Er sich darzu bequemen wirdt
337 1064 939 1178 Actum a1 May vjan.
456 1167 1206 1299 Madlena Bäbler
573 1273 667 1357 Von
337 1289 1261 1413 so zween ehrige häffen entwendt und
313 1359 1242 1481 von Ruchße gefängtlich alhar gebracht
336 1422 1268 1533 ist von ihr gnre für 3 Monat lang
328 1476 1254 1591 mit dem Ring ins Schallenwerck er¬
322 1542 1253 1656 kennt worden actum den 27. julii 1711
317 1606 831 1717 exequiert den 28. dito
483 1717 1132 1832 Maria Zimmerli
524 1811 652 1887 Von
307 1852 1287 1983 so sich mit dem zweyten ehebruch ker
313 1931 1241 2049 trabet, ist nach inhalt der gsatzen mit
313 1997 1233 2107 dem eydt von ihr anna statt undt
295 2060 1229 2158 Land verwiesen worden Actum 27.
309 2129 578 2238 junii di 11.
464 2241 1148 2386 Gristira Schmidt
492 2330 884 2428 ab der fuhren
325 2371 1274 2503 so sich mit underschiedelichen diebstählen
319 2442 1215 2563 vergriffen, habend Mr gh: für ein¬
310 2499 1283 2618 jahrlang mit einem rig ins schallen
325 2566 1269 2693 Werck erkennt. Actum ad: Aug. qji
446 2671 1047 2780 Melcher Meier
502 2735 1276 2825 von Abneten Kilchöri Schwartzenrge
320 2783 1266 2911 Weilen derselbe ein Pferdt entwendt
348 2855 1256 2956 o aber seinem pro prietario restitiert
214 2911 1203 3038 worden alß habend ihr gee ihne für ein
322 2965 1262 3091 Jahr lang ins Schallenwerck erkennt.
316 3041 1269 3150 so auch exequiert worden. Den 20. aug
310 3142 456 3232 A7m1.
2318 572 2438 688 13.
1526 612 2123 738 Elßbeth Lirider
1665 708 1776 771 Von
1482 738 2433 863 Ist wegen zweyen schwösteren von Escher
1497 817 2402 908 litz entwendten kleideren it auß ihr
1499 874 2451 975 gn befelchohne bestimmung einer zeit
1500 923 2472 1027 dem Schallenwerck übergeben und an eine
1501 977 2417 1081 Bannen geschundet worden. Actum 19.
1509 1053 1772 1144 eebris 17h.
1631 1126 2231 1240 : Auguenin
1618 1207 2175 1322 der Perruquen macher
1496 1290 2458 1405 Weilen er vor muhithen den hohrrichteren
1503 1355 2427 1457 dahin er auß oberkeitlichem befelch beschei
1502 1411 2397 1504 den worden nicht allein frächerdingen
1509 1461 2435 1560 beharren dörffen, daß die bezuchung der
1503 1510 2475 1650 kirchenversamblungen keine nohtsach, sam
1507 1573 2472 1684 deren lediglich für die, so der Heil Schrift
1514 1635 2473 1753 unkündig, er aber solche für keine heilige
1492 1694 2467 1814 versamblungen halten noch besuchen thuge
1507 1761 2456 1884 ingleich auch unnd gestanden, daß er am
1505 1815 2450 1946 letsteren battag gearbeitet und auch ver¬
1525 1881 2408 1984 meine nit zu verfahlen, Wann er an
1508 1939 2432 2062 einen heil sonntag selbsten arbeiten
1508 1996 2472 2116 thate. Alß habend ihr gn guhtfunden
1507 2060 2418 2158 diesen gesellen eydtlich von dero statt
1508 2108 2424 2219 und landen und in seine hennat zu Ver¬
1505 2164 2478 2276 weisen, so beschechen den 29 sept und exc
1513 2249 2175 2346 quiers den 2tn octobris d 1.
1631 2331 2159 2428 Niclaus Stalder
1650 2411 2115 2506 von Weisenburg.
1502 2443 2445 2565 so sich eine Zeitlang hinder hrn Alt Wein¬
1500 2513 2451 2640 schenck Müßlin als ein haußmann auffge¬
1509 2582 2414 2698 halten. Ist weilen er zweystück Tuch ab
1498 2637 2474 2745 der Bleicki zu Arberg entwendt auch aueß
1513 2709 2468 2821 reren diebstählen verdächtig, zu gnädiger
1506 2762 2470 2872 Abstraffung für 3: Monat lang ins Schallen
1494 2823 2425 2935 werck mit dem Ring eingeschundet worden
1497 2900 2046 3002 Actum b: Octobris gu
1623 2975 2292 3102 Jacob Schütz der sager
1701 3037 2101 3151 von orthschwaben
1494 3113 2466 3246 Ist wegen begangenen Ehebruchen vnd Ver¬
1508 3159 2475 3291 übten diebstählen, wie auch erpreßten zuren
1507 3232 2454 3338 Zeldteren, und anderen schlimmen thaten halben,
2280 3318 2404 3409 mit
