3024 4032
216 633 309 697 120
216 679 280 745 188
387 655 947 803 Erstes sramen mit
362 736 1273 883 Dendiols Buiher von Kaußdorff
208 768 335 900 Gristi
390 831 1310 962 einem kerli von etlann 18 a 19 jahren alter
330 940 1306 1066 Den 21en novembris 1720 habend ermelt ihr
338 1019 1303 1124 gn dienere mlohr Großweibel und grichtshrei
342 1080 1294 1172 ber mit nächst vorangezogenem klenden und
339 1123 1304 1238 imerkannen menschen bendichs Buyder, so da
348 1188 1305 1285 in die gronliche sund der bestialitet gefallen nach
332 1240 907 1350 folgendes cramen verrichtet.
388 1322 787 1434 Wo er daheim seye.
223 1307 368 1443 Schragh.
373 1382 673 1504 2 kaußdorf.
239 1420 346 1487 Ants
351 1426 1069 1571 Wir seine muter hei�e R Coni
244 1488 318 1560 2.
353 1519 1182 1643 wir sein vatter gheißen. h Cchristi.
262 1542 338 1654 A
351 1594 1301 1725 wir sie noch mehr heißen h hr luße und dem
258 1613 334 1739 G
349 1683 1044 1786 ab er wußen warum er hier seze.
267 1704 325 1794 A
256 1756 1219 1856 . Weil der in der geßmatt ihne hiehar gschikt.
278 1826 1146 1928 l ob der in der Gaßmatt Pulver heiße.
260 1889 1048 1994 A. tein Pulces sey nit darbey gsin.
284 1928 1268 2051 . Was er angestelt, daß er hiehar gschikt worden.
280 2020 454 2100 2. Nut.
286 2060 1221 2178 D ob er nit mit einem schaaß zu thun gehabt.
290 2138 924 2230 R Nein, habs nüt angrührt.
280 2194 1293 2310 ob er das schaaß nit angebunden gehabt? R. Nein
334 2259 1289 2377 replicirrt der fulier heyg ihn ja gsehen, da er
342 2338 973 2438 das Schaaß angebunden gehabt:
280 2379 1305 2514 H Pulser Heta ihn wohl gsehen, aber er habe doch das
283 2480 896 2577 Schaaß nit anbunden ghan.
275 2526 1315 2660 h ob nit fulver darzu kommen, da er beym Shaaßge-
356 2608 496 2692 lesen.
278 2638 1315 2779 H. Ja das Schaaß syg zu ihm kon, aber er hab nüt geacht
358 2722 1325 2836 replicirt der Pulder heyg schon alles gesagt, ob er kommen
362 2787 1192 2898 solle und ihm die sach sagen, was er gemacht:
298 2862 1154 2964 R er glaubs nit, daß er etwas schlimms gmacht.
292 2913 1293 3035 D ob der fülver nit zu ihm gsagt, das mächst da du
353 2970 1309 3069 schlimmervogel, ich solt ein zaunsteken nemen und
341 3049 691 3146 dich stodschlagen.
292 3110 924 3215 R Ja aber mit schlimmes gmacht.
295 3162 1182 3266 e. warum er dann das schaaß angebunden ghabt.
299 3217 1278 3340 R Nein, er heyg kein seil in dhandnemmen dörßen.
2289 611 2446 695 16M 2
1485 650 2223 801 ob das schaaf ihm still gehalten.
1350 706 1459 803 D
1486 749 2436 865 habs nit können überkon, hab ihm wöllenlaub
1392 780 1476 858 A.
1472 811 1749 905 Pfreßengen
1391 858 2454 992 In wer ihme gsagt, er sölle braf laugnen und der bahr
1470 947 1738 1042 bit nit sagen.
1486 957 2457 1108 der in der Gaßmatt heyg gseyt, er solle d wahr
1389 988 1466 1088 N.
1472 1068 1648 1139 leitsägen.
1475 1089 2444 1228 ob nit der Baur bey dem er gedröschet ihme gsagt,
1391 1126 1453 1211 h
2137 1168 2319 1263 Rs ga
1469 1174 2039 1287 er soll dr wahrheit nit sagen.
1488 1238 2321 1371 Wir derselb baur heißen h Christi
1378 1254 1466 1339 I.
1486 1319 2038 1442 Word ihne hingeschikt heye.
1383 1326 1461 1418 G
1486 1387 2436 1506 Abern gegen kauff dorff, znacht sey er wieder
1474 1458 2377 1571 übern gangen hanßi habe ihn gheßen.
1482 1518 2455 1635 Was er von einem jahr in ihrer matten im Bödeli
1476 1586 2459 1694 mit dem schaaß gemacht, da Christi Kunkler ihr
1463 1647 2274 1754 angetroßen und über ihne g'schrauen.
1486 1728 1583 1802 N21.
1402 1700 1471 1803 N
1493 1773 2080 1887 Woer das Schaaß ghan Heyge
1419 1792 1461 1877 g
1487 1853 2013 1945 seym horn, sonst nireen
1415 1855 1482 1926 1
1421 1897 2320 2020 Den was er gemacht, da fulcher ihn antroßfen.
1414 1978 1594 2065 R. Nud.
1414 2030 2235 2147 D warum er dann sein spitz furen ghau.
1419 2114 2118 2216 Rh nein hab ihn nit furen ghan.
1467 2174 2470 2289 repliciet, er solle frey der wahrheit sagen und nit laug
1475 2246 2461 2355 nen, sonst gange es ihme nit wohl, wann er die obten
1468 2306 2396 2411 feit erzürne, man wolle ihn dann heim laßen.
1402 2372 2467 2483 Dn ob nit seinen spiz davornen ghebt, da fielver ihn ange
1464 2430 1636 2520 froßen.
1780 2441 1947 2528 R. Ja.
1404 2472 2074 2597 2. Was er darmit gemacht heÿg.
1424 2553 2484 2667 hab mit drangemacht, wuße mit drum habnddist
1481 2625 1715 2724 mit gmacht.
1405 2657 2106 2786 d ob er sein spiz nit furen zogen.
1499 2760 1893 2858 Ja, er glaubs wohl.
1421 2739 1486 2833 A.
1417 2806 2337 2936 Den ob er nit seyg wollen machen wirder widerum
1432 2890 2368 3012 e ja sey wahr, aber hab noch mit außen gheben.
1414 2953 1885 3071 een wir er dan gemacht.
1427 3021 2398 3136 R habe gelöhrlet wie der wideren, sonst nadist mit
1447 3097 2349 3208 ob nit den spiz dem schaaf einen gstoßen.
1435 3170 2315 3275 R Wohl das sey wahr, aber er hab nit recht können
1452 3245 1489 3290 6
