3024 4032
427 567 977 708 Derosme Alliond.
304 665 1139 808 Gebuhrtig de la Kippe bekanntnuß und
539 751 723 837 Vergicht
229 798 1283 979 Nach zemme Derodine Alliond, vines Resegierte
312 895 1275 1021 Frantzoten Sohn von Gell gebührtig dela Kipße
313 954 1292 1084 hinder Beaumontt zwüschen drey in vier und zwantz
317 1022 1288 1134 jahren alt wegen eines letst verwichennen aprilio
319 1082 1272 1188 im schloß zu Gano begangenen Nächtlichen Untbruchs
323 1145 1249 1245 und vernebten Namhafften Diebstahls, Aus Chor¬
325 1206 1262 1330 brichtlichen banden, In denen er sich eben bey Ent¬
326 1261 1274 1373 seikung des diebstahls wegen eines Hurer zahlers
330 1324 1260 1448 befunden, in die obern gefang enschafft versekht:
326 1387 1268 1498 Ist selbiger darauff den ersten Brachmonaht
332 1450 1216 1565 Anfänglich durch Ihr Bul denner M W
319 1513 1200 1623 Großweibel Im Hooff und Grichtschreiberen
317 1576 1272 1685 Wyttenbach, Allein ernstwöhrtig, Nachwehrts aber
326 1638 1269 1744 Auff erhaltenen oberkeitlichen befelch, durch Mihh
328 1702 1288 1814 Rahtsherren Steiger den Alteren, mit zuthun etz¬
338 1765 1294 1868 gemelt Ihr Bul. Dieneren d 12. 22: und 2 t
320 1820 1285 1934 Junyj 1716 ahrs und Also zu verschiedennen Mahle
349 1883 1242 1992 über den bereits von ihme bekannten, und andere
328 1939 1273 2047 vermüchtlich begangenne Diebstähl, gantz ernstlichen
332 1995 1294 2094 Auch mit belegung der einfach und cahren Marter
328 2061 1285 2167 peinlichen Examiniers, und darauff volgende be¬
331 2132 1102 2235 kanntnuß von ihme erhalten worden.
319 2238 1279 2368 Vnd zwahr Erstlich, daß er von Tugens Aucf, Ihne
337 2309 1305 2424 erlehrnung eines ehrlichen berüffs, sich dem mißg
328 2360 1300 2470 gang und agen ergeben, beyerwachsenem alter
320 2417 1296 2540 habe er ein jahrlang bey herren de drano, auch drey
329 2481 1299 2607 und ein halben Monath bey Herren Hogger zu Coppl
325 2552 1276 2673 Als Stäger Gedienet, da Er dann zu Cppet ein zu
333 2609 1300 2715 sammen gelegtes meßer, sambt dem Fueterli we
334 2672 1281 2790 Auch zwo Kappen, die einte von Schwarzen, die
336 2732 1297 2837 andere von Viblen brannem taspet, welche der Gutther
346 2768 1292 2918 in seiner sammer auff den tisch gelegt, genommen und eit
340 2869 506 2956 wundet.
296 2922 1306 3025 Denne und zum Andern, als er verwichenen Aprelle
310 2998 1291 3124 selb sachst in einem wihrtshaus im Dörffli zu Grase
309 3063 1276 3193 zu Nacht gespeißt, habe er sich in der nacht gantz allen
313 3121 1298 3259 Auffgemacht, Auff Cranrs begeben, daselbste wilen
319 3158 1293 3313 ihme wagen seines vorigen Diensts, Alle Gelegenhei
306 3233 1285 3358 des Ohrts wohl bekannt; durch die Garten thur, welh
294 3276 1283 3464 Er öffen gefunden, in schloß und heimblich in der
1092 3354 1288 3483 Bauwer
1428 574 2426 716 zranden Schlesch genach geschlichen, d Pferdipp
1433 660 2407 774 Den schlüßel zu einem schafft zenommen, ichdem
1433 713 2414 813 t denselben geöffnet, und darauß die Cabinels
1441 762 2432 861 Schlüßel genommen, volgends sich dem cabeet zugemacht
1453 808 2265 926 urs daralß volgende praliose sachen entwendt
1453 870 1567 952 Als
1465 896 2366 1049 Ein Perlin Halsband von 600 fraucen wehrts
1483 990 2425 1132 ein Ring von Sieben diamanten 909. a 1000 fl wehrts
1480 1060 2356 1185 Ein anderer Diamanl Ring von 200. fanes
1470 1139 2032 1260 Ein ring mit einer chisfre.
1475 1212 2416 1360 Ein sung in der porm eines treüw Ringl mit kleinen
1473 1300 1766 1386 rohtensteinen
1466 1334 2382 1468 drey Guldenn Medailles zwo Großrund um¬
1463 1422 2385 1532 kleinern auff welcheren die waapen der
1462 1485 2383 1587 Stätten, Zürich, deen und deuff gepraget, son
1468 1545 2408 1660 in zweyen mit Jold gewürckte seiklan sich befundn,
1462 1599 2067 1721 Ein großer Selberner Dassin.
1465 1680 2382 1806 zween silberne Kerkzenstöck mit Abbrechen und
1463 1751 1799 1848 Abbrechen Suter
1465 1819 1974 1931 ein silberner Gguemar
1452 1881 2294 2011 ein silberner Becher mit verzultem dort¬
1460 1966 1879 2067 Ain silbernes Schäli.
1458 2046 1999 2156 Ain silbernes Salz Gachslin
1444 2113 1901 2221 Sieben silberne Gablen
1457 2179 2100 2308 vier zechen Große Silbrige öspel
1444 2266 2390 2382 Sechs kleine silbrige Capsl Cöspeli mit darauff
1457 2342 1843 2438 gestochenen Waaxen
1454 2415 2338 2518 ein silberner Hals kragen mit dem waagen.
1451 2489 2413 2588 Ein Fablette von Mhagrin quarniert mit Silbernen
1453 2549 2122 2648 Naglen und einer silbernen Nadlen
1444 2624 1967 2708 Etwelche Silberne Trücklin
1445 2678 2169 2791 Etwelche Alte selbrige Cassl Schußeli.
1444 2760 2136 2875 Sechs Meßer mit silbernen Hefften
1452 2829 1707 2928 ein alte Uhr
1444 2871 2424 2980 ein nauwen Jankzen, um neuwen halben Frantzgischen
1452 2957 2182 3073 Thaller und bey 18b land muntz und
1485 3053 1530 3113 i
1414 3006 2367 3179 Ewohlen nu dieser gefangenne Allioris, Gras¬
1329 3101 2415 3234 Anfangs Alle obspecificierte Sachen, dem H. de Grano Gedachter
1451 3152 2425 3297 maßer Gestohlen gehaben, in der Sute und ohne Marter
2329 3218 2396 3262 1
1450 3228 2440 3337 bekennt, auch an welchen Ohrten in seines Vatterspausen
1451 3276 2415 3424 Das Entwendete silber Sschier sich versteckt befinde, An¬
2201 3336 2440 3454 Angezeigt etc.
