3024 4032
134 1423 232 1553 E
136 1607 220 1699 R.
132 1790 224 1884 A.
112 2042 208 2139 R.
101 2150 234 2278 Rep.
134 2531 229 2644 R.
141 3191 242 3304 R:
129 3361 216 3465 R.
292 638 1227 775 daß er zu dem Ulli Müller gangen
290 745 1225 831 und denselben angesprochen Ihme
275 798 1239 907 einen Gatzen stempfel zustechen
265 864 1226 953 darauff sie mit ein anderen in
262 922 1236 1016 Schupach-graben gangen, und habe
258 1007 1227 1085 daselbsten der Ulli Müller auß
264 1045 1251 1153 dem einten Stempfel den Namen
267 1120 1236 1206 und schilt und auff den anderen
254 1193 1249 1309 das Creutz gestochen, da an disem
264 1269 1240 1369 letsteren noch die Buchstaben ge¬
248 1350 573 1450 manglet.
272 1407 1267 1548 Ob er dem Ulli Müller nit geholfen
265 1504 1134 1618 fen an disem Stempffel sechen
250 1591 1246 1711 Nem er habe mit daran geholffen
271 1683 906 1786 und könne nit stechen
258 1757 1240 1897 Was es fur ein Schilt gsein, so der
253 1853 1279 1987 Plli Müller auff den Stempfel ge¬
248 1962 516 2052 stochen.
241 2043 1260 2149 Er louße es nit Er kenne die schlag nit
269 2169 1258 2273 Es seye gar nit glöublich daß diser
265 2239 1272 2334 Stempffel nicht seye vollkomen auß
254 2295 1274 2398 gemacht worden, sintenmahl nur
252 2355 1275 2456 noch an dem einten Theil die Buch¬
249 2437 813 2552 staben gemanglet.
259 2518 1246 2619 der Stempfel habe ain selbigen
270 2592 1269 2681 Tag, da der Muller ihn angefangen
267 2638 1250 2769 nit mögen außgemacht werden,
272 2725 1270 2832 weilen es zuspaht worden, darnach
255 2805 1214 2914 habe er niemahlen mehr daran
257 2878 1258 2979 gemacht, und seye Also vnaußge¬
265 2944 1282 3049 macht verbliben, auch Niemah¬
267 3003 1282 3132 len gehertet, noch etwas darmit
253 3118 755 3217 gemacht worden
261 3152 1291 3300 Wie lang es seye daß diser Stampfel
261 3255 790 3356 gemacht worden.
272 3331 1074 3470 ohntgefahrd bey 12 jahren
1097 3402 1227 3517 E.
1316 697 1421 804 R
1325 801 1397 918 R
1445 671 2451 803 Wo er mit disem Stempfoh hinkomen
1448 791 2445 925 er habe selbigen in Schupach graben
1450 873 2424 958 under ein stein versteckt gehabt
1438 951 2431 1056 Allein das waßer habe ihn seithero
1447 1014 1782 1115 weg geflößt
1371 1202 2418 1323 Aiff vorstellen Mrhhl. Exami¬
1445 1291 2410 1387 natoren wor das er Express ein Al¬
1442 1363 2413 1455 phabet item Kupffer undtigel ge¬
1445 1432 2439 1533 kaufft daß Also nit anders seÿn könne
1433 1501 2412 1599 Als das er das Muntzen müße Im
1432 1589 2433 1678 Sin gehabt und solche sachen darzu
1438 1637 1872 1748 gebraucht haben
1399 1732 2437 1888 agte er, wie daß er zwar dise sache
1444 1845 2410 1941 gehabt, allein solche zum Putschier
1429 1893 2446 1988 stechen, wann er es hatte können er
1450 1968 2444 2078 lehrnen zugebrauch willens gewesen,
1330 2070 2442 2226 E. Ob er nit in wald gangen ganschmeltzn
1334 2209 1438 2318 R.
1438 2217 2379 2347 Wein er habe in dem Wald Nie ge¬
1458 2284 1698 2370 schmeltzt
1410 2451 2412 2613 Vier auff ward disem Leemann
1442 2560 2450 2681 von Mihhl. Examinatoren Ernstlich
1428 2645 2440 2738 zugesprochen, was maßen er als ein
1440 2708 2422 2807 Alter Mann Billich Gott dem Herren
1442 2774 2429 2883 die Ehre geben, der hochen Oberkeit
1433 2842 2444 2937 die wahrheit bekennen, und nit von
1439 2902 2428 3021 erst dūrch Marter sich darzu zlingen
1438 2969 2445 3092 laßen solte, Mit verdeuten; Es habe
1420 3046 2433 3147 Ja der Vlli Müller in seiner vergicht
1438 3125 2437 3222 bereits angezeigt und bekent, daß
1435 3187 2446 3285 sie mit ein anderen Im wald geschmol¬
1425 3254 2185 3370 zen und gelt gegoßen habend
2281 3274 2442 3371 deßen
2281 3372 2443 3447 ohn.
