3024 4032
240 3149 324 3271 17
255 1985 310 2063 15
265 1335 314 1401 1
248 618 336 709 ald
257 699 324 776 13.
248 2567 346 2671 16.
378 618 1106 776 In einem Hans ohnlorit Brondis
363 706 1157 852 habend der oüfer und Hoffer nachts
359 772 1190 911 mit ainem faltschor schlüßel die kuchen
347 854 1134 993 thür gröffnet dem Babi zahnd und
354 912 1148 1079 ihrer schiltli so bey dem offanhaus
361 987 1236 1120 gewartet und ehrige Hoffen hinauß geben
345 1061 1205 1186 davvon das babei zahnd und es zwere
344 1132 1247 1288 zu Solothurn a 3t hrn das lb verkrufen.
348 1269 1198 1422 habend des güfer und höcher in einem
366 1359 1200 1471 haus zu Sinnelwald und für dem nacht
356 1440 1199 1557 fers nachts auß einem Jadeli, welches
347 1518 1256 1658 Sy geoffnat zwen Ehrige Haffen genomen
370 1602 1205 1733 und ihme schiltli in dem schopff so nachßt
341 1674 1211 1803 darbey gestanden überbracht, welche haffen
371 1743 1166 1872 as nachlehrts zu Solathurre a 4bz
357 1831 797 1955 das lb verkaufft.
353 1940 1178 2096 Habe es schiltli dem rohtgießer zu
362 2032 1198 2162 Aorberg drey ehrige häsfen gholffen
357 2117 1214 2230 verkauffen, welche der güfer im obersten
360 2183 1259 2304 haus zu Kersaz entloredt und zu thun
380 2263 1197 2393 ain zusamen geschlagenes keßi, so der
356 2337 1214 2460 H�fer auch in einem dorff ob Frinisperg
369 2421 601 2545 gestohlen
364 2549 1250 2690 Mit Hulff Babi Zunders von Murten
389 2633 1266 2768 habe es schilltli zu vyhwwoltigen nachs
380 2711 1173 2833 bu� einem stall ein geiß entwardt.
352 2763 1269 2915 Welche das Babi zweder und sein bruder
376 2846 1301 2990 zu Freyburg em 14 a 43 bz verkaufft,
380 2936 1250 3063 und das erlößte gellt mit ihrer schiltlei
373 3012 882 3151 getheilt und verzehet.
401 3148 1194 3270 daß es schiltli mit und neben dem
323 3148 408 3248 6
1064 3217 1203 3331 zahnd
374 3227 1034 3358 Roht Mezger Hoffer und bab
1034 3358 1206 3450 An etc.
1436 3316 1488 3396 A.
1458 614 2352 748 An Sechs verschiedenen ohrten darbey Ihyn
1460 702 2296 810 da der Güfer faltsch aillt gemacht, als
1436 765 2338 897 Namlichen ohnleit dem Weißen Rößli
1470 845 2315 969 habe derselbe bey 6 oder 8 h in fürsh
1451 914 2316 1028 Bazler und zochen Cranzleren stred bey
1455 978 2340 1113 Reutschalen im Wald bey 4 l in Berner
1466 1055 2368 1173 fünffbazleron gemacht, zu S Reiclous
1470 1130 2333 1253 habe es ihnen nit recht gerahten wollen.
1448 1183 2336 1328 Dennoch eeldan bey 14 th ir Berner und
1450 1269 2324 1404 Lunernes frnff bazlern abgeben.
1435 1344 2344 1491 und bey wynigen habe en güfer bey 1 th
1482 1429 2339 1532 in Bern und Liernar kieff Bazleren
1457 1494 2361 1616 und noch einer anderen haltung fürsch-
1463 1590 2304 1703 bazler gegoßen und gemacht, an
1479 1664 2319 1788 welchen erstgedachten vier ohrten es wie
1484 1745 2313 1873 auch das Babi zahnd geholffen holtz
1490 1831 2358 1944 in zutragen, feüren schaltern und das
1488 1908 2291 2028 sy sonsten thun können. zu Ober
1490 1983 2286 2096 und Nider Esch dann seye es sambt
1485 2057 2321 2171 den anderen schiltwacht gestanden
1461 2140 2291 2252 Wie für viel in diesen beyden ohrton
1491 2220 2352 2332 halt gemachet worden könne es nit sagen
1494 2302 2357 2428 eiermahl seyen alles Berner und sucerner
1493 2376 2307 2488 freffbarler gewesen. Habe auch
1472 2447 2343 2580 zweymahl zu Solothure und zu Eongen
1479 2531 2387 2658 thall materi zum gellt machen gekouffen.
1491 2602 2430 2694 dem seye sie darben gstig und habind zu gesehen, da der güfer zu
1631 2659 2418 2730 wieder ef die absruck ien dahs näheli gebrhe
1474 2708 2372 2804 ondem faltschen gellt nun, so des gnfer
1487 2752 2356 2885 gemacht, habe er ihme schiltli geförglich
1496 2828 2391 2959 2 s und nachwehrts als er solte gefangen
1485 2908 2327 3026 werden, noch ein ganzes paguet alles
1508 2987 2330 3124 5. bazloron zugestellt, darvon es
1511 3056 2336 3213 ußgeben 2 Funschbazler zu thun
1495 3157 2330 3284 l Hu Langonthall 1 zu Beergdorff
1511 3223 2300 3334 und 6 der krameren zu Kalnach
1498 3291 2409 3395 N3. Hat nachwert den 28en dam 1121. den gebeg hehren deß
2222 3364 2346 3422 persetc.
1515 3367 1979 3465 gelt macsans halb entschlagen.
2339 599 2418 670 s3
