3024 4032
226 2847 312 2969 14
167 582 1253 745 1 mit zu thun des natwilenen hannd Bein
296 662 1273 799 manns, eines ohnweit der nauwen brugen von
299 754 1276 849 nenden haußmanns, habe er einem samoren
284 797 1273 923 Hieharwehets ortschwaben nächtlicher wyl ein
281 870 1272 993 feißtes kalb so ein monat alt gsin auß dem
293 943 1266 1062 stall gestohlen, solches in dem Mättelin bey der
293 1013 1276 1145 Brügg gemetzget und das fleisch durch des stein
311 1092 1033 1207 nanns weib verkauffen laßen.
826 1166 1160 1294 zwey Schaaff.
182 1173 750 1299 So habe Er zu Krauchthell
305 1267 573 1333 Zū Ettiswyl
813 1258 1174 1373 zwer Schaaff
179 1272 243 1362 6
305 1319 592 1443 3 Beedorh
208 1357 253 1413 70
813 1336 1180 1459 zwey Schaaff
185 1368 231 1445 1
316 1412 590 1527 zu Bolligen
817 1423 1163 1527 Ain schaaff
193 1445 247 1527 8
311 1478 576 1591 zu Buchßer
818 1495 1172 1601 zwey Schaaff
200 1526 259 1611 9.
316 1563 624 1665 zu Schwanden
832 1563 1186 1667 zwey Schaaff
210 1589 280 1651 10.
310 1645 699 1748 zu Nidertettigen
833 1644 1175 1741 zwey Schaaff
216 1668 296 1762 11.
329 1720 782 1818 en bauwren daselbsten
792 1721 1279 1821 Des nachts auß den ställe
248 1796 793 1882 genommen, Welche Er Oben
795 1803 1288 1895 und unden auß vor der
808 1851 1270 1960 verners und zum zwölfffen
320 1845 682 1963 statt gemetzget.
323 1939 1282 2066 habe er auch dem Haubtmann Scheurer zu Rider
212 1970 288 2068 N2
323 2017 1281 2120 undach ein schaaff in der nacht auß dem stall
313 2072 1295 2195 genommen, welches er ( Weilen die Provosen Shne
322 2148 1289 2270 in der nacht auff stuckis haußrein begegnet, wier
322 2233 1192 2338 auffen laßen, so aber verlohren gangen.
321 2331 368 2395 e
322 2319 1294 2459 bekennte Er, daß  mit zuthun des Daniel Schmit
196 2365 284 2484 13.
321 2391 1294 2528 seines dieb gespahnen verwichenen herbst zu Cryn
318 2471 1289 2597 con bey Ösperten zwüschen tag und nacht 4 schaen
315 2548 1283 2655 Auß einem stall genommen, selbige nach laudann
316 2614 1287 2749 geführt, daselbsten umb 62 ehr verkaufft und das
318 2708 991 2827 geldt mit dem Schmidt getheilt.
335 2817 1261 2973 habe Er mit hulff des Hannd Stainmanns und
345 2900 1282 3027 Hanns Hugis zweyer ohnweit der nauwanben
314 2938 1280 3097 wohnenden haußmannerin zu Herzwyl der
325 2989 1287 3173 Schaaff des nachts auß einem stall entwendse
323 3107 1133 3257 von er eines für seinen theil bekommen.
1302 3168 1364 3232 22
1325 634 1450 747 16
1336 1067 1407 1153 16
1332 1341 1431 1484 1.
1357 1700 1421 1774 18.
1349 2041 1408 2116 1
1449 579 2382 713 Mit zu thun erst gedachter beÿder Halß far¬
1468 660 2401 789 deren des Steinmann und zugis, habe er im Bachßer
1459 717 2392 852 holtz ein tragendes muter schwein so 8 färcklin
1475 786 2421 920 in ihm gehabt und der Steimann zu erst geschlagens
1456 850 2426 964 vollends gemetzget, daß fleisch zerhauwen und under
1460 912 2380 1042 sich getheilt, darvon ein viertel 27 lb geogen.
1451 1005 2405 1156 Abermahlen mit hulff obigen beÿden Haußman¬
1470 1103 2402 1214 jeren habe er im Seedorff wald ein schwein gestochen
1468 1156 2369 1295 und das fleisch under sich vertheilt, von welchen
1472 1229 2005 1328 ein viertel 18 lb gewogen.
1457 1327 2392 1474 habe er Hoofer mit dem Stemnmann allein im
1469 1416 2380 1530 Buchßer Waldt noch zwey schwein under zweyen
1468 1493 2408 1592 mahlen nidergeschlagen und getodet und nachwehrts
1463 1551 2100 1672 das fleisch mit einanderen getheilt.
1450 1645 2414 1786 Habe er im Buchßer Waldt ein schwein, so einem
1499 1730 1528 1778 3
1466 1729 2391 1841 panoren zu Büchßer zuständig gewesen inderschlagen
1457 1810 2362 1928 wöllen, selbiges aber nit recht getroffen, so daß
1454 1872 1924 1989 Es ihme noch entrunnen.
1468 1974 2389 2120 seye er mit obgedachten beyden haußmänneren
1459 2080 2361 2184 des nachts außgangen, vorhabens dem weibel
1451 2143 2442 2266 von Buchßer auff dem Weilhooff zweyfeißten
1463 2232 2382 2337 schwein zurauben, seyend aber von dem weibel
1450 2303 2391 2418 darvon versagdt und einen zimblichen Weg ver¬
1455 2379 1762 2478 folget worden.
1457 2456 2389 2607 Habe Er hoofer zu Urthenen des nachts außeinem
1345 2502 1426 2614 20
1478 2570 2387 2678 pfenhauß ein leßen entwendt, welches er einem
1466 2628 2409 2754 Meischen zu verkauffen geben, so ihme a ihren darfür
1886 2700 2175 2817 und endtlichen
1479 2719 1607 2807 bracht.
1335 2866 1418 2962 21
1486 2832 2406 2967 abe er in einem wihrts Hanß ohnweit 6perten
1460 2916 2390 3040 darinnen er mit seinem diebs Cammaraden daviel
1462 2977 2377 3105 Schmidt getruncken h Ellen weiß lynigs tuch zu
1466 3061 1920 3172 einem hembs entwendt.
1435 3141 1992 3250 Den 6ten may hat er hoofer
1367 3197 1966 3282 bey Absprechung des Labens etc.
2049 3183 2232 3281 aniel
1361 3249 1930 3324 noch angezeigt, daß er ver¬
1356 3291 1990 3375 wichenen Herpf im Kuepaunt¬
1357 3333 1983 3416 Graben, eine geiß nachts auß
1364 3380 1808 3461 einem Stall gestohlen
