3024 4032
263 590 1190 777 HHanß Borwers von Röhtenbach.
594 727 1125 928 Mnrua Rdisis
338 875 1271 1037 Wieselbiger den 3. tn Decembris 171
435 986 1241 1132 An der Crentz gaßen verlehen worden.
309 1100 1282 1241 Wie Cistia der ledige Salan der Ab¬
356 1202 1274 1333 gesalte feins Menditlichen Geschlechts, dass
353 1273 1248 1406 zeerliche Ebenbils Gottes, den Menschenzu
354 1347 1215 1476 verfahren und in seine strif zu bringensuhe,
350 1415 1291 1553 wernen wirnit Allein Aus der täglichen Erfah¬
350 1490 1246 1596 rūng, Sondern Aūch frenemblich Aūß dem
354 1560 1299 1671 seilsammen wort Gottes, sonderlich wann wir
348 1631 1290 1729 betrachten die bedencklichen wort, welche
360 1701 1293 1820 Der sel. Apostel Letens in einer Epiot. Cap
344 1760 1296 1872 N vond vi1. Vnd ZūeErinnerūng vorstellet
353 1827 1300 1945 wann brsagt, daß wir llezeit auff unserhut
507 1901 535 1951 6
340 1900 1286 2015 stehenund wachensollen. Damit wir unserem
336 1960 1296 2083 Widersacher dem Lauffel, so umbhergehet wie
349 2032 1290 2125 ein brüllender lauwnnssucht wan er verschlin
344 2088 1299 2228 gn, widerstehen mögenen glauben. Darauß
352 2170 1274 2293 dann zu vermerwen, wie dieser Abgesagten
352 2243 1245 2369 Menschenfeind, doch so viel Verfuhrendeweg
349 2308 1289 2430 haben müße, und wie vnverdroßen Er die
346 2380 1292 2503 Menschen darauff zuleiten, und ins eine strik
340 2447 1281 2569 zu bringen sich bearbeite, under welchen dan
345 2518 1280 2639 wohl nit der Guringsteist, der wag der ver¬
344 2589 1299 2718 serblichen Gelust, uns begierben nach des Rleben
838 2660 1300 2768 Derowegen Auch Gott
332 2678 672 2763 Menscher Gut.
343 2741 1281 2866 der Herr die Menschen von solchen Sundtlichen¬
345 2793 1288 2918 Eesten abzuhalten mitvergebens  Wie dorten
341 2877 1289 2980 in Anderdn Such Nors Am 20. Cap. 18. 1.
331 2942 1290 3087 zufinden, Die Heil zechen Iebott vom Berget
346 3009 1290 3122 mit solcher erschrüiklichen stimm, daß das gantz
312 3087 1299 3244 Braclitischwolck sich darvor enthett, gngeben
326 3148 1286 3334 In welchen der allerhöchste Gesatz geber für
313 3231 1280 3376 znemblich in der anderen affelen so zeiter die
1019 3321 1294 3431 Verderblich
1481 605 2391 754 Verderblichen Vnst, vnd besterten, Nach dem
1502 709 2356 791 das des nlebens Menschenist, verbeutet. Da
1499 778 2438 866 Ersagt, laß dich nit gelusten Weder dannas Nebend
1505 835 2405 946 Menschen haußet nachseines achsen noch seines
1508 894 2433 1005 eelbs, noch alles das dem nechsferhat Will
1500 955 2402 1068 Also daß der Mensch die ingerechten Gelustund
1512 1020 2416 1134 begierben solle meiden und selbige garverlaugnen
1521 1107 2448 1263 Wie wenig aber die fleischlich gesumneten Menschen
1520 1213 2435 1329 durch dieses so ernstlich auß gesprochene gottliche
1527 1290 2431 1392 Verbott, von Ihren ungerechten Cnsten sich Ab¬
1517 1343 2440 1446 schreicken umb uingegen durch die listigen rteitzun
1523 1408 2427 1520 gen deß leidigen Sathans zu Angreiff, unnd
1519 1477 2444 1581 Diebischer entzuchung des Nebensmenshen Gut
1534 1547 2430 1653 sich verleiten Caßen, bezeüget die alltaglichen
1530 1614 2451 1734 erfahrung mehr als gungsamb, Maßen vil
1532 1693 2430 1788 1000 mensten zin uns wider gefunden werden
1530 1759 2397 1876 welche auff diesemsundtlichen weg sich nns
1524 1830 2400 1934 Außerste verderben, Ja garendlich ieinen
1525 1903 2396 2001 Elenden uns schmächlichen Jos sturzen, wie wir
1518 1963 2385 2082 dann deßen gras auff diesen heütigen Tag
1517 2036 2425 2149 Abermahlen ein trauwriges beyspiel mund
1516 2103 2431 2236 Exempel haben, an dieem Allser in Oberkeit.
1520 2168 2379 2299 Banden vor augenstehenden Armen Menschen
1522 2238 2393 2352 Nahmens Hans Gerber von Rohtenbach etc.
1526 2301 2427 2432 seines alters bey 19 oder 20 jahren, welcher
1528 2383 2424 2483 eben wegen dergleichen angerechten begierden
1535 2436 2445 2557 und diebischen verbrachenin intzmahligen Trau¬
1527 2507 2282 2628 rigen zustandtunvernachtet, gerahten.
1513 2593 2384 2752 Dann nachdame derselbe wegen eines ohn
1529 2698 2432 2823 Langsten zu worb ab der Weis gestohlnen Werdts
1518 2774 2443 2871 Drunden zu Attingen in verhafft gezogen, daselbst
1526 2830 2436 2927 aaminiert, und underschiedenlichen Diebstahlen
1526 2893 2367 3002 bekanntlich worden, Istselbiger darauffhin
1517 2950 2449 3070 wegen der allhinsigen soch loblichem Standt, der
1513 3014 2406 3132 Enden zugehörigen hochen drichtsheerlichknit
1519 3092 2422 3217 Dem Ernyweibel von Zindelbanck überliefnet,
1521 3160 2439 3258 von demselben zu oberkeitlichen banden Anwahr¬
1528 3215 2391 3337 samblich Allsar gebracht, und volgends aus¬
2124 3307 2361 3416 Oberkeit.
