3024 4032
234 567 1278 734 5. Haben Anmelter Stoffelū Ermibes nder¬
353 671 1272 806 2: Kaßend Snder Vor etwann 1 51lld. Auß
347 748 1284 881 einem Staffel auff dem Kaubel er ligendt
349 837 944 952 und selbige geferen
668 903 796 1005 sl
245 947 1275 1086 1. Inverwichenng Hanwet habe er mit zuthu¬
698 1019 808 1069 6
317 1014 1286 1117 seines jungeren Ornders Ulli Burbersund
356 1090 1261 1218 das Stoffel Martil Anrinen det Gegen
336 1153 1287 1265 angnaus öchtlicher weyl ein jährigs Kals
351 1216 1290 1345 enführt, und selbiges einem Mann von Sūmit¬
1001 1293 1204 1351 vog er für
342 1291 1285 1427 wald, vmb S. H. Verkaūfft, darfir Erhiinen
319 1363 924 1495 Anthul  Hren ekommen
343 1436 1292 1593 n Catsher Erndt habe Er Allein zu Haßliben
241 1445 296 1573 7.
313 1520 1286 1661 BBūrg vorsh min Baid Nachts Ansamer u
335 1609 1294 1718 genommen, und selbige einem Mann im Krauch¬
354 1675 932 1799 Thal Vmb 2. Sȳ Verkaūfft.
217 1802 1242 1926 N. Dreinige Mann dam dieterntfuhrte
345 1886 1299 2015 aiß zugehörten hat wahr diselbige widnr
343 1959 1287 2047 bekommen, Allein der Mann im Krauchthal
338 2021 1283 2132 Der din von dem Hanß ueber gekaufft, hat
340 2098 1293 2219 sein ausgeben welt darfür verlihren mußen,
318 2201 1299 2341 Verner Zūns Zūm Achten, habekrmat hūrnd
231 2205 315 2331 8
344 2290 1300 2416 Diebs gespahnen, Nahmens Puter N von Haßl
324 2369 1290 2498 ohnlangsten an einem Berglegem Juringel
347 2435 1304 2537 eine kalbeter aus einer wib genommen, selbi
347 2511 1291 2631 nach Ottigen gefuhrt, dem daselbstigen Wurt
353 2571 1283 2690 umb 10b verkaufft und das Galt mitein
1031 2659 1166 2752 s
333 2661 727 2782 andern gethult.
248 2738 1293 2919 3: Habe frerstgemeltem Peter N: simen dil¬
344 2827 1282 2991 Gespahren Stalengsten Ieholffer zu worb
356 2909 1280 3042 gwüschen taguns nacht ein Pfurdt ab der
355 2961 1297 3113 wind stählen, welches der gemalte Pnterbiß
360 3056 1294 3165 ins Krauchthal Gebracht, und daselbsten Ihr
342 3113 1294 3261 Berberzugestellt, Er derber Aberselbig
344 3193 1290 3335 nach Attingen zu verkauffen geführt, von
340 3278 1288 3435 Deßtwegen er daselbsten ergriffen, nun
1107 3342 1301 3472 daselbst
1502 608 2444 743 Gefangklich eingesatzt worden. Der Bauuge
1505 703 2366 795 Aber ddem das Pferdt zugehört, und Auch¬
1523 763 2437 886 nach ättigen kommen, habe ein pferdt daselbst
1522 838 1843 922 widerbekommen.
1421 940 2420 1104 10. habe er mit zuthun vorgedacht eines jungere
1546 1044 2391 1153 Bruders vergangenen Mishalls tag ei¬
1547 1112 2346 1235 jahr noch ei feißtes Jityi bey Tag Ans
1534 1178 2447 1287 seiner wind gestohlen, welches ein bruders
1543 1241 2412 1343 nach hun zu verkauffen getragen, Allein¬
1534 1303 2370 1402 ein metzger so ihme begegnet, habe ihm
1525 1371 2443 1471 zugemuchtet, daß er das juty gestollen habe,
1535 1431 2434 1559 Woraūff der Būb das Zitz dem Mutzger
1523 1513 2410 1624 Galaßen, und davon gangen, deßtwegen
1528 1585 2073 1698 ie nichts darfür bekommen.
1480 1684 2386 1824 sndlichen bekannte Er Auch, daß er umber
1526 1783 2423 1903 Hrren haubtmann Stueler Collandsche Krinegs
1519 1850 2421 1968 Dienste genommen, und bisß nach Gergobvoom
1525 1926 2421 2044 Inlanget, Allda Ernach 20 Wuchensambt
1527 1995 2387 2106 noch einem andern Ausgerißen. Auch¬
1524 2062 2436 2143 habe der Metzger Schmirmeister ihne en¬
1520 2126 2402 2229 mahl zu Burg dorff Gedinget, aber nach
1511 2189 2369 2295 kein welt auff die lands geben, demme Er
1524 2254 2430 2380 Auff dem Bollingerberg Gleichfahls durch¬
1500 2351 1675 2446 gangen.
1454 2462 2441 2609 Winhes ist also dasienige so dieher Hans Burber
1502 2556 2439 2666 Preywellig und mit bezengung einer hertzlichen
1493 2626 2430 2745 Reuws Angezeigt und bekennt hat, Anbeÿ von
1501 2696 2443 2813 Hartzen Gewunscht, daß Er Gottseine so Vhl
1511 2762 2430 2864 und schwarn Misethaten, mit wahrer Suind
1496 2835 2406 2960 uns busfürtigkintmöchte Abbitten, Alt.
1502 2906 1762 3032 Vorstaht
