3024 4032
202 653 280 720 sl
336 629 1198 784 Daß nun Goltes Alichendas Aug alles
372 731 1150 832 bemercke auch wüße, die unthaben
345 794 1209 913 der Boßhaffton vnd diebischen Menschen
376 866 1189 1024 nach erfüllter sundenmaß an das
350 943 1205 1075 liecht zubringen und zu gebührender
367 1046 810 1150 straff zuzichen.
341 1163 1213 1309 haben wid mit vorbeygehung der Vielen
385 1265 1189 1378 verschiedenen in allhiesiger haubtstalt
377 1338 1159 1460 auff diesem gegenlertigen ohrt und
377 1409 1187 1542 platz zugetragenen eiemplen aber
370 1478 1157 1585 mahlen ein trauriges beyspihl an
358 1558 1198 1677 diesem in Oberkeitlichen bonden allhier
373 1642 1217 1766 vor Augen stehen den armen menschen
335 1713 1208 1841 Nomens Barbli sehilt gebührtig uuß
346 1794 1171 1907 dem Eschangnaue seines alters von
374 1871 1175 1983 25 biß 20 jahren, wolches in domme
376 1942 1190 2060 es seine diebische und andere boß¬
370 2024 1202 2138 schaffte verbrochen under dem schalden
367 2100 1198 2220 der dunckelen nacht vor den angen
376 2175 1231 2317 der menschen zu verbergen getrachtet
373 2271 1208 2397 sich selbsten beredet seine mißethaben
351 2358 1165 2475 werden verborgen bleiben. aber
371 2426 1170 2559 nach erfüllter sundenwaß durch
359 2501 1204 2643 göttliche rogierung entdecket, in
376 2605 1201 2730 gehzmahligen fraurigen vnd vnder¬
373 2682 1204 2808 ruchteten zustand gerahten.
302 2797 1186 2955 Dann ohngracht dieses Elende Mentsch
370 2920 1232 3038 Wagen seines vielfaltigen zugreiffen
388 3000 1196 3117 und stehlens zu vorschiedenen mahlen
379 3075 1278 3208 in verhafftn und oberkeitliche band gerohten,
374 3164 1211 3302 auch zum Driltinmahl ins Schallen
993 3247 1208 3357 Werck
1404 2705 1446 2772 1.
1393 2970 1455 3046 2
1425 3161 1467 3237 3.
1442 609 2314 758 verrk gescheidet worden. Hat es dennoch
1463 699 2286 811 solche oberkeitliche gnädige Straff und
1442 775 2348 909 guchtigung zu keiner wahrerung noch beßen
1454 847 2306 963 heurig dienen laßen, sonderon in einer
1443 913 2282 1034 weg als den anderen mitrauben undt
1458 993 2319 1126 stehlen vortgefahren und letstlichen auch
1444 1075 2346 1212 des falt sch mienzens sich thilhafftig genacht
1452 1157 2315 1285 so daß es auch von verschiedenen marefis
1469 1228 2322 1354 larten, sonderlichen von dem drunden
1456 1311 2318 1446 zu landtszuet mit dem strang hingen
1466 1386 2313 1501 richteten dieben und Paltsch munzer
1461 1459 2300 1580 Hanns Linder zugmandt güffer als
1481 1531 2323 1652 eine complice des stehlens und faltsch
1474 1610 2330 1751 Münzens angeben und beklagdt worden.
1466 1737 2358 1893 Derowegen selbiges auf gethane Vergestallt
1482 1854 2339 1965 nechst allhiesiger haubtstatt unversehens
1464 1915 2374 2040 behöndiget, in die oberkeitliche gefangen
1469 1986 2346 2110 gchafft gesetzt und daselbst zu verschieoenen
1482 2063 2310 2185 mahlen so wohl guet, als pimlich und
1484 2135 2289 2262 mit der marter seiner begangenen
1485 2224 2304 2343 vielen diebstahlen und participation
1499 2302 2361 2426 haltschen merzers examiniert und endlich
1487 2382 2319 2512 nachvolgende bekontnuß und vergicht
1506 2472 2357 2598 owohl voriger als seithoriger diebstählen
1491 2549 2114 2681 von ihre erhalten worden.
1486 2674 2369 2820 Daß es zu Wiltikoffen s jürgen. 3 Schürz
1493 2766 2375 2880 2. Hombder 1 kulzli und 1 pabr ermel
1512 2853 1758 2955 entwendt.
1516 2924 2354 3070 einer frauben hinder trub 1 lb garn
1526 3023 2382 3145 anttragen und umb 1 h verkauffen.
1507 3119 2364 3263 einer fraulen auß dem wören groben
1529 3205 2357 3343 gaar schue, i paar strumpffzosen.
2160 3307 2397 3402 2 sonder
2412 772 2454 845 6
2408 899 2469 962 ehr
