3024 4032
245 576 1263 746 kommen, habe derselbe ein sueit und an dem
319 687 1259 796 sudil ein großen Bundtel mit zing sambt v
329 753 1271 888 silbernen löfflen im Busensack mit ihm herauß
313 827 496 912 Gebracht
323 897 1280 1031 von diesem gestohlnen zeüg, habe der Burcki ihne
332 976 1273 1082 Danmann eine dackbettziechen und 5 silberig
338 1037 1262 1166 löffel geben, von welchen er drey löffel dem
340 1106 1294 1207 wühet zu Begnin und zween deßelben wahrts
345 1168 700 1274 bruder verkaufft.
320 1248 1280 1385 Die dacbbethZiechen dann habe Er Banmann
320 1338 1285 1448 dem N. Berger in einem dorff Greferenge
344 1403 1290 1512 genant außenfür Morher Verhandlet: Derburten
334 1472 1293 1596 Aber habe das bettzeug und etwelche zwachelm
334 1549 1276 1672 zu Morsge verkaufft, darbey Ulli Wyler sich
344 1631 1043 1745 als Dollmetsch gebrauchen laßen.
347 1723 1292 1858 von dem gestohlenen fuoil, welches der bueten
340 1822 1277 1930 Obenfür Milden umb 40 bz verkaufft, habe er
343 1876 1302 2004 ihme sanmann auch 20 bz für seinen antzul
343 1992 483 2082 geben.
277 2062 1299 2223 Verners als der Burcki einzig an einem son
356 2149 1288 2280 Jag 13 käjen, deren einer allwegen 3 biß
347 2221 1296 2366 9 lb gewogen zu Casouly entwendt und eller
348 2278 1297 2430 Allernechst darbey in einem Wald versteckt ge
350 2375 1274 2520 habdt, habe Er nachwehrts Jome Baumann 3
343 2442 1291 2609 darvon umb ein thr verkaufft und einenzu
350 2519 1295 2678 lohn geben, daß er ihme selbige in dem Waldg
360 2607 1296 2741 holffen abholen, seye aber wir bedeütet nit
341 2698 1184 2838 darbey gin, als er die kägen gestohlen:
347 2776 1284 2925 Vber obiges bekennte er Baumann Vornert
348 2849 1294 3015 daß der Burcki und er verndrigen ahrs de
338 2938 1299 3093 Iher oberherren zu dießsach des nachts in einen
347 2996 1301 3190 speicher gebrochen, alß zwaar, daß der sart
365 3063 1306 3263 nach zunwegreißung eines stäblins in den
345 3180 1288 3347 speicher hineingeschloffen, er Banmann aber
989 3328 1272 3431 voraußen
2272 615 2388 706 hr
1416 660 2436 781 voraußen gewahrtet, da dann der Bürcki 2 mas
1305 708 2391 842 unt ind mäßflachssaamen mit herauß gebracht, welches
1439 798 2437 902 Entwendte sachen sie dem Hanns Schenck im Hällispahl
1444 854 2416 966 zusamen umb 35 bz verkaufft, darvon er Banmann
1444 921 2415 1033 15 b für seinen antheil bekommen und 8 bg haben
1446 984 2220 1099 der Bürcki für scheiß und wein bezahlt.
1622 1359 2271 1509 Peter Goofers von Hagli
1671 1458 2078 1558 bey Gurgdorf
1586 1522 2382 1666 Daniel Schmidts von Krauw
1776 1629 1895 1720 Vndt
1571 1681 2346 1814 Hanns Baumanns außem
1596 1755 2334 1874 Binholterberg der Kirchöri dieß¬
1742 1821 1870 1911 Bach
1558 1883 2136 2019 riminal Process
1467 1975 2346 2106 Wie solcher an der prentz gaßen erlosen
1744 2058 1892 2146 worden.
1457 2144 2397 2261 Eb ist eine herrliche thugendt und
1474 2220 2407 2323 Haab Gottes an einem Menschen der
1474 2261 2391 2392 da in schwähren und zweiselhafftigen
1455 2325 2387 2443 dingen einen geschwinden Raht und be¬
1452 2379 2424 2499 stendige resolution ergreiffen und auß
1449 2444 2422 2558 führen kan, dann dardurch sindt viele
1461 2498 2458 2626 ihrem verderben und schwahren Unglucke
1462 2559 2412 2681 entgangen, welches sonsten ohnfehlbahr
1464 2627 2380 2756 lich auff ihre haupter gefallen wären
1451 2691 2424 2806 Viele haben sich großen nutzen dardurch
1464 2738 2446 2846 erworben, und vortreffliches Lob erlanget
1454 2807 2435 2915 Auch viele habend ihres Nebend Menschen
1460 2854 2425 2987 wohlfahrt darmit mercklich befürderet.
1434 2948 2438 3082 hingegen sindt auch andere welche zwar
1469 3015 2415 3112 mit gnugsamem Verstandt begaabet, den¬
1456 3074 2408 3170 selben Aber, anstatt zur EhrGottes und
1461 3140 2416 3224 Befürderung ihres nebend Menschen wohl
1460 3182 2443 3321 fahrt, zu nichts anders anwenden, als übels
2280 3264 2428 3345 ze thun
