3024 4032
141 3015 259 3066 s auch
231 630 1237 788 Nachdemme Er durch seine ungebundene ge¬
262 728 1227 832 nichts bewegung, sich dahin verleiten laßen
253 780 1233 891 daß anstatt seinen erlehrnten Handtwerck
266 847 1243 942 und nutzlichen Berust in der forcht gottes
262 903 1229 1002 obzüligen und des seegens des herren in
259 958 1217 1070 gedult zu erwahrten, er mit verfertigung
265 1018 1232 1134 under schiedelicher faltschen muntz stempflen
257 1087 1233 1176 auch selbst würcklicher pragung treützeren
859 1127 902 1172 4
261 1134 1253 1240 und Rappen, sich des faltschen Muntzens theill
265 1191 1243 1280 hafftig gemacht und also dardurch in den diß
262 1254 1217 1345 mahligen trauwrigen zustandt gefallen
265 1341 1238 1437 dann nachdeme mr gher und oberen
269 1397 1227 1488 mit bedauwren ersechen, wie daß hin vnd
257 1452 1251 1541 wider zu statt und landt, sonderlich aber
275 1496 1232 1609 in ammenthal und selbiger ohrten, so viel
269 1562 1224 1662 und underschiedelicher Gattung faltsche
247 1616 1190 1725 müntz auf die bahn gebracht und zu
260 1679 1263 1785 Großem schaden und nachtheil dero getreü¬
266 1730 1254 1852 wen underthanen debitiert werde, ha
259 1795 1232 1897 bend selbige alsobald die erforderlichen
276 1860 1248 1965 veranstaltungen ergehen laßen, auff die
270 1943 1242 2037 Arhebere und fabricanten dieser faltschen
264 1997 1242 2098 Müntz genauwte Achtung zegeben, dan
264 2058 1220 2159 dann durch fleißige Nachforschung der
259 2106 1222 2227 oberkeitlichen Herren ambtleüthen, so
258 2172 1233 2299 viel in erfahrung gebracht worden, daß
278 2240 1223 2342 dieser Christen Ingold, neben anderen
286 2295 1226 2405 mehr: die abermeistentheils flüchtigen
267 2344 1252 2472 auß gesetzt:) sich diees faltichen muntzens
276 2401 1279 2553 theillhafft gemacht haben sollen. Darüber
274 2465 1272 2604 hin selbiger durch den herren landtvogten
284 2526 1287 2674 zu Signauw in gefängklichen verhafftge
283 2595 1250 2741 zogen und alhar in die oberkeitliche ge
304 2664 1275 2779 fangenschafft geführt daselbsten zuver
301 2716 1268 2853 schiedenen mahlen ernstwöhrtig, obgedach
305 2763 1280 2910 enfaltschen müntzens halber ex aminiert
300 2834 1266 2970 und endtlichen nachfolgende bekandtnuß
305 2918 1231 3027 und vergicht auß ihme gebracht worden
293 2969 1017 3061 emlich undt mit anlorndung der martru
294 2993 1258 3151 Namblichen, und für das Erste, daß
298 3062 1282 3240 er ingold vor ohngefehrt anderthalb jahr
304 3142 1260 3292 auff angeben und beschechenes vorryßen
312 3179 1286 3359 eines gewüßen, so genanten Schnethams
1095 3276 1287 3389 faltshe
1401 2038 1428 2111 6
2239 609 2334 726 36.
1462 694 2411 792 faltsche müntzstempfel machen wollen, die
1465 778 2445 854 er aber damahlen nit zu werckbringen können.
1471 822 2444 924 hernach als der Christen Langenegger ihme
1461 883 2439 986 Ingold einen stempfel gezeigt um Wegweis¬
1470 940 2426 1047 ung gegeben, wie er sie machen solle, hatt
1469 980 2431 1098 Er darauff die sei langen egger eine rusig
1468 1035 2408 1146 wie ein bleyzug gemacht, darinnen ein
1475 1087 2398 1200 Plappard Model, ein Zürichschillig und ein
1470 1148 2401 1278 zweenschilliger model sich befunden, wor
1486 1193 2400 1319 mit der langen egger faltsche Plappardt
1477 1288 1885 1383 zufrägen können
1465 1307 2376 1447 biniche zeit darnach hat er dem schue
1482 1365 2390 1496 thon auff vorweisung zweyer holtzer
1480 1436 2377 1550 nen Tütschlin, zwey stachlerne stöcklin
1484 1497 2359 1618 von Gleicherformb gemacht darein
1470 1551 2395 1674 der schnethon nachwehrts faltsche präg
1478 1626 2382 1741 gestochen, hat auch gestattet, daß der
1471 1662 2420 1797 Schnethoni in sein yngolds werchstatt auf
1482 1733 2368 1859 dem amboßfaltsche müntz geschlagen
1477 1813 2367 1919 Verners bekennte Er Ingold, daß Er
1488 1865 2400 1982 nach geendetem Krieg, etwann 7 wochen
1477 1922 2397 2036 vor seiner behändigung zween crentzer
1468 1991 2424 2102 stempfel, als einen oben und einen anden
1483 2042 2379 2154 denne zween Rappenstempfel, Einen
1476 2097 2411 2212 für seinen Vatter und Einen für sich selbsten
1672 2158 2385 2246 darauff sein Vatter undt
1472 2183 1670 2275 Gemacht
1465 2209 2439 2333 er ohngefehrt bey einem thaler Crentzerins
1637 2298 1782 2349 gelein
1481 2286 2400 2389 mt einanderen geschlagen: von welchen
1480 2361 2418 2455 faltschen Trentzeren er den nachbahr
1471 2404 2431 2519 leüthen ohngefehrd für 9 batz umb saltz
1478 2477 2421 2590 Ancken und andere sachen so sie aufgeben
1475 2524 2376 2656 von nohten gehabt außgeben, und die
1486 2596 2319 2717 übrigen seinem vatter zugestellt
1474 2679 2426 2789 Vnd nachdeme nun vnßere Allerseits
1478 2741 2433 2849 gnädige Herren und Oberen Raht undt
1477 2795 2433 2914 Bürger, sein ingolds sothane bekandt
1483 2857 2424 2977 nuß und vergicht mit allen ihren Umb¬
1484 2926 2454 3044 ständen angehordt und darauß vernomen
1490 2975 2404 3092 daß dieser arme gefangen Malefi¬
1484 3056 2382 3170 cant sich in so weit vergeßen, daß Er
1492 3114 2395 3246 nicht allein des faltschen Muntzens sich
2145 3200 2398 3311 theillhardt
