3024 4032
215 577 1276 768 8. Daß er auff dem schwartz wald vergsilschafft
368 700 1280 830 mit einer Bande von 40 seines gleichen
349 771 1304 923 viel von daselbst durch passierenden franzosen
350 851 1289 970 zuweilen d0 12 biß 45 mit einanderen
368 921 1274 1035 npacken vnd Nidermachen helffen, allda
370 993 439 1055 16
350 988 1288 1125 sy auch einem nlätzger 100 ehel in gelt genommen.
377 1141 1307 1271 habe er mit hulff seines camenaden michel
185 1158 303 1246 3.
348 1215 1302 1329 Rueff eines franadierers auß dem Schaaff
354 1281 1269 1412 hauser gebieth vor ohngefehrdt einem jahr
327 1362 1296 1485 drey Reisende handtwercks kerle im odem
355 1434 1162 1572 WWald umbgebracht und beraubet.
347 1583 1270 1752 meit zu thun erstgemelten seines camerade
212 1635 343 1745 A.
363 1697 1274 1838 das granadierers habe ervor ohngefehrdt
380 1778 1266 1907 oder 7 wochen sonschen Zürich endt
330 1857 1256 1991 Winter thur einen Malzenischen kramer
370 1943 633 2066 beschlagen.
577 2012 826 2114 a
880 2027 1166 2116 ers ete
357 2052 1252 2218 3 Daß vor ohngefahrdt 3 itt wochen
231 2090 283 2198 5
349 2160 1262 2279 der franadierer sein camerad und er zu
339 2234 1275 2363 Frauldbrannen mit einanderen abgeredt
346 2321 1288 2432 im Grouldholtz den durchreisenden auffzu
351 2391 1274 2511 gaßen, gestallten sy haraubf eines abendts
348 2464 1278 2585 bfaht sund zwar der granadiarer versechen
338 2546 1277 2681 mit einem scharpff geladenen sach bouffert
319 2620 1244 2747 fulder kuhlen und einem baionnet, er
326 2706 1258 2812 Maleficant aber mit einer schaufflen
328 2775 1288 2902 Bekli und zweyen meßeren, sich ins grauw
334 2848 1288 3000 holtz begeben einen zu ihrem bosen vorhaben
334 2928 1268 3057 uegremen ohrt außgesechen und daselbst ein
339 3004 1251 3131 stund lang wiß auff die nacht in einem busch
330 3065 1270 3229 nicht weit von der straaß gewahrtet deß sor
312 3139 1275 3275 habens vonn jemandts komen werde der
324 3233 1236 3382 das ansechen habe, daß etwas bey ihme
938 3313 1289 3445 anzulreffen.
1413 984 1482 1090 6.
2225 623 2389 745 209
1478 668 2378 814 anzetraffen denselben vmbzebringen rawann
1493 773 2359 871 der schaufflen sy sich ledignen vollen zum
1500 843 2420 976 eingräben, wann sy gemandts halben umbgebracht.
1525 967 2377 1094 Seye Er dem von Dahell in einem Chaizlin
1500 1049 2407 1160 kommenden herren und seinem bey sich gehabten
1490 1116 2383 1245 zueß knecht biß ind groul holtzn nachgefolget.
1487 1184 2369 1301 alldo in dem Wald er den knecht hinderrücks
1500 1258 2402 1392 mit einem bielin angegriffen, vonnstraichen
1481 1324 2398 1438 Den einten auff die achßel und den anderen
1499 1385 2415 1502 in den halß versetzt und darauff ihne zu boden
1492 1457 2399 1592 gelogeshen, deß villens denselben umbzebringen
1498 1534 2379 1658 Es aber der knecht umb hulff geruffen seye
1504 1603 2399 1732 Er von dem auß der chaisen kommenden herren
1499 1675 2357 1797 mit dem degen in der hrndt von dem knrcht
1489 1742 2388 1876 abgetriben und der vorgehabten Word zu vollen
1488 1830 2358 1970 bringen verhinderet worden. Do mare
1488 1886 2389 2021 er auch bekannt, daß wonn er den vorgehabten
1484 1958 2363 2098 Mordt an dem knecht halze können solbringen
1497 2036 2326 2173 er vorhabens gsyn den herren in einen busch
1486 2121 2392 2233 zuführen und auch niderzemachen sagdte auch
1500 2191 2378 2331 daß als er maleficant mit dem knecht im
1479 2262 2364 2397 Werck begriffen geloesen, erwegen vollheit
1500 2337 2379 2465 vergaßen, sein spitziges meßer, so er bey sich
1501 2409 2334 2551 in der töschen gehabt, hervorzuziechen.
1455 2526 2389 2682 Nach deme nun Vnsere allerseits Gnädige
1503 2631 2362 2753 herren und oberen raht und jurger
1492 2695 2386 2817 sein Jacob Gulths so thane bekanntnußen
1489 2764 2365 2895 und vergicht mit allen ihren umbstönden
1488 2833 2371 2959 angehordt und darauß ersachen, daß dieser
1492 2898 2374 3058 mareficant sich in so seit vorgeßen, daß er
1509 2971 2379 3138 in hiesigen conen zwo nahmhaffte Mordt
1488 3072 2376 3218 sthaten zu begachen understanden auch ar
1502 3127 2405 3265 anderen ohrten sich deron sturcklich theilhaßtig
1497 3217 2351 3361 gemacht und solchem nach in keiffe
1357 3269 1485 3344 nitt al
2061 3286 2416 3411 betrachtung etc.
1334 3302 1999 3395 mt seinem bamaraden sich abgeredt im
1359 3351 2029 3439 Waulrholtz den durchersenten aufzupassen
1351 3377 1730 3500 sonbern noch selbsten
