3024 4032
130 1290 237 1409 G
174 1745 246 1841 2
247 547 1148 675 Woraūff Erandlich gestanden
270 628 1187 733 und bekent, daß er ja dise zwey
270 683 1264 801 stüke such auß der bleibe zu ärberg
269 746 1244 869 abgeschnitten und samt ohngefehrd
269 824 1291 931 für 10 b garn daselbsten entwent
251 884 1228 993 habe, welches Auch Er daheim an
248 946 1261 1069 einem zann getröknet und samstag
245 1008 1237 1130 darauff in di statt getragen und
258 1090 1185 1199 von dem einten stuck by 12 eller
278 1156 1236 1251 samt dem garn (wie verdeutet,
269 1220 1251 1313 einer velschen frauen verkauttt
269 1295 1215 1416 Ob er nit vor ohngefehrd 5 wochen und
253 1362 1236 1468 zwar eben auf den Tag, da Franzo
262 1423 1205 1544 sische Reutter durchpassirt, auch zu
274 1482 1272 1590 Nrberg gewesen, und zu eben difer
266 1559 1235 1674 Bleike noch andere stuk tuch und garn
287 1634 756 1720 mehr entwendet
274 1694 1245 1843 Nein Er habe daselbsten sonst nichts
296 1796 1274 1873 witers entwendt, er seye zwas wohl
286 1872 1257 1947 Vor einicher zeit alß etwelche außgee
293 1928 1268 2025 nißene Französische Reutter daselbst
280 2010 1259 2104 durch pasdiert zu Arberg gewesen aber
286 2058 1112 2182 Er habe damahls nichts genommen
278 2159 1244 2279 obwohlen nun ihme wegen dises und
311 2228 1236 2332 anderen zugemuteten diebstählen
302 2299 1203 2409 halben sehr ernstwortig und mit
302 2355 1246 2479 nachmahliger scharpfer betröüung
299 2443 1250 2556 der marter zugesezt worden, so wolte
292 2502 1245 2610 Er dennoch einichen witeren diebstahl
315 2571 1251 2695 weder auf derbleibe zu Arberg, nach
319 2634 1215 2752 denen hier by der Statt herumb ge¬
339 2717 1236 2826 legenen bleibenen begangen zehaben,
330 2776 1204 2904 ganz und gar nit geständig seÿn
292 2837 1249 2967 sonderen verblibe darauff, daß anseit
327 2916 1210 3042 etwas garns zu Waberen (darin
329 2992 1214 3120 er jedach seither abgeschaffet: Er sein
334 3035 1230 3179 lebtag weiters nichts entwendet habe,
347 3116 1169 3251 dises nun seye Ihm keid, und batte
347 3183 1214 3326 gott und eine hoche oberkeit desstwegen
355 3253 1233 3394 umb verzeihung actum 20. Juli 1711
1418 505 2365 666 Wachdeme  gnaden zer
1413 603 2360 744 Verlauff des mit dem droben
1456 680 2381 800 eschafften Nulaūß Stalder ge¬
1457 738 2391 868 haltenen Cxamens underem 23
1442 830 2315 974 Aujus shinderbracht worden.
1454 901 2372 1022 und darauff deroselben be
1419 984 2403 1086 lieben wollen auß dero hochem
1444 1052 2396 1174 Mittel Michtlen Salz directoren
1418 1129 2405 1226 ferberen zu einem examinatore
1444 1202 2387 1317 zuverordnen mit befelchlichem gesinne
1438 1282 2406 1381 diseren dieben alles kräfigen ernsts
1444 1343 2411 1449 uber alles das so Er mehrers Verdächten
1438 1416 2391 1518 oder beklagt seyn mochte, nochmahls
1441 1480 2413 1592 zu examinieren und mit noch mehrer
1440 1553 2394 1660 bedräuung der Marter zu hervorbrin¬
1454 1614 2328 1741 gung der wahrheit an ihne zusezen
1443 1680 2406 1819 Ist so thanem e brden hochen befelch
1443 1753 2363 1885 durch muhten examinatoren leber
1447 1821 2386 1953 mit zuziechung e dedi Dieneren her
1447 1886 2406 2002 Großweibels und des grichtschreibers
1452 1963 2364 2090 gehorsamlich folg geleistet, wie zu
1442 2021 2382 2154 gleich auch neben dem bewusten
1472 2069 2419 2208 Unnenz balsiger von Gottigen under
1458 2133 2381 2277 schidelich andere Persohnen in ihrem
1467 2236 2165 2342 bericht vernomen worden.
1481 2294 2375 2442 Da dan ermelter Stalder den vor
1458 2340 2388 2482 sohngefehrd 3 wechenauf msr
1484 2404 2405 2554 lengkerts bleike zu arberg ver
1462 2454 2422 2601 übten diebstahl von etlich und drrysig
1464 2521 2403 2685 Ellen auch samt etwan by 10 bag garn
1459 2574 2408 2733 nochmahlen gestendig gewesen mit
1458 2660 2421 2804 byfügen, daß er solchen auß tringend
1478 2726 2430 2860 Toht wegen seinen Vielen Kinden begange
1461 2800 2422 2937 arbey aber ohngeacht alles ernst
1456 2848 2436 3013 börtigen zusprechens und off wider
1447 2909 2432 3074 halter scharpfer bedrauwung der Marter
1449 2986 2439 3125 beder ab ermelten dengkerts noch ander
1457 3052 2450 3201 sonderlich denen hier by der Statt herumb
1451 3117 2446 3281 gelegenen bleibenen einiches Tuch, noch¬
1467 3191 2426 3350 andere Sachen an anderen orten ent¬
1458 3254 2417 3399 vndt zuhaben, ganz und gar nicht ge¬
1461 3323 2374 3443 stehen wollen, außert daß er
2294 3387 2335 3451 1.
2429 902 2472 955 s
