<?xml version="1.0" encoding="UTF-8" standalone="yes"?>
<PcGts xmlns="http://schema.primaresearch.org/PAGE/gts/pagecontent/2013-07-15" xmlns:xsi="http://www.w3.org/2001/XMLSchema-instance" xsi:schemaLocation="http://schema.primaresearch.org/PAGE/gts/pagecontent/2013-07-15 http://schema.primaresearch.org/PAGE/gts/pagecontent/2013-07-15/pagecontent.xsd">
    <Metadata>
        <Creator>prov=University of Rostock/Institute of Mathematics/CITlab|PLANET AI GmbH/Gundram Leifert/gundram.leifert@planet-ai.de:name=German_Kurrent_XVI-XVIII_M1(htr_id=19584)::::v=2.6.7
prov=University of Rostock/Institute of Mathematics/CITlab|PLANET AI GmbH/Tobias Gruening/tobias.gruening@planet-ai.de:name=de.uros.citlab.module.baseline2polygon.B2PSeamMultiOriented:v=2.6.7
prov=University of Rostock/Institute of Mathematics/CITlab|PLANET AI GmbH/Tobias Gruening/tobias.gruening@planet-ai.de:name=/net_tf/LA73_249_0mod360.pb:de.uros.citlab.segmentation.CITlab_LA_ML:v=2.6.7
Transkribus</Creator>
        <Created>2021-03-11T14:07:47.163+01:00</Created>
        <LastChange>2022-09-12T15:07:27.136+02:00</LastChange>
        <TranskribusMetadata docId="1334842" pageId="52361744" pageNr="19" tsid="114643535" status="IN_PROGRESS" userId="9570" imgUrl="https://files.transkribus.eu/Get?id=PTFKEHVEPEFQSZHABHZMIETB&amp;fileType=view" xmlUrl="https://files.transkribus.eu/Get?id=CDYDQYAXCSSKDWAPDHYAODBK" imageId="19038853"/>
    </Metadata>
    <Page imageFilename="IMG_9100.jpg" imageWidth="3024" imageHeight="4032">
        <ReadingOrder>
            <OrderedGroup id="ro_1687513670578" caption="Regions reading order">
                <RegionRefIndexed index="0" regionRef="r1"/>
            </OrderedGroup>
        </ReadingOrder>
        <TextRegion orientation="0.0" id="r1" custom="readingOrder {index:0;}">
            <Coords points="1320,652 1320,3403 2474,3403 2474,652"/>
            <TextLine id="r1l1" custom="readingOrder {index:0;} person {offset:0; length:15;}">
                <Coords points="1555,741 1848,691 2079,710 2138,748 2319,680 2447,679 2447,617 2317,599 2264,633 2173,594 2039,636 1982,598 1787,586 1555,625"/>
                <Baseline points="1562,704 1608,699 1654,698 1700,698 1747,698 1793,698 1839,699 1885,701 1932,702 1978,704 2024,705 2070,707 2117,707 2163,708 2209,707 2255,705 2302,702 2348,698 2394,693 2441,686"/>
                <TextEquiv>
                    <Unicode>Cospur Bchlerrr</Unicode>
                </TextEquiv>
            </TextLine>
            <TextLine id="r1l2" custom="readingOrder {index:1;} place {offset:6; length:14;}">
                <Coords points="1559,804 1722,825 1760,793 1803,818 1827,796 2331,811 2331,732 2233,742 2176,716 2138,748 2023,707 1915,748 1705,712 1560,743"/>
                <Baseline points="1566,779 1605,778 1645,777 1685,776 1725,776 1765,776 1805,776 1845,777 1885,777 1925,777 1965,778 2005,779 2045,779 2085,780 2125,780 2165,782 2205,782 2245,782 2285,782 2325,782"/>
                <TextEquiv>
                    <Unicode>ansem Buchholterberg.</Unicode>
                </TextEquiv>
            </TextLine>
            <TextLine id="r1l3" custom="readingOrder {index:2;}">
                <Coords points="1466,949 1701,907 1877,913 1963,963 2033,916 2459,943 2459,863 2242,825 2156,855 2086,824 1937,840 1885,874 1739,812 1620,843 1466,817"/>
                <Baseline points="1472,924 1521,920 1570,916 1619,913 1668,912 1717,911 1766,911 1815,911 1864,911 1913,911 1962,912 2011,912 2060,914 2109,915 2158,915 2207,917 2256,917 2305,917 2354,915 2403,914 2453,912"/>
                <TextEquiv>
                    <Unicode>Den 93 januarii 17 13 ward durch</Unicode>
                </TextEquiv>
            </TextLine>
            <TextLine id="r1l4" custom="readingOrder {index:3;}">
                <Coords points="1457,980 1724,1026 1815,975 1899,1008 2221,979 2415,998 2415,934 2331,913 2238,963 2159,937 1886,956 1639,912 1457,942"/>
                <Baseline points="1464,981 1511,981 1558,980 1605,980 1653,978 1700,978 1747,978 1794,977 1842,977 1889,977 1936,977 1983,977 2031,977 2078,977 2125,978 2172,978 2220,978 2267,980 2314,980 2361,981 2409,981"/>
                <TextEquiv>
                    <Unicode>Mehhl: Herren Zeimlicheren Roht</Unicode>
                </TextEquiv>
            </TextLine>
            <TextLine id="r1l5" custom="readingOrder {index:4;} person {offset:24; length:5;}">
                <Coords points="1442,1054 1699,1039 1900,1072 2022,1045 2060,1072 2231,1037 2452,1074 2451,1003 2204,1024 2134,986 2081,1025 1801,985 1727,1026 1442,999"/>
                <Baseline points="1448,1044 1497,1044 1547,1044 1597,1043 1647,1043 1697,1043 1747,1043 1796,1043 1846,1043 1896,1043 1946,1041 1996,1041 2046,1041 2096,1041 2145,1041 2195,1041 2245,1041 2295,1041 2345,1041 2395,1041 2445,1041"/>
                <TextEquiv>
                    <Unicode>und Herren Heimlicheren Zumer Auch</Unicode>
                </TextEquiv>
            </TextLine>
            <TextLine id="r1l6" custom="readingOrder {index:5;} person {offset:10; length:14;}">
                <Coords points="1448,1124 1668,1113 1780,1158 1892,1120 2020,1161 2217,1158 2291,1111 2433,1109 2432,1052 2150,1042 1975,1092 1811,1047 1682,1090 1546,1085 1501,1044 1447,1078"/>
                <Baseline points="1454,1113 1502,1115 1551,1115 1599,1115 1648,1115 1697,1113 1745,1113 1794,1113 1842,1113 1891,1112 1940,1112 1988,1110 2037,1109 2085,1109 2134,1107 2183,1106 2231,1104 2280,1103 2328,1103 2377,1101 2426,1100"/>
                <TextEquiv>
                    <Unicode>Examinirt Caspar Buchler ausein</Unicode>
                </TextEquiv>
            </TextLine>
            <TextLine id="r1l7" custom="readingOrder {index:6;} place {offset:0; length:14;}">
                <Coords points="1436,1220 1479,1211 1520,1223 1549,1208 1597,1226 1691,1206 1745,1214 1766,1234 1855,1223 1854,1154 1834,1145 1780,1158 1752,1139 1726,1153 1667,1112 1579,1130 1435,1119"/>
                <Baseline points="1442,1185 1467,1185 1492,1182 1518,1182 1543,1181 1568,1181 1594,1179 1619,1179 1645,1179 1670,1179 1695,1179 1721,1179 1746,1179 1771,1179 1797,1181 1822,1181 1848,1182"/>
                <TextEquiv>
                    <Unicode>Aūchholterberg</Unicode>
                </TextEquiv>
            </TextLine>
            <TextLine id="r1l8" custom="readingOrder {index:7;}">
                <Coords points="1482,1314 1549,1317 1571,1298 1633,1290 1704,1328 1819,1318 1864,1285 1910,1283 1909,1233 1875,1243 1788,1231 1758,1249 1665,1224 1622,1242 1583,1233 1568,1248 1480,1243"/>
                <Baseline points="1487,1286 1513,1285 1539,1284 1565,1283 1591,1283 1617,1283 1643,1282 1669,1281 1695,1281 1721,1281 1747,1281 1773,1281 1799,1281 1825,1280 1851,1279 1877,1278 1904,1277"/>
                <TextEquiv>
                    <Unicode>wie alt Er seÿe</Unicode>
                </TextEquiv>
            </TextLine>
            <TextLine id="r1l9" custom="readingOrder {index:8;}">
                <Coords points="1316,1325 1347,1331 1372,1308 1380,1313 1387,1305 1421,1312 1437,1293 1456,1291 1452,1245 1442,1248 1430,1239 1424,1246 1408,1246 1381,1233 1344,1259 1326,1257 1311,1265"/>
                <Baseline points="1320,1293 1345,1291 1371,1290 1396,1287 1422,1285 1448,1283"/>
                <TextEquiv>
                    <Unicode>gefragt</Unicode>
                </TextEquiv>
            </TextLine>
            <TextLine id="r1l10" custom="readingOrder {index:9;}">
                <Coords points="2271,1374 2280,1375 2284,1373 2288,1379 2299,1381 2317,1285 2309,1284 2304,1287 2300,1286 2296,1280 2289,1279"/>
                <Baseline points="2279,1365 2295,1368"/>
                <TextEquiv>
                    <Unicode>e</Unicode>
                </TextEquiv>
            </TextLine>
            <TextLine id="r1l11" custom="readingOrder {index:10;}">
                <Coords points="1342,1420 1594,1425 1677,1378 1832,1392 1986,1361 2110,1418 2191,1369 2271,1375 2269,1308 2089,1283 1827,1325 1705,1329 1624,1290 1534,1329 1397,1307 1340,1331"/>
                <Baseline points="1347,1389 1392,1386 1438,1383 1484,1380 1530,1377 1576,1376 1622,1373 1667,1372 1713,1371 1759,1370 1805,1368 1851,1368 1897,1367 1943,1367 1988,1367 2034,1365 2080,1365 2126,1365 2172,1365 2218,1364 2264,1364"/>
                <TextEquiv>
                    <Unicode>R. zlouschen 2 und 33 jahren</Unicode>
                </TextEquiv>
            </TextLine>
            <TextLine id="r1l12" custom="readingOrder {index:11;}">
                <Coords points="1450,1507 1649,1486 1774,1515 1845,1486 1918,1524 1968,1486 2068,1514 2117,1485 2156,1510 2403,1473 2386,1410 2284,1441 2070,1409 2019,1435 1738,1422 1651,1460 1449,1432"/>
                <Baseline points="1457,1491 1506,1490 1555,1488 1605,1487 1654,1487 1704,1485 1753,1485 1802,1484 1852,1484 1901,1482 1951,1482 2000,1482 2050,1481 2099,1481 2148,1479 2198,1479 2247,1478 2297,1477 2346,1475 2396,1475"/>
                <TextEquiv>
                    <Unicode>Welcher von beyden Er oder der</Unicode>
                </TextEquiv>
            </TextLine>
            <TextLine id="r1l13" custom="readingOrder {index:12;}">
                <Coords points="1341,1504 1359,1507 1375,1519 1386,1513 1399,1513 1426,1499 1435,1500 1435,1459 1419,1459 1390,1435 1373,1435 1365,1442 1354,1436 1341,1436"/>
                <Baseline points="1347,1494 1374,1494 1401,1494 1428,1494"/>
                <TextEquiv>
                    <Unicode>R</Unicode>
                </TextEquiv>
            </TextLine>
            <TextLine id="r1l14" custom="readingOrder {index:13;} person {offset:0; length:11;}">
                <Coords points="1453,1576 2015,1558 2106,1583 2217,1557 2285,1595 2397,1544 2448,1569 2447,1522 2353,1526 2272,1477 2127,1526 2008,1483 1920,1524 1844,1486 1521,1532 1452,1505"/>
                <Baseline points="1460,1562 1509,1560 1558,1560 1607,1559 1656,1559 1705,1559 1754,1557 1803,1557 1852,1556 1901,1556 1950,1554 1999,1554 2048,1554 2097,1553 2146,1553 2195,1551 2244,1551 2293,1550 2342,1550 2391,1548 2441,1548"/>
                <TextEquiv>
                    <Unicode>Alli Müller den anderen loegen</Unicode>
                </TextEquiv>
            </TextLine>
            <TextLine id="r1l15" custom="readingOrder {index:14;}">
                <Coords points="1460,1641 1678,1634 1739,1669 1814,1635 1904,1673 2012,1631 2177,1672 2260,1628 2355,1662 2456,1634 2456,1576 1625,1582 1552,1554 1459,1584"/>
                <Baseline points="1466,1631 1515,1631 1564,1631 1613,1631 1662,1631 1712,1631 1761,1631 1810,1631 1859,1631 1908,1629 1958,1629 2007,1629 2056,1629 2105,1629 2154,1628 2204,1628 2253,1627 2302,1626 2351,1625 2400,1624 2450,1623"/>
                <TextEquiv>
                    <Unicode>dem Muntzstempflen zu erst ange¬</Unicode>
                </TextEquiv>
            </TextLine>
            <TextLine id="r1l16" custom="readingOrder {index:15;}">
                <Coords points="1454,1701 1484,1711 1494,1705 1520,1717 1551,1718 1563,1707 1578,1717 1589,1708 1599,1712 1611,1706 1632,1713 1633,1641 1605,1650 1572,1646 1557,1661 1538,1667 1511,1653 1484,1659 1454,1645"/>
                <Baseline points="1460,1695 1487,1695 1515,1695 1543,1695 1570,1695 1598,1695 1626,1697"/>
                <TextEquiv>
                    <Unicode>redt.</Unicode>
                </TextEquiv>
            </TextLine>
            <TextLine id="r1l17" custom="readingOrder {index:16;}">
                <Coords points="1465,1787 1597,1829 1658,1779 1862,1824 2000,1768 2158,1809 2238,1775 2293,1811 2452,1783 2440,1700 2336,1732 1885,1694 1694,1740 1634,1712 1465,1728"/>
                <Baseline points="1472,1778 1520,1778 1569,1778 1617,1778 1666,1778 1715,1778 1763,1778 1812,1778 1861,1778 1909,1778 1958,1776 2007,1776 2055,1775 2104,1775 2153,1773 2201,1772 2250,1770 2299,1769 2347,1767 2396,1766 2445,1764"/>
                <TextEquiv>
                    <Unicode>Er lauße sich deßen so eigentlich nicht</Unicode>
                </TextEquiv>
            </TextLine>
            <TextLine id="r1l18" custom="readingOrder {index:17;}">
                <Coords points="1337,1784 1353,1788 1377,1786 1389,1796 1401,1796 1415,1715 1405,1712 1393,1701 1381,1704 1362,1718 1350,1713"/>
                <Baseline points="1346,1773 1371,1779 1397,1782"/>
                <TextEquiv>
                    <Unicode>R.</Unicode>
                </TextEquiv>
            </TextLine>
            <TextLine id="r1l19" custom="readingOrder {index:18;}">
                <Coords points="1462,1856 1620,1880 1693,1842 1783,1882 1876,1848 2457,1856 2457,1824 2293,1812 2239,1774 2160,1809 2089,1777 1863,1824 1659,1780 1598,1829 1462,1787"/>
                <Baseline points="1469,1845 1518,1847 1567,1847 1616,1847 1665,1847 1714,1847 1763,1847 1812,1847 1861,1847 1910,1847 1959,1845 2008,1845 2057,1845 2106,1844 2155,1844 2204,1844 2253,1842 2302,1841 2351,1841 2400,1839 2450,1838"/>
                <TextEquiv>
                    <Unicode>mehr zuversinnen, und wann Mann</Unicode>
                </TextEquiv>
            </TextLine>
            <TextLine id="r1l20" custom="readingOrder {index:19;}">
                <Coords points="1451,1940 2451,1911 2451,1878 2356,1845 1785,1880 1451,1858"/>
                <Baseline points="1457,1910 1506,1910 1555,1911 1605,1911 1654,1911 1703,1911 1753,1913 1802,1913 1851,1913 1901,1913 1950,1913 1999,1913 2049,1913 2098,1911 2147,1911 2197,1911 2246,1910 2295,1910 2345,1908 2394,1907 2444,1907"/>
                <TextEquiv>
                    <Unicode>ihn gleich töcten wolte, so konte Er</Unicode>
                </TextEquiv>
            </TextLine>
            <TextLine id="r1l21" custom="readingOrder {index:20;}">
                <Coords points="1454,2025 1767,1982 1937,2013 2078,1980 2226,2029 2471,2014 2471,1954 2402,1939 2175,1959 2119,1920 1792,1915 1707,1960 1565,1916 1455,1939"/>
                <Baseline points="1460,1980 1510,1980 1560,1980 1610,1980 1661,1982 1711,1982 1761,1982 1811,1982 1862,1982 1912,1982 1962,1982 2012,1983 2063,1983 2113,1983 2163,1983 2213,1985 2264,1985 2314,1985 2364,1985 2414,1986 2465,1986"/>
                <TextEquiv>
                    <Unicode>nit sagen, wie sie der Stempfel Coe¬</Unicode>
                </TextEquiv>
            </TextLine>
            <TextLine id="r1l22" custom="readingOrder {index:21;} place {offset:7; length:3;}">
                <Coords points="1464,2081 1619,2055 1974,2070 2065,2103 2137,2060 2185,2089 2457,2067 2458,2019 1935,2033 1884,1992 1663,2036 1465,2019"/>
                <Baseline points="1470,2051 1519,2052 1568,2053 1617,2054 1666,2055 1715,2057 1764,2057 1813,2058 1862,2058 1911,2060 1960,2060 2009,2060 2058,2060 2107,2061 2156,2061 2205,2061 2254,2061 2303,2061 2352,2061 2401,2060 2451,2060"/>
                <TextEquiv>
                    <Unicode>gen zu Rod woorden; Er woolle Aber</Unicode>
                </TextEquiv>
            </TextLine>
            <TextLine id="r1l23" custom="readingOrder {index:22;}">
                <Coords points="1453,2145 1579,2171 1706,2128 1787,2162 1834,2129 2182,2160 2450,2134 2353,2074 2194,2094 2139,2060 2067,2103 1974,2070 1788,2100 1735,2063 1454,2078"/>
                <Baseline points="1460,2124 1509,2124 1558,2126 1607,2126 1656,2126 1706,2126 1755,2127 1804,2127 1853,2127 1902,2127 1952,2127 2001,2127 2050,2127 2099,2127 2148,2127 2198,2128 2247,2129 2296,2129 2345,2129 2394,2130 2444,2130"/>
                <TextEquiv>
                    <Unicode>Mugh die sach in aller wahrheit er</Unicode>
                </TextEquiv>
            </TextLine>
            <TextLine id="r1l24" custom="readingOrder {index:23;}">
                <Coords points="1441,2223 1983,2231 2044,2204 2095,2239 2206,2199 2338,2234 2465,2209 2465,2166 2216,2137 1876,2154 1833,2129 1757,2166 1701,2132 1580,2170 1442,2138"/>
                <Baseline points="1448,2198 1498,2196 1549,2196 1599,2196 1650,2196 1700,2196 1751,2196 1801,2198 1852,2198 1902,2198 1953,2198 2004,2198 2054,2198 2105,2199 2155,2199 2206,2199 2256,2199 2307,2199 2357,2199 2408,2199 2459,2199"/>
                <TextEquiv>
                    <Unicode>zzehlen, wie sie sich zugetragen, Es habe</Unicode>
                </TextEquiv>
            </TextLine>
            <TextLine id="r1l25" custom="readingOrder {index:24;}">
                <Coords points="1457,2267 1621,2262 1741,2302 1896,2258 2203,2302 2445,2255 2445,2219 2290,2236 2237,2209 2096,2240 2044,2204 1986,2233 1457,2217"/>
                <Baseline points="1463,2259 1511,2258 1560,2258 1609,2257 1658,2256 1707,2256 1755,2257 1804,2258 1853,2258 1902,2258 1951,2259 1999,2259 2048,2259 2097,2259 2146,2259 2195,2259 2243,2258 2292,2258 2341,2256 2390,2255 2439,2252"/>
                <TextEquiv>
                    <Unicode>sich vor zngefehrt 14 oder 13. Jahren</Unicode>
                </TextEquiv>
            </TextLine>
            <TextLine id="r1l26" custom="readingOrder {index:25;} person {offset:16; length:7;}">
                <Coords points="1464,2346 2448,2335 2448,2301 2305,2268 2203,2302 1890,2266 1742,2302 1464,2265"/>
                <Baseline points="1470,2321 1518,2323 1567,2324 1615,2325 1664,2325 1713,2325 1761,2325 1810,2324 1858,2324 1907,2324 1956,2322 2004,2322 2053,2321 2101,2320 2150,2319 2199,2319 2247,2319 2296,2318 2344,2319 2393,2319 2442,2321"/>
                <TextEquiv>
                    <Unicode>begeben, Als er Buchler noch ein</Unicode>
                </TextEquiv>
            </TextLine>
            <TextLine id="r1l27" custom="readingOrder {index:26;}">
                <Coords points="1450,2412 1528,2391 1717,2430 1895,2397 2077,2425 2217,2392 2470,2439 2469,2348 2440,2336 2215,2368 2112,2321 1931,2367 1562,2328 1450,2352"/>
                <Baseline points="1457,2391 1507,2391 1557,2393 1607,2393 1658,2393 1708,2391 1758,2391 1809,2390 1859,2390 1909,2388 1960,2387 2010,2386 2060,2385 2110,2384 2161,2384 2211,2384 2261,2384 2312,2384 2362,2385 2412,2387 2463,2388"/>
                <TextEquiv>
                    <Unicode>Juniger Gesell von 17 Jahren gewesen</Unicode>
                </TextEquiv>
            </TextLine>
            <TextLine id="r1l28" custom="readingOrder {index:27;} person {offset:11; length:11;}">
                <Coords points="1440,2515 1804,2472 1895,2516 1961,2476 2151,2496 2243,2464 2424,2499 2424,2434 2237,2396 2133,2430 1798,2402 1723,2437 1478,2391 1440,2423"/>
                <Baseline points="1446,2463 1494,2465 1543,2465 1591,2465 1640,2465 1688,2465 1737,2465 1785,2466 1834,2466 1882,2466 1931,2466 1980,2466 2028,2466 2077,2466 2125,2466 2174,2468 2222,2468 2271,2468 2319,2468 2368,2469 2417,2469"/>
                <TextEquiv>
                    <Unicode>daß er dem Ulli Müller ein rahr</Unicode>
                </TextEquiv>
            </TextLine>
            <TextLine id="r1l29" custom="readingOrder {index:28;}">
                <Coords points="1455,2569 1675,2546 1794,2583 2016,2536 2238,2585 2299,2550 2417,2557 2417,2497 1960,2477 1902,2516 1775,2472 1634,2514 1454,2510"/>
                <Baseline points="1461,2544 1508,2541 1556,2539 1603,2537 1651,2535 1698,2535 1746,2534 1793,2534 1841,2534 1888,2534 1936,2534 1983,2535 2031,2535 2078,2535 2126,2536 2173,2537 2221,2537 2268,2536 2316,2535 2363,2535 2411,2534"/>
                <TextEquiv>
                    <Unicode>gebracht mit begehren, das er Ihme</Unicode>
                </TextEquiv>
            </TextLine>
            <TextLine id="r1l30" custom="readingOrder {index:29;}">
                <Coords points="1454,2614 1547,2652 1746,2597 1790,2627 1974,2601 2097,2655 2170,2628 2273,2654 2335,2606 2445,2624 2445,2561 2388,2552 2254,2588 2016,2536 1916,2585 1666,2550 1579,2584 1505,2543 1455,2568"/>
                <Baseline points="1461,2601 1509,2601 1558,2601 1607,2601 1656,2601 1705,2601 1754,2601 1803,2601 1852,2601 1901,2602 1950,2603 1998,2603 2047,2603 2096,2604 2145,2604 2194,2604 2243,2604 2292,2604 2341,2604 2390,2604 2439,2604"/>
                <TextEquiv>
                    <Unicode>selbiges schneggen und schifften solle,</Unicode>
                </TextEquiv>
            </TextLine>
            <TextLine id="r1l31" custom="readingOrder {index:30;}">
                <Coords points="1679,2654 1701,2653 1708,2657 1715,2651 1724,2652 1736,2645 1743,2649 1761,2645 1782,2653 1783,2607 1774,2606 1765,2611 1746,2597 1736,2607 1723,2606 1705,2623 1696,2623 1691,2628 1680,2624"/>
                <Baseline points="1686,2645 1716,2642 1746,2643 1776,2646"/>
                <TextEquiv>
                    <Unicode>und</Unicode>
                </TextEquiv>
            </TextLine>
            <TextLine id="r1l32" custom="readingOrder {index:31;}">
                <Coords points="1788,2646 1794,2648 1804,2643 1805,2644 1809,2642 1817,2643 1822,2620 1815,2619 1814,2617 1809,2619 1804,2611 1801,2612 1795,2611"/>
                <Baseline points="1794,2646 1809,2649"/>
                <TextEquiv>
                    <Unicode></Unicode>
                </TextEquiv>
            </TextLine>
            <TextLine id="r1l33" custom="readingOrder {index:32;}">
                <Coords points="1441,2692 1575,2727 1635,2681 2165,2688 2221,2728 2451,2699 2451,2660 2362,2634 2230,2664 1942,2617 1832,2664 1442,2652"/>
                <Baseline points="1448,2676 1497,2676 1547,2676 1597,2676 1647,2677 1697,2678 1747,2678 1796,2679 1846,2679 1896,2681 1946,2681 1996,2682 2046,2682 2096,2684 2145,2684 2195,2685 2245,2685 2295,2685 2345,2685 2395,2685 2445,2685"/>
                <TextEquiv>
                    <Unicode>damahlen seyend sie der Stampflen</Unicode>
                </TextEquiv>
            </TextLine>
            <TextLine id="r1l34" custom="readingOrder {index:33;}">
                <Coords points="1461,2751 1542,2782 1595,2752 2441,2773 2441,2717 2387,2698 2221,2729 2158,2688 1949,2733 1848,2688 1649,2685 1570,2731 1461,2681"/>
                <Baseline points="1467,2747 1515,2748 1563,2748 1612,2748 1660,2748 1709,2748 1757,2749 1805,2750 1854,2750 1902,2750 1951,2751 1999,2751 2047,2753 2096,2753 2144,2753 2193,2754 2241,2754 2289,2756 2338,2756 2386,2757 2435,2757"/>
                <TextEquiv>
                    <Unicode>loegen Zured komen, und habe der</Unicode>
                </TextEquiv>
            </TextLine>
            <TextLine id="r1l35" custom="readingOrder {index:34;} person {offset:0; length:11;}">
                <Coords points="1469,2833 1558,2869 1618,2833 1763,2831 1812,2866 1939,2828 2101,2883 2467,2840 2467,2793 2400,2771 2113,2803 1983,2751 1909,2805 1822,2810 1614,2754 1549,2784 1469,2757"/>
                <Baseline points="1475,2825 1524,2825 1573,2825 1622,2825 1672,2825 1721,2825 1770,2825 1819,2826 1869,2826 1918,2828 1967,2828 2016,2829 2066,2829 2115,2831 2164,2831 2213,2832 2263,2832 2312,2832 2361,2834 2410,2834 2460,2834"/>
                <TextEquiv>
                    <Unicode>Alli Müller ihme zu erst ein halb ba¬</Unicode>
                </TextEquiv>
            </TextLine>
            <TextLine id="r1l36" custom="readingOrder {index:35;}">
                <Coords points="1451,2930 1599,2951 1716,2913 2015,2899 2180,2950 2256,2906 2444,2918 2444,2879 2359,2847 2107,2887 2032,2836 1897,2880 1694,2834 1565,2875 1452,2824"/>
                <Baseline points="1458,2900 1507,2900 1556,2900 1605,2901 1654,2901 1703,2901 1752,2901 1801,2901 1850,2901 1899,2903 1948,2903 1997,2903 2046,2903 2095,2903 2144,2903 2193,2903 2242,2904 2291,2904 2340,2904 2389,2906 2438,2906"/>
                <TextEquiv>
                    <Unicode>ten stempfel smbt einem stuck von</Unicode>
                </TextEquiv>
            </TextLine>
            <TextLine id="r1l37" custom="readingOrder {index:36;}">
                <Coords points="1452,2979 1586,2973 1680,3015 1818,2970 2035,2995 2296,2964 2458,2997 2458,2954 2349,2908 2173,2952 1815,2903 1770,2941 1715,2913 1615,2952 1452,2946"/>
                <Baseline points="1458,2967 1507,2967 1557,2969 1606,2969 1656,2969 1706,2969 1755,2969 1805,2969 1855,2969 1904,2969 1954,2969 2004,2969 2053,2967 2103,2967 2153,2969 2202,2969 2252,2969 2302,2970 2351,2971 2401,2972 2451,2973"/>
                <TextEquiv>
                    <Unicode>einem Tochßen Rohr geben, so vnden</Unicode>
                </TextEquiv>
            </TextLine>
            <TextLine id="r1l38" custom="readingOrder {index:37;}">
                <Coords points="1451,3046 1616,3042 1665,3074 1703,3049 1751,3082 1859,3041 1901,3076 1961,3038 2460,3049 2459,2997 2379,2978 2019,3024 1900,2980 1575,3025 1451,2986"/>
                <Baseline points="1457,3038 1506,3039 1556,3041 1606,3041 1656,3041 1706,3042 1755,3042 1805,3041 1855,3041 1905,3041 1955,3041 2004,3039 2054,3039 2104,3038 2154,3038 2204,3036 2253,3036 2303,3036 2353,3035 2403,3035 2453,3035"/>
                <TextEquiv>
                    <Unicode>Scharff gefylet geweten, damit er</Unicode>
                </TextEquiv>
            </TextLine>
            <TextLine id="r1l39" custom="readingOrder {index:38;} person {offset:3; length:7;}">
                <Coords points="1444,3106 1576,3151 1619,3126 2124,3157 2249,3102 2460,3117 2460,3075 2367,3040 2202,3086 2106,3044 2036,3084 1946,3046 1904,3079 1861,3042 1758,3082 1613,3042 1444,3086"/>
                <Baseline points="1451,3107 1501,3108 1551,3108 1601,3110 1651,3110 1701,3110 1751,3110 1801,3110 1851,3110 1901,3110 1952,3108 2002,3108 2052,3108 2102,3107 2152,3105 2202,3105 2252,3104 2302,3102 2352,3101 2402,3099 2453,3098"/>
                <TextEquiv>
                    <Unicode>de Kupffer stuckli abschlagen könne</Unicode>
                </TextEquiv>
            </TextLine>
            <TextLine id="r1l40" custom="readingOrder {index:39;}">
                <Coords points="1458,3207 1770,3207 1966,3165 2044,3211 2079,3192 2194,3219 2273,3171 2364,3169 2321,3131 2112,3156 2071,3132 1962,3155 1860,3129 1812,3154 1457,3127"/>
                <Baseline points="1464,3182 1508,3179 1553,3178 1597,3176 1642,3176 1687,3174 1731,3174 1776,3173 1821,3173 1865,3173 1910,3173 1955,3171 1999,3171 2044,3171 2089,3171 2133,3170 2178,3170 2223,3168 2267,3167 2312,3167 2357,3164"/>
                <TextEquiv>
                    <Unicode>habe Ihme auch anweisung geben</Unicode>
                </TextEquiv>
            </TextLine>
            <TextLine id="r1l41" custom="readingOrder {index:40;}">
                <Coords points="1455,3271 1935,3258 1998,3293 2064,3259 2208,3291 2463,3241 2427,3188 2195,3223 1981,3185 1883,3212 1743,3190 1665,3226 1454,3208"/>
                <Baseline points="1461,3254 1510,3252 1560,3251 1610,3250 1660,3249 1709,3248 1759,3246 1809,3246 1859,3245 1908,3243 1958,3243 2008,3242 2058,3240 2107,3240 2157,3239 2207,3239 2257,3239 2306,3237 2356,3237 2406,3237 2456,3236"/>
                <TextEquiv>
                    <Unicode>daß er Fal Alali weinsten und</Unicode>
                </TextEquiv>
            </TextLine>
            <TextLine id="r1l42" custom="readingOrder {index:41;}">
                <Coords points="1467,3342 2473,3338 2472,3275 2232,3297 1936,3259 1706,3295 1466,3268"/>
                <Baseline points="1473,3326 1522,3324 1572,3323 1621,3323 1671,3321 1721,3320 1770,3319 1820,3318 1870,3317 1919,3315 1969,3315 2019,3314 2068,3314 2118,3312 2168,3312 2217,3311 2267,3310 2317,3309 2366,3308 2416,3308 2466,3306"/>
                <TextEquiv>
                    <Unicode>Salz nemen, und selbige in einen</Unicode>
                </TextEquiv>
            </TextLine>
            <TextLine id="r1l43" custom="readingOrder {index:42;}">
                <Coords points="2256,3434 2285,3426 2310,3400 2324,3407 2343,3399 2364,3413 2406,3395 2453,3434 2481,3429 2479,3333 2435,3346 2416,3335 2402,3340 2374,3322 2346,3321 2292,3350 2254,3345"/>
                <Baseline points="2261,3386 2287,3383 2314,3381 2340,3381 2367,3381 2394,3381 2420,3381 2447,3381 2474,3380"/>
                <TextEquiv>
                    <Unicode>Pfänneli</Unicode>
                </TextEquiv>
            </TextLine>
            <TextEquiv>
                <Unicode>Cospur Bchlerrr
ansem Buchholterberg.
Den 93 januarii 17 13 ward durch
Mehhl: Herren Zeimlicheren Roht
und Herren Heimlicheren Zumer Auch
Examinirt Caspar Buchler ausein
Aūchholterberg
wie alt Er seÿe
gefragt
e
R. zlouschen 2 und 33 jahren
Welcher von beyden Er oder der
R
Alli Müller den anderen loegen
dem Muntzstempflen zu erst ange¬
redt.
Er lauße sich deßen so eigentlich nicht
R.
mehr zuversinnen, und wann Mann
ihn gleich töcten wolte, so konte Er
nit sagen, wie sie der Stempfel Coe¬
gen zu Rod woorden; Er woolle Aber
Mugh die sach in aller wahrheit er
zzehlen, wie sie sich zugetragen, Es habe
sich vor zngefehrt 14 oder 13. Jahren
begeben, Als er Buchler noch ein
Juniger Gesell von 17 Jahren gewesen
daß er dem Ulli Müller ein rahr
gebracht mit begehren, das er Ihme
selbiges schneggen und schifften solle,
und

damahlen seyend sie der Stampflen
loegen Zured komen, und habe der
Alli Müller ihme zu erst ein halb ba¬
ten stempfel smbt einem stuck von
einem Tochßen Rohr geben, so vnden
Scharff gefylet geweten, damit er
de Kupffer stuckli abschlagen könne
habe Ihme auch anweisung geben
daß er Fal Alali weinsten und
Salz nemen, und selbige in einen
Pfänneli</Unicode>
            </TextEquiv>
        </TextRegion>
    </Page>
</PcGts>
