3024 4032
203 662 279 732 11.
201 902 292 992 22.
317 635 1245 780 bckennbors auch, daß er sein weib und kindt
336 731 1270 841 verlaßen und bey 27 jahren mit dem röhteli in
342 792 1065 905 Hhebruch Hurs weis umbhergezogen
447 845 542 917 50
345 890 1277 1039 und letstlichen, daß er sich mit dem patey herrr
329 975 1282 1107 mann auß der heiteren bey loffen in eheliche
306 1050 1279 1163 versprechung eingelaßen und darauff hin leibs
326 1105 1012 1210 gemeinschafft mit ihme gehabt
333 1172 1166 1256 wrgdachte fauh laber derb ehelosrs
527 1531 1106 1659 Bilgiani Scharlz
347 1611 1199 1747 gebührtig zu Tschingel der kilchhori
344 1697 1233 1829 Sigrißwyll seines alters bey 28 jahren
273 1827 1275 1953 Neachseme dieser Gilgian Eschantz sich ver¬
325 1918 1291 2031 schiedener nahmhafften diebstählen theill¬
326 1985 1302 2098 schafft gemacht auch von dem im verlacheen
326 2051 1285 2169 jahr zu Grandis mit dem strang hingerichteten
321 2117 1277 2230 Matthys Stauffer als ein diebsgespohn angeben
331 2192 1251 2304 ist selbiger im aprellen jüngsthin drunden
316 2249 1283 2349 zu Bucheg gefänglich eingezogen vor dem under
339 2312 1304 2441 richter zu Atigen mallfit erkannt und srafft
340 2387 1305 2510 der mit lobl standt solothumr habenden vbetragen
337 2452 1281 2579 und ihr beden der biden zugehörigen hochen
321 2527 1248 2659 gerichts herrlichkeit dem Freyweibel von
338 2594 1298 2705 Hindelbanck hemiesiert und durch denselben
334 2659 1284 2791 zu oberkeitlichen banden und gefangenschafft
340 2749 1197 2861 gelahrsamlich allhar gebracht worden.
322 2795 1274 2929 da darn auff ergangene oberkeitliche verordnung
327 2857 1281 2983 durch mutzhe zaugherren von Bonnstetten mit
328 2923 1278 3060 zethun ihr gnden dieneren herrren großweibel
319 2983 1287 3132 In dooffs und das grichtschreibers dieser tschont
327 3065 1297 3188 der begangenen linbruchen und diebstählen halben
316 3142 1284 3250 Den 20. apr und 18 may jeegst hin einstwortig
322 3204 1279 3294 und mit betreulung der martes examiniert
330 3245 1262 3365 und von demselben über die an ihne getruckte
303 3301 1306 3470 fragen volgende freyeühtige bekantnuß erhalten woeden
1152 3402 1310 3485 Nar.
1364 2754 1403 2816 6
1358 3079 1412 3171 7
1376 1758 1405 1809 3
1382 977 1416 1053 1
1375 1310 1422 1393 2.
1387 2068 1446 2186 4
1379 2377 1432 2463 5
2210 545 2399 688 193
1425 647 2366 790 Romben und für das erste, daß vor ohngefehrdt
1462 734 2392 846 zweyen jahron, als sy zu derg gehen wollen
1476 806 2384 923 er Escharttz zu Erlach in der fraul Obristin Mey
1479 869 2413 992 haus, allda sy übernachtet mit ze thun der magdt
1445 935 2407 1046 auß einembüffet, zu Welchem der schlüßel oben
1452 998 2411 1133 daruff in einoren schublädlin gelegen, gelt gestohlen
1462 1063 2421 1183 darfür seine Mulzer der froues Cbristin May sr
1466 1136 2409 1263 wider erhetzen müßen, er auch von deßfloegen zu
1475 1204 2145 1298 ihrn in gefangenschafft kornen.
1454 1284 2399 1426 Schero Echard mit holff des hingerichteten
1451 1372 2398 1481 Matzbyß Staüffers dei bendicht aachmann zu
1478 1437 2386 1550 gilterfirigen tags in sein haus gestigen und auß
1481 1500 2425 1610 einem wogn, zu welchern er der schleißel auß einem
1477 1563 2415 1681 anderen trog genomen, so nicht beschloßen geloesen.
1478 1622 1964 1729 sh ggelt entwendt.
1977 1646 2061 1713 oste
1847 1695 1908 1781 In
1461 1707 2400 1841 dige er zwas nicht darbey gsyn als dem khäyer
1469 1800 2415 1901 auff dem liebekeldt sein gelt genomen worden.
1454 1853 2397 1958 jedoch habe der tyß Stonffer und Stoffel Morthi
1457 1920 2394 2035 so diesen diebstahl begangen, weiler sy ihn wohl
1467 1975 2151 2088 gekennt, ihme 3 b darvon geben
2142 2055 2220 2128 5
1731 2062 1807 2123 er
1466 2068 2386 2223 habind an schandt und des Eys Stauffer einem
1480 2170 2421 2286 dateron zu Uldendorff, allda der schyß gemfenster
1465 2237 2401 2337 hieein in die stuben gestigen N s gero genomen,
1461 2291 2109 2389 Darvon er tschärdt 7 s bekomen
1439 2372 2399 2512 loüschen signaul und Hochstelten seyeer Eschantz
1466 2467 2428 2581 vor ohngefahrd ein jahren lags in ein haus gangen
1469 2534 2394 2640 allda er auß einem wog u s genomen, darob
1482 2594 2442 2719 er jedoch erdappet nach signaul geführt und alldorten
1482 2656 2139 2773 an das halß eiher gestellt worden
1448 2731 2433 2868 zu Gweysemnen seye er tags in eig haus gestigen
1463 2831 2431 2936 vorhabens etwas zu stählen seye aber von eigeeen
1452 2889 2390 3000 Mare und einem weib gefäncklich angehalten
1475 2954 2381 3067 Nach Gweyseeron geführt daselbstan eingesetzt
1481 3016 2199 3122 worden aber wider außgebrochen
1456 3074 2385 3222 Seya er Thantz mit hulff das thus stauffers
1484 3176 2418 3290 in einem morgen während der predig dem herren
1462 3240 2352 3358 predicanten zu Eggiwyll vermiltlest einer
1493 3298 2364 3424 angestellten leyteren ins haus gestigen
2258 3356 2373 3472 Ein etc.
