3024 4032
315 674 1241 788 Widerein und thuye ihn wider an sein
313 745 1235 850 orth, sie gezeügin habe nit gesechen, wie
321 801 1263 911 der sich ergangen, darauf gehe der Endt
329 863 1230 959 leibete hinauß in die Käche und trincke
329 919 1237 1013 waßer und wie Er wider hinein in die
310 987 1233 1081 stubenkommen, habe er ein wenig gela
330 1048 1275 1150 het, und in der stuben noch einmahl waße
327 1101 1242 1195 getruncken Bald darauf fange er an
314 1163 1220 1267 und sage, es werde ihm einwenig ge
307 1225 1239 1327 schmuchtet, und setze sich nider an boden
323 1295 1230 1396 und bätte, habe auch allzeit Hübschli ge
312 1361 1227 1465 bättet und seÿe darauß in einer halb
325 1428 1240 1529 stundt verscheiden; Wie der Endtlei¬
317 1497 1275 1599 bete gesagdt, es werde ihm geschmuchtet
330 1554 1293 1674 ind sich an boden gesetzt, habe der Caspa
316 1629 1254 1740 seine händ gegen zimmel gehalten und
313 1692 1233 1809 Darüber hin gantz erschrocken sich zur
316 1753 1247 1873 thür außgemacht, sie seyend beyde
322 1819 1269 1939 der entleibete und der Caspar Truncken
305 1900 429 2014 gse
302 1967 1276 2118 Isr Mulaus Amport der Stein
313 2046 1286 2165 hannter zeügete, daß als er auß seinem
304 2122 1256 2250 heimbweg der statt zugangen seye
320 2180 1277 2298 der Caspar Cunrad bey denen tann
322 2243 1291 2374 Buschlenen an der ostermanniger straß
314 2293 1265 2443 ihme begegnet und habe grunen, vnd
324 2379 1248 2516 zu ihme zeügen gesagdt, er seye in
329 2429 1264 2562 einem großen Pammer, Er habe seinen
317 2499 1283 2652 Nachbahr den säyber mit einem dege
315 2546 1282 2716 Verwundt, der andere habe einen statte
336 2640 1269 2784 und er einen degen gehabt, da dere
326 2694 1260 2853 ihm der ander in degen geloßen
308 2759 1258 2941 er hab mit gestoßen, sonder den degen
329 2847 1254 3002 zeng still gehabt, es seye alles im
331 2886 1263 3075 Schimpf geschechen etc. Sahte darauf
329 2966 1280 3147 ihne gezangen, daß er doch wolle hin
336 3065 1284 3209 auß aufshübekin gehen und schanden
317 3127 1257 3307 ie es umb ihn stehe, ob er tödt oder
967 3238 1247 3344 Lebendigs
1353 1364 1462 1452 1714
2252 632 2378 728 68.
1472 713 2387 822 hebendig seye, Wie nun er gezeüghin
1483 775 2442 847 außkommen, seye der endtleibete am boder
1484 831 2412 921 gelegen und habe kein worth mehr reden
1477 883 2379 972 können und etwann noch drey athen
1478 931 2370 1047 zug gethan. Darauff er zeug also
1477 987 2367 1090 bald in die statt geloffen und solches
1472 1043 2329 1169 mintthn großweibel angezeigt
1461 1099 2322 1263 Endeten darmit ihre außsaagen.
1490 1196 1865 1306 actum vorstaht.
1489 1251 2431 1385 Nachdeme im den 12. und 16. juli
1493 1326 2402 1453 diesere außsaag denen khundtschafften
1480 1399 2375 1491 nochmahlen vor- und abgelesen worden.
1467 1450 2411 1577 habend sie selbige mit eines sollen¬
1470 1506 2380 1632 schen eydts in allem ihrem inhalt
1470 1572 2196 1702 bestättiget: Actum vorstäht
1438 1674 1771 1788 2 preestierung
1448 1915 2394 2050 Nach deme Mrgh und Obereri
1458 1996 2408 2110 Räht und Berger über angehörte Ie¬
1462 2055 2433 2166 pormation und waltende umbstand
1471 2115 2405 2227 Bewußter durch Caspar Cunrad den
1464 2186 2414 2282 Botten an Hanns Jacob Heinrich dem
1476 2242 2422 2359 Saÿler und krämer von Sumiswaldt
1478 2299 2384 2393 gegangenen Endtleibung nit befinden
1471 2358 2438 2455 konnen die sach in einen Lndt Offentlichen
1450 2416 2420 2517 Landttag zu verweisen. und darüberhin
1473 2472 2445 2575 Ihr Gn belieben wollen auß dero hochen
1478 2548 2433 2637 mittel mr herren rahtsherren roht zu einem
1479 2594 2424 2706 examinatoren zu Verordnen mit befelch
1478 2650 2428 2759 lichem gesunnen diesen Caspar Cunrad
1484 2720 2410 2821 selbsten auch darüber zu Examinieren
1474 2780 2424 2896 Alß hatt Mih.n cxaminator zu Volg er
1477 2838 2399 2951 haltenen befelchs de dito mit zuthun
1470 2901 2415 3002 Ihr gn Dieneren Hr Großweibel im¬
1478 2968 2431 3088 Hooffs und grichtschreiberen Wyttenbachs den
1476 3021 2411 3158 24. hujus sich in die Gegangenschafft
1477 3091 2435 3219 begeben, ermelten Caspar Conrad darüber
2258 3168 2421 3251 ernstlich
