3024 4032
168 545 250 662 B.
290 555 1169 668 Er habe sich hinauff Zur Kander
309 633 1187 722 begeben wollen, zusehen, ob Er
309 697 1261 813 dorten Arbeit finden ūnd etwas
296 765 1187 877 verdienen könne, da habe Er
299 838 1214 966 den Rohtmezger Vor der Statt
294 904 1282 1031 angetroffen, welcher ihne angeredt
293 999 1194 1120 und gefragt, wo er aus wolle.
305 1084 1245 1210 Nlachdemme er nun dem mezger
314 1168 1273 1302 daß er zur sander gahn und arbeit
311 1232 1251 1365 suchen wolle, angezeigt, habe der
300 1333 1221 1461 Mezger gesagt, er solle warten
306 1397 1292 1540 es seye jezunder Erlenbacher Märit
310 1477 1298 1601 und kommen allezeit frömbde mezger
309 1559 1166 1699 dahin, welche daselbsten viel
309 1630 1222 1788 lrich kaußen, sie können etwan
320 1721 1242 1853 ein haubtreich erwütschen, disen
327 1792 1253 1910 des mezgers bösem angeben
323 1863 1270 1988 habe er leider gefolget und alß
324 1961 1225 2077 die leüthe mit dem reich vom
314 2044 1237 2176 Erbenbacher Marit kommen, seyen
318 2106 1275 2256 Sie denenselben als gemach biß¬
336 2199 1221 2320 gan Münsingen nachgangen
334 2275 1257 2410 daselbsten Sie sich by der Kirchen
336 2330 1244 2482 auf einen Bauk gesezt, und
337 2414 1247 2581 alß es anfangen nacht worden
337 2487 1293 2608 und sie die leüt im wirtshauß
332 2570 1268 2710 gehört schreyen und ein wustes
335 2641 1278 2778 desen machen, habend Sie denen
340 2706 1158 2854 Weich händleren ein Stuk Reich
342 2785 1169 2924 nemmen vollen, aber zu allen
329 2859 1252 3014 unglük des wirts kuch genommen,
343 2939 1247 3087 und solche zu des Metzgers leüten
336 2981 1290 3173 gebracht, die ihnen noch darzu und
328 3108 1252 3263 schlauff geben, anstatt selbige ihnen
349 3178 1284 3325 als jungen gesellen solches abwehren
342 3275 1232 3421 sollen, sonsten habe er sein hebtag
1068 3322 1273 3414 peters
1366 1476 1428 1583 2
1365 1860 1455 1982 d.
1464 530 2436 639 weiters nichts begangen, nach dem
1463 582 2460 696 einiche andere gemeinschafft mit dem
1463 667 2411 794 nohtenmezger gehabt und weilen r
1468 733 2321 834 eben damahlen kein gelt gehabt
1471 794 2435 916 so habe er sich zu disem unglük ver¬
1485 859 2414 971 führen laßen, es seye aber gutt
1453 929 2421 1058 daß es ihme das erste mahl aūß¬
2258 1010 2421 1082 weiter
1475 1020 2255 1123 komen, dann er sonsten in
1475 1068 2380 1229 sunden fallen können. Dises in
1468 1129 2394 1322 seye schme herzlich leid und bätte
1465 1227 2418 1387 gott und eine hoche oberkeit umb
1453 1328 2123 1481 verzeihung und gnad
1479 1441 2372 1564 Ob er nit schon hievor auch in der
1483 1508 2431 1669 gefangenschafft ūnd Im Schallen¬
1500 1569 2332 1751 erkgsin und warumb er
1490 1673 2420 1811 damahlen eingezogen worden,
1488 1779 2444 1951 er habe ein gäzi gehabt, welches
1497 1873 2413 2002 er aber gekaufft, und gar nit
1486 1937 2327 2085 entwendt, dan sonsten er
1482 2020 2387 2184 solches nit offentlich geträgen
2116 2080 2321 2161 bere
1502 2137 2332 2252 hatte, vmb desstwillen habe
1493 2175 2362 2339 man ihne hievor in gefangen
1479 2279 2406 2435 schafft und Schallenwerkgethan.
1462 2392 2418 2559 Im Übrigen habe er sich allezeit
1482 2460 2430 2621 fromm und ehrlich gehalten und
1474 2530 2460 2701 sein stuk brodt mit Rostführen
1479 2634 2463 2794 brief tragen, holz hanwen, vnd
1494 2707 2434 2887 wie Er konnen, verdienet, batte
1483 2795 2449 2975 nochmahlen umb gnädige ver¬
1476 2880 2397 3050 zeichung diser seiner Mißethat
1482 2972 2402 3130 die ihme von herzen beid seye.
1476 3083 2408 3248 Diß ist also das jenige was auß
1483 3170 2429 3341 Eie gudi befelch mit disem gsellen
1498 3236 2475 3397 verhandlet, mnd aūs dero Bekantnus
1498 3303 2427 3460 erhalten worden, so hiemit er gilen
2456 1603 2494 1666 1
