3024 4032
254 1002 303 1081 15
250 2032 309 2115 17
264 1476 309 1586 16
250 652 1124 826 . Hat es geholffen zu Aeberg dery
343 754 1171 904 gestohlene ehrige häfhen und zu thun
376 824 1083 962 im gestohlenes keßi verkauffen
298 942 1157 1094 Mit Hulff Gabi Zeonders hat es
336 1030 1220 1173 nachts zu Wyleroltigen ußemei
341 1099 1199 1242 stall eine geiß entführt und zu frei
357 1180 1181 1308 burg verkauffen laßen, davvon Sy das
360 1262 938 1404 erloßte gellt getheillt.
369 1441 1155 1575 bekente dieses Barbli Schilt, daß es
364 1541 1209 1662 nit Ulli Pieri einem khugher sich zwey
340 1622 1181 1742 mahl in unzucht vertrabet von der
347 1686 1187 1810 sellen geschwangeret worden und das
341 1774 1188 1877 kinds einorer frlan übergeben, welcher
352 1851 1183 1976 selbiges in einem holz exponiert.
363 1990 1185 2124 Ist er Barbli schilt in sechs verschieen
346 2062 1178 2189 denen ohrten bey und mit gsyn als
355 2144 1229 2277 der gufer faltsche Frenter Sots, Berner,
343 2213 1178 2319 Leierner vnd noch einer Anderen
352 2296 1160 2440 gattung fünffbäzler und zeidere
352 2354 1193 2496 Frenzler gegoßen und gemacht, da es
339 2445 1268 2569 dann an vier Oheten darzu geholffen
338 2506 1204 2660 Was es gekönnt in zwayen ohrten
366 2586 1188 2759 aber schiltwacht gestondern hat auch
347 2688 1226 2838 zweymahl zu Solothurn und erngenthal
358 2795 1219 2919 materi zum gelltmacher gekaufft.
259 2928 1184 3089 13. Hat es von dem gemachten faltschen
365 3036 1184 3166 gells anförglich für 2 b hernach
359 3099 1181 3256 noch ein ganzes paquet bekommen.
350 3185 1205 3336 darvon es ein anzahl selbstan hin undt
255 3284 1212 3393 die übriger aber durch das Babi zeander Wideretc.
346 3361 660 3462 von Meurkentc.
1455 544 2260 724 wider in stätten und dörfferen
1448 658 2267 802 debitieren und verlechßlen laßen
1449 748 2269 879 die übrigen aber durch das babi
1461 821 1989 934 sonnder von Murten.
1436 940 2262 1112 Nachdemme rrure unsere allerseits
1445 1033 2303 1156 gnädige herren und oberm Raht und
1438 1106 2327 1222 Burger sein Barbli schilts so thane bekant.
1460 1189 2265 1318 uden und vergicht mit allen ihren
1421 1256 2303 1395 umbstanden angehört und darauß ersehen
1436 1334 2310 1468 daß diesere maleficantin so viel nacht
1464 1407 2283 1535 liche diebstahl theills selbsten verbracht
1460 1488 2305 1618 theills aber derselben, wie auch des falt-
1463 1566 2281 1697 schen mirchens sich theilhafft genacht
1469 1651 2290 1778 und solchem nach anbetrachtung gezogen
1467 1723 2305 1853 Wie dierch dergleicher fräffelhaffte dieb
1455 1799 2289 1935 stahl und lasterkaspte thaten die allgen
1464 1874 2283 1995 meine sicherheit des landts gesommet
1481 1953 2300 2062 auch die rtuhe und sollstandt dero ge
1463 2023 2326 2141 rauler underthanen zerstähret werde.
1460 2100 2311 2224 underseits dann sich schuldigster moßen
1488 2179 2361 2286 binnerat dero zu abstraffung dergleichen
1447 2254 2333 2364 Rißethaten von Gott dem Werhochstan
1462 2323 2305 2439 regenten unvortrauloten hoch ober
1481 2401 2329 2530 keitlichere ambts und daran hangenden
1457 2486 1731 2606 Pflichter
1443 2578 2291 2767 habend darauffhin hochgedachte
1491 2684 2309 2819 unsere gnädigen herren und oberere
1486 2749 2286 2888 bey ihren eyden zu recht erkennt wrd.
1467 2864 1773 2974 gesprochen.
2313 607 2440 701 171
2405 782 2466 842 6
2403 890 2460 979 h
2390 1008 2466 1082 11
2405 1112 2466 1202 a
2420 1556 2470 1628 b
2407 1608 2455 1670 E
2417 2278 2458 2395 3
2451 2546 2477 2642 se
