3024 4032
127 1167 207 1250 D
117 1328 190 1416 E
199 611 1260 738 Angehalten, daß er hinunder nach basel
230 705 1255 803 kommen, und daselbsten ein Schlos auff
239 756 1253 856 thun solle, dann es seye daselbsten ein
249 811 1246 916 Schlöß von Silber und Gold vergraben
239 878 1262 976 Aber er habe nicht gehen wollen, weilen
247 935 1258 1044 Er wohl gewußt, daß er keine solche lour¬
250 999 1236 1124 zen habe, die ein solche wurkung thun
241 1083 407 1163 könne
268 1165 1249 1297 Ob er nit auch von denen Muntzeren
245 1240 975 1345 daselbst herumb gewußt habe.
231 1332 1240 1434 Nein Er habe von disen Leüthen mit
230 1395 1265 1501 gewußt, und werde kein mentich sagen
239 1468 1198 1582 können daß er je der gleichen etwas
232 1545 449 1629 gesehen
221 1608 1269 1705 Oblohlen nun diser Räber nochmahl
226 1683 1260 1804 legen deß in dem Schreiben von Basel
226 1758 1269 1857 gemelten Vögelis, und demselben under
226 1823 1198 1923 gelegten gelts ernstlichen befragt
242 1899 1246 2001 worden, Wolte er dennoch deßen
226 1963 1279 2051 nicht gestandig seyn, sonderen beharrete
215 2047 1249 2148 gäntzlichen daruff daß jemand an¬
222 2125 1242 2198 ders seinen Namen hierin muße
231 2178 796 2284 niß braucht haben
1473 595 2408 780 Den 16. januarii 1713
1396 750 2467 907 Ist dieser Christen Raber dūrch Mehhl
1389 850 2439 966 Rahtsherren Wyttenbach, Herren Heim
1414 913 2413 1031 licher Binner, und ihr gul. Diener
1404 975 2448 1099 Herren Groß Teibel Wursteinberger
1419 1042 2453 1162 nochmahlen ernstwörtiglichen exami¬
1407 1105 2433 1233 wirt beforderß Aber krafftiglich er¬
1420 1176 2434 1282 mahnt worden gott die ehr zugeben,
1410 1241 2397 1343 und der hochen oberkeit alß deßen
1417 1305 2451 1410 Statthalterin die Warheit zubekennen
1414 1379 1885 1484 ward also befragt
1336 1436 2446 1575 Wwarumb er dem haußman die begehr
1407 1528 2451 1613 stewurtzen nnt überliferet und geben
1419 1602 1570 1685 habe.
1419 1650 2445 1787 Wann es Ihme schon sein Leben Kostete
1340 1652 1384 1752 2
1402 1736 2434 1823 so laußte er keine solche Wurtzen zu¬
1417 1808 1609 1880 finden
1321 1881 2450 1997 e. Ob er dann dem herr Haußmann nit
1428 1954 1990 2042 eine bourtzen geben.
1421 2014 2454 2159 Ja er habe Ihme eine geben, aber nit
1414 2128 2467 2233 eine gute, sonderen eine schluchen Courtzen
1330 2203 1407 2296 a
1421 2213 2457 2315 Er habe doch gelt von dem Haußmann
1421 2274 1694 2369 bekommen.
1328 2339 1402 2418 e
1417 2344 2443 2438 Nein, oder es muße der Haußmann
1432 2419 2441 2526 etwann seinem weib ein halbguldin
1426 2494 2426 2594 dicklin geben haben, weilen er da
1432 2565 1884 2662 übernacht ssein
1324 2625 2381 2776 2 Ob nit diser Herr von Basel etliche
1435 2714 2025 2828 mahl zu ihme kommen.
1322 2773 1404 2874 R.
1426 2762 2428 2908 Er seye nit mehr Alß ein mahl, und
1414 2863 2329 2962 der sohn einmahl zu ihme kommen
1323 2924 1393 3030 2
1417 2933 2437 3047 Warumb Er dann disen Herren so lang
1429 3002 2413 3104 nachen gezogen, wann er Ihme keine
1433 3062 2076 3176 wurtzen geben können.
1320 3107 1388 3223 d
1421 3119 2419 3243 Er habe hieran wohl vbel gefehlt, batte
1427 3198 2451 3299 aber gott und eine hoche oberkeit deßt¬
1415 3253 2104 3360 cloegen umb verzeichung
2216 3365 2451 3457 E Obt.
