3024 4032
343 641 1162 800 für d paar sohne strumpff 1n göller
345 726 1193 852 vnd Ein Preis Reßal, so es Ihro abge¬
351 801 1203 918 kauffen. Die übriger 5 vezler, deren
353 867 1160 992 annoch bey 4. oder 5. B. gelesen, habe
344 949 1181 1062 es dem Babi zahnder vor Murten
351 1009 1148 1134 zu debitieren gebett. Welches
342 1079 1204 1224 darauff selbige zu Feyburg, murton
351 1153 1189 1299 thun Thieracheren und verschiedenen
335 1236 1163 1361 Anderen Dörfferen den meistentheil
351 1313 1235 1445 hußgaben und verlaachßlet und alllorgen
333 1398 1199 1531 das verlechßlete gellt mit einweider
340 1488 1163 1633 getheillt, Dieses ist also die Jennige
341 1582 1196 1690 bekonteruß so in verschiedenen mit
320 1654 1190 1774 Diesem Babi schilt gehaltenen exami
354 1716 1127 1857 nibus von ihme erhalten worden
1088 1813 1116 1862 s
333 1843 1184 1955 Endtlechen hat es noch bekant ver¬
366 1906 1215 2014 wachenen May Marit zu Erlach es
378 1953 1227 2066 mit Adam Zoller einem heimratlosen
353 2007 1217 2121 landtleufer fleischliche geminschafft
357 2071 1236 2194 gehabt habe, darvon es schlanger zu sein
357 2168 558 2277 glaube.
356 2218 1227 2367 Nachtern nun aufheüt gegenwärtige
368 2326 1210 2455 vergicht müghen und oberenträcht undt
368 2404 1217 2526 Burger abgelesen und darüber abge
369 2471 1127 2567 sprochen worden sollen. Habendt
372 2533 1161 2639 dieselben in betrachtung es schikli
370 2598 1211 2691 gestere bey absprechung deß lebers
380 2641 1194 2739 beharret, ja vor gott bezeüget, daß es
378 2705 1211 2804 schloaerger, ungeacht die wohmüteren
371 2761 1173 2871 solches necht erkenneer wollen für
381 2830 1193 2931 daß mahlen nichts erkennen, sondern
383 2880 1274 2963 daß fürsichtigere und bessere erachtet,
386 2958 1172 3029 mit der end urtherl biß die zeit der
374 3004 1181 3108 vorschützenden schloangerschafft völlig
376 3047 1266 3175 verstrechen sein virdt anzehalten, damit
383 3110 1234 3202 ncht etwan mit der schuldigen muter
373 3160 1202 3284 auch die unschuldige frucht abgestrasf
358 3238 1234 3346 werden möchte, acte coram 200 die
370 3297 647 3399 9. july 1720.
1578 566 2196 703 Barbl Schills
1411 678 2216 844 gebürtig auß dem Sschangegubd
1702 815 2256 974 Friminal process.
1382 908 2334 1077 die selbiger an der frezgaßen zu verlisen.
1392 1072 2324 1206 Das gesicht des Mentschen ist das edelste
1396 1152 2282 1263 stuck under den gußerlichen dinner
1420 1219 2289 1344 maßen ein blinder mentsch ein armer
1405 1296 2331 1431 Montsch, des wohl mit dem gottseligen
1422 1371 2317 1494 Tobia sagen mag, Was soll ich ehender
1434 1445 2357 1563 für frende häben, der ich ine finsteren
1417 1525 2352 1636 ditzen nnus und das liecht des heinnels
1407 1611 2279 1718 und die Wercke des allerhöchstere
1428 1690 2313 1810 nicht sehene faren. Dennoch sind viel
1430 1760 2254 1892 mentschen, welche ihr gesicht schondlich
1443 1842 2386 1969 mißbrauchen, und diese Edle Haab Gottes
1450 1924 2285 2059 gestalt zur ehr ihres schopffers und
1425 1993 2271 2141 dienst ihres nächsten zu nichts inders
1456 2074 2315 2220 geldenden als zur Bosheit leichtfer
1452 2168 2315 2302 stigkeit und beraubstag ihres nebendt
1441 2253 2348 2375 Mantschen, denen boßer wäre, daß sy von
1455 2325 2315 2459 Mulzerleib un blind gebohren, als sehmd
1457 2434 2314 2548 gelwesen. Solches galturig Merschen
1473 2509 2289 2638 bilden ihnen ein, wann sy ihre bose
1449 2578 2310 2717 haten vor den augen der welt können
1455 2652 2303 2805 verbergen, gott sehr sy nit und habe
1462 2740 2325 2874 sein antliz vor ihren mißethaben
1435 2802 2330 2958 verborgen und betrachten nit das der
1429 2882 2289 3049 Weise Bittenlehrer Syrach sagt, ihe
1472 2995 2270 3126 23 cap 28ß daß das ange
1462 3062 2368 3213 Gottes haller seye dann die donne
1484 3152 2366 3288 und diehel alles was die Mensehere
1491 3247 1753 3361 hur
2130 3278 2340 3414 daß etc.
2300 547 2403 658 175
