3024 4032
341 633 1286 812 und wie nun unsere Allerseits knndige
352 739 1278 852 herren und oberen nätzt und Burgers
341 792 1297 942 als allhiesige hoche Landts oberkeit auß
347 853 1302 1003 so thanen bekannneeßen und vorgicht ange
344 923 1308 1047 höret und verstordere, wie daß diesere zonn
348 996 1306 1110 gefangene elaleficanten Hanns Weyer und
338 1059 1302 1180 Wilgieer Echarttz so viele nächtliche einbruchen
347 1123 1309 1240 und diabstahl theils selbsten begangen theils
344 1186 1289 1307 aber derselben sich theilhafft gemacht, Vnd
342 1260 1303 1369 solcharer nach in betrachtuunig gezogen einerseits
338 1314 1300 1427 wie durch dergleichen fräffelhaffte einbrich
322 1386 1281 1494 und diebstähl die allgemeine oecherzeit
330 1454 1284 1553 des londts gehommet und die Rühe und dero
332 1517 1302 1628 sohlstandt dero getrouwen underthoner
341 1583 1320 1697 verstühret werde, anderseits dann sich schuldig
353 1648 1287 1754 stermaßen erinnieret dero zu abstraffung
338 1711 1263 1825 dergleichen Mißethaten von Gott dem
325 1786 1309 1893 Rlerhochsten regenten ihnen antertrauldten
347 1851 1272 1969 hochoberkeitlichen ambts und daran
334 1920 848 2038 gongenden pflichten.
326 2028 1277 2175 habend darauffhin hochgedachte unsere
354 2133 1284 2246 allerseits gnädige herren und oberel
346 2205 1306 2321 bey ihren eydem zu racht erkent und gesprochen
342 2266 1276 2389 daß diesere zloey mateficanten nichst
341 2338 1298 2428 empfehlung ihrer sechen in die erbarmende
333 2380 1305 2518 hans ihres erlösers dem schuepfrichter über
330 2441 1287 2563 geben, durch denselben nnderaus auf die
333 2499 1281 2629 gelohnte nechtstatt gebenden und gefangen
336 2579 1249 2696 geführt, daselbsten tum baempetundt
333 2636 1307 2758 schreiken anderen dergleichen missenthäter
341 2716 1314 2828 nach loben statt deren habenden hochober
337 2770 1256 2893 kecte glaalt mit dem strangen kom
336 2834 1292 2957 leben zum tod hingerechtet werden sollen.
334 2901 1225 3020 ectp coram 200 den 14. junii 1788.
344 3016 1026 3128 Wreyer zumellh d
572 3079 916 3161 zum Tod. 1154.
534 3158 934 3245 zwer leben. 32
315 3141 496 3251 Ischantz
537 3195 955 3311 zum Tod 124.
2361 614 2421 705 20
