3024 4032
102 1465 219 1521 tunge
108 1495 234 1558 Eschgeb.
110 1534 193 1592 nd etc.
169 624 1230 790 Eyden Zurecht Erkent und gespro¬
260 712 1249 832 sehen, daß dieser Ingoll und
257 790 1240 891 Müller nechst Empfehlung Ihr
251 838 1248 952 seilen in die hände ihres erlösers
254 914 1188 1028 dem Scharf RRichter vbergeben
960 973 1255 1073 auß auc
250 992 729 1095 durch denselben
255 1036 1244 1149 die gewohnte Richtstatt gebunden
262 1100 984 1219 und gefangen geführt
244 1191 1253 1310 daß sie beide nach vermelten christon Ingaldin
274 1274 1220 1338 so neben andirer gnädiges Straff auch
264 1332 1236 1406 ausgeschmeitzt werden soll, bey sinem ans-
259 1371 1197 1473 schwiitzen begleiten, nachwährts dan varn
275 1433 1254 1509 merer vom Meght den rähten ihnen hrr
268 1486 1202 1558 zeigenden ohrt zur fleissiger arbeit
270 1566 1238 1642 in ihrem erhrohnten bëchseeschend handvorck
244 1605 1224 1707 gehalten werden sollind. Der meinung
267 1656 1236 1758 daß der Jacob Ingold vor sachs jahren
271 1723 1236 1831 der Alli Müller dan vor vor fherstrung
259 1794 1251 1904 vier jahren umb einiche gnad nicht on¬
267 1860 1119 1965 halter zugelassen sein solle. Ad.
2204 594 2341 690 13.
1474 677 2208 817 Christen ingoldts
1509 784 2166 884 des Buchßenschmidts von
1489 858 1895 949 Loupers Weyl
1516 938 2177 1060 Ttiminal process
1435 1030 2264 1152 ie selbiger an der prentz Gaßen
1618 1102 2057 1208 verlesen worden
1406 1252 2399 1372 Daß gemicht des Menschen, sagdt
1423 1329 2389 1432 jener weltweise Mann, kan garfüeglich
1444 1398 2406 1511 einem gschroß verglichen werden, dann
1435 1454 2364 1542 wer mit demselben vorsichtiglich weiß
1432 1507 2395 1612 umb zugehen, fan sich deßen zu seiner
1430 1563 2411 1693 beschützung und anderen nitzbahrkeiten
1435 1627 2416 1743 gar wohl und nützlich bedienen. Es bezein
1426 1683 2407 1794 get aber auch die tägliche Erfahrung, daß
1429 1748 2406 1849 viel dardurch unvorsichtiglich umb leib undt
1422 1804 2401 1918 lebenkommen, dann es liecht geschichet, daß
1444 1864 2360 1953 ein solch gewehr, soselbiges ein werig
1429 1917 2392 2015 unbedachtsamb geführet wirdt, sich selbsten
1412 1967 2353 2068 Loos Brennet und den jenigen verletzet
1431 2033 2047 2126 der sich deßen bedienet
1412 2097 2412 2193 Wie und welcher gestalten nun ein mensch
1447 2135 2379 2253 der von seinen Affecten und Gemichts be¬
1425 2204 2439 2314 wegungen unbedachtsamb geführet wirdt
1435 2259 2421 2368 gleich als von einem Gschooß, sich im vorsich
1428 2333 2409 2432 tiglich verletzen könne, bevorderst wann
1437 2374 2424 2494 selbiger mit Eindansetzung seines von Gott
1432 2454 2340 2549 verlichenen beruffs, und gebührenden.
1434 2503 2395 2613 erwerbung seiner Nahrung, sich solcher
1413 2558 2398 2681 sträfflichen sachen underfangt dardurch
1437 2606 2370 2708 welche Er sich in die Eußerste Gefahr, Ja
1438 2682 2388 2768 in den todt selbsten stürzet und also umb
1435 2731 2408 2834 leib und leben bringet, wirdt unß mit
1430 2784 2367 2888 vorbey gehung Aller anderen Exeempiec
1435 2831 2419 2955 umb geliebter kürtze willen) vorgestellet,
1433 2896 2427 2989 durch den trauwrigen Anblick gegen¬
1443 2955 2372 3074 wehrtigen alhier vor augenstehenden
1426 3001 2371 3117 Armen Menschen, namens Christen
1436 3069 2415 3198 Ingold gebührtig von Laupers wyl seines
1432 3124 2422 3256 handtwercks ein buchßenschmirdt, welcher
2154 3224 2386 3326 Nachdeme
