3024 4032
154 2430 317 2533 Pali
182 2519 262 2595 8.
522 578 1097 711 Jacob Guelhs
311 683 1229 836 seinem vorgaben nach gebührtig auß
616 767 890 894 der Pfaltz.
609 833 1122 992 riminal Process.
309 939 1311 1082 Wiehelbiger an der Treützgaßen den 18. januni
501 1013 1099 1093 A718 verlesen worden.
284 1059 1294 1209 Auff dem Schauplatz dieses zerdisden
326 1157 1297 1292 Welt gebäulis wird unß vielfaltig vor angen
341 1221 1300 1362 gestollt wie offtmahls unschuldige monschen
341 1294 1281 1421 unvermuhtet, in schldare Unglück verfallen
357 1367 1279 1466 nd durch in versechone zufähl, auch boßhaffter
342 1446 1257 1556 Menschen Hände, als des leidigen Sathaus
341 1513 1264 1641 vererzenge umb sagb und Bühl, ja gar umb
359 1594 1273 1719 leib und leben kommen: Verners wird unß
346 1663 1281 1793 darauff gezeiget, in was für schreckliche thor-
365 1754 1289 1869 heiben so viel sterbliche menschen sich versencken
352 1824 1261 1936 als die obstmahls umb eine geringe gelust
348 1888 1254 2025 Schnöden Gertinn, oder dergleichen etwas
331 1964 1268 2099 zu erlangen, gottes ihres gelißens und
352 2032 1266 2181 aller menschlichkeit vergeßen und dardurch
367 2115 1280 2247 ich in das aüßerste ungemach und flind stürzen
330 2207 1278 2318 Meann Wird aber auch sachen, wie heimlich und
352 2265 1307 2403 zugleich auch genanld das allsechende aug gottes
353 2345 1275 2482 der menschen verrichtungen beobachtet auff
336 2420 1269 2566 daß iie der pfalrerist sagdt, mlain erkennen
334 2510 1297 2648 Lehrne, daß gottes raach und Straaff die boß
348 2587 1264 2712 hafftigen dennoch begleite ob ihnen gleich
343 2675 1048 2801 eine zeit lang nach gesochen wird
337 2738 1260 2931 Wie Wahrhaffe nun das eint und andere
363 2874 1294 3015 o wohl an unschuldigen in schwäre und under
359 2933 1287 3104 sachene zufahl verfallenen, als auch an boß
334 3014 1278 3159 schafften gott- und gewüßen loßen monschen
339 3076 1285 3245 Eintreffen thüye. Wird unß mit vorbey
337 3157 1256 3301 gechung aller anderen exemplen umb
337 3221 1274 3370 Beliebter kürtze villen dargestallt durch
1079 3322 1234 3437 die
1407 847 1476 946 1s
2255 625 2443 740 408
1502 665 2380 839 die bekantnuß und beyfihl gegenwährtig
1526 773 2376 884 n oberkeitlichen banden alhier vor wegen
1534 833 2402 962 thenden elanden Slenschen sich Jacob Burth
1532 911 2361 1016 wmsend bey 40 jahren alt und gebührtig
1515 978 2403 1092 auß der pfaltz, welcher eben wegen der gleichen
1511 1049 2404 1161 boßhafften und morderischen gehinneten ver
1515 1122 2392 1240 brachen sich in diesers außerste ungemach undt
1517 1193 1883 1302 kandt gestürtzet.
1470 1291 2371 1434 ann Nachdame jhr grdin mit bedouloren
1510 1385 2439 1497 vernammen weüßen. Was maßen kurtz verlaichenes
1502 1447 2427 1571 zeit eines von dasell kommenden durchreisonden
1510 1520 2388 1636 Herren bey sich gehabter knecht dranßen im
1513 1587 2372 1719 Grauldholtz auff offener straaß von einem
1517 1665 2415 1782 unbekandten kerle Morderischer Weib angee
1514 1730 2433 1835 geiffen und mit einem biel schwarlich verlundet
1483 1799 2401 1915 worden, Habend hochgedacht ihr gudt zu
1514 1877 2376 1991 behaltung allgemeiner landts sickerheit
1505 1944 2363 2070 also bald die erforderliche vergestalltunoh
1517 2013 2361 2158 ergechen laßen auff den cläteren gmonloe
1507 2082 2370 2213 achtung zugeben, Da wann durch fleißige
1487 2160 2429 2289 nachforschung derselbenm Bucheggberg ergeiscfen,
1525 2232 2389 2345 pfänglich eingesatzt und volgendts durch den
1508 2298 2411 2434 Frey weibel vor Hindelbanck zu oberkeitliche
1514 2376 2432 2499 anden gehoehrsamlich allher gebracht, nachwerts
1516 2444 2400 2576 in allhiesiger Oberen gesangenschafft zuver¬
1499 2523 2367 2650 schredenen mahlen, so wohl güet, als peinlich
1498 2589 2345 2704 seiner begangenen Mißethäten halber
1506 2663 2360 2760 examiniert und darauff nach volgende
1481 2735 2345 2861 bekanntnuß von ihme erhalten worden
1634 2822 1668 2896 d
1502 2820 2389 2985 frstlichen daß er mit zuthen al selcher ange¬
1521 2912 2425 3044 vnommen schlimen camaraden den leüthen
1501 2977 2370 3112 hin und wider auf den Marcklen die lüchlin
1508 3046 2382 3165 oder facinret auß den säcken gezogen undt
1500 3111 2371 3228 bißweilen gelt darinnen bekommen, welches
1484 3174 2354 3309 Diebs handtwerck nach der zeit ernoch weiters
1495 3273 1818 3392 gebraucht
2155 3306 2347 3427 daß etc.
