3024 4032
229 585 1231 757 Ihme ingold wider gebracht und be
246 691 1251 826 gehrt, daß er sie hertnen solle, Als er
252 748 1204 900 Aber solches abgeschlagen, habe der
253 822 1242 956 Schnethan in sein Ingolds würchstat
242 890 820 1021 die selbsten Gehertnet.
236 1022 1260 1123 Werniers daß er Ingold nach geendetem
241 1095 1234 1179 Krieg etloann t. Wochen vor seiner
252 1158 1255 1260 Behändigūng zween Kreützer stempfel
239 1206 1261 1328 Als einen Oberen und einen anderen
242 1268 1246 1377 denne Zween Rappen stempfel, einen
241 1333 1253 1444 fur seinen Vatter, und einen fur Ihne
959 1395 1244 1502 die Rappen
243 1414 747 1523 selbsten gemacht.
245 1467 1234 1589 stempfel hab er allein außgestochen
235 1534 1234 1664 die Crentzer stempfel Aber habend
245 1630 1249 1712 sie mit ein anderen Gemacht dar¬
250 1689 1267 1788 auff habend sein Vatter und er Ohn¬
217 1749 1227 1885 gefehrd bey einem Ihrl. Breutzer
1112 1826 1248 1890 von
258 1825 987 1924 ins gemein geschlagen;
249 1876 1278 1966 diesen Greutzeren habe er den Nacht
267 1934 1245 2059 Bahrleüthen etwann umb 9 bz für
261 2010 1245 2136 Saltz, ancken, oder was sie sonsten
262 2081 1248 2181 von Nöthen gehabt, außgeben, und
262 2137 1247 2250 die vorigen seinem Vatter gelaßen
251 2218 1218 2319 weiters und mehrers Gält- noch¬
266 2254 1260 2397 stempffel habe er sein lobtag nicht ge¬
270 2354 478 2460 macht.
248 2410 1263 2539 So zeigte er auch an daß Christen Langer
268 2465 1273 2613 Egger und der schnethöni faltsche plapper
260 2526 1249 2656 und drey Lutzler gemacht; und habe
269 2593 1270 2724 der Letstere Namlich der Schnethoni in
275 2668 1217 2787 um Ingolds werckstatt auff dem
258 2732 1171 2859 Amboßfaltsche müntz geschlagen.
198 2801 1286 3005 Endtlichen hate dieser Ingald mit get
273 2894 1261 3043 der Bereutdung seiner gegangenen
260 2942 1263 3097 fähleren sehr demütig eine hochweie
261 3030 1253 3175 gnädige Oberkeit umb verzeichung
273 3073 1269 3222 und in Betrachung seiner großen
257 3149 1251 3296 Armuth und unerzognen Dreyen
248 3193 1249 3340 Kinderen, darvon noch das einte
251 3277 1275 3422 das Tagliecht nicht gesehen, umb ein
258 3398 1074 3520 gnadige Vrtheil gebätten.
1484 549 2381 705 N Muller von Röhtenbach
1534 656 2298 742 seines Alters vngefehrt
1498 708 2367 836 zwtischen 45 und 50 jahren
1395 805 2373 978 Hab in vnderschiedelichen mit Ihm
1328 906 2358 1027 gehaltenen so wohl Ernstwöhrtig
1384 977 2364 1075 als zeinlichen Examimibus, bekent
1390 1039 2247 1146 und an der Marter erhalten
1396 1130 2402 1242 daß er vor ungefahr 14 oder 15 jahr
1400 1194 2354 1313 ren einen Zuger halb H. stempfel
1378 1259 2385 1383 gemacht, und selbigen dem Caspar
1365 1330 2337 1463 Büchler geben, Als aber der
1402 1402 2418 1531 buchler diesen halb batzen stempfel
1393 1477 2335 1598 nicht brauchen können habe er
1391 1538 2360 1645 selbigen sambt einem kupffer
1391 1612 2348 1733 Bläch und etwalchen stücken ihme
1395 1684 2292 1798 Müller widerumb zugestelt,
1368 1751 2379 1884 Welchen er daruff wider verschmidet.
1382 1848 2352 1987 Nachwerths habe er dem Buchler
1396 1954 2361 2064 Einen Lmernerbaten stempfel
1311 2033 2346 2139 gemachtselbigen nach thun getragen ihme da
1402 2096 2318 2193 selbsten eingehändiget und darzu
1421 2159 2375 2270 noch 30 l in geltentlehnt, worfür
1418 2221 2382 2338 der Buchber Ihme eine Obligation
1402 2285 2375 2398 von 90 S. aūff gerichtet, welcher
1397 2356 2350 2481 vberschuß an gelt sein Müllers
1403 2437 2340 2550 lohn für die stempffel seyn sollen:
1398 2509 2395 2613 Als er aber von dem Rihler lange
1414 2564 2373 2688 Jahr nichts bekommen, habe er
1402 2639 2328 2763 vor ohngefehrt 3 Jahren die
1401 2716 2382 2816 Obligation verkaufft, Da dann
1408 2768 2400 2893 die Leuthso selbige erhandlet den
1373 2835 2377 2966 Buchler Ihne Müller gescholten
1401 2884 2429 3018 und getröüwt die sach außzubringen
1401 2952 2402 3082 Worüber ihme Müller Aūgst wor¬
1407 2999 2403 3152 oden, so daß er dem Buchler ein stuck
1419 3068 2414 3212 Zelt geben, daß er Ihme den batzen
1401 3133 2396 3275 stempffel wider einhändigen, dar
1408 3191 2410 3338 zu Schweigen und Ihne widerumb
1420 3256 2413 3415 entschlagen solle; Mit versprechen
2272 3357 2434 3466 daßc.
1304 3349 2068 3465 angefangen zutreiben, deßwegen
1359 3421 1703 3520 der Bnechler
2400 1662 2428 1694 e
2400 854 2442 939 6
2407 1925 2443 1993 1.
