3024 4032
302 517 1305 734 versprochen, und darauff fleischliche Gemeinshaffen
316 609 1280 744 mit ihme gehabt, darvon es schwanger worden.
315 668 1281 815 Nachwahrts der schuemacher gsell vorgeben, bes
323 749 1276 879 wolle seinen hennath schem abholen und shns ge¬
327 807 1259 931 kilchenführen, seÿe aber biß datt nicht wider
331 879 1271 998 kommen. Als es nun verspührt daß es geneen
335 934 1238 1047 wollen, habe es (in seines Hanßherren Gemach¬
335 999 1284 1113 Alldart sich befunden ein fürtuch auff den boden¬
335 1058 1292 1183 Inspreitet, das Sndt darauff zu empfahen,
314 1133 1268 1248 Wie nun das kindt gebohren und an der Nabel¬
323 1209 1294 1311 schnur gehanget, habe es mit der land die Nabel¬
327 1265 1256 1382 schmir ein wenig gezogen, auff daß die Nah
326 1333 1276 1464 gebuhrt auch möge volgen, und es Vollends kindt¬
335 1396 1266 1499 betteren werden, darvon ihme Alsobald so vbel
342 1464 1273 1578 worden, daß es auff die kiie Gesuncke, und in
329 1529 1278 1632 Ohemacht gefallen, da es nun widrumb zu sich
342 1589 1284 1700 selbs kommen, habe es das kindt auff die Schoos
333 1658 1242 1762 genommen, Allein kein leben an demselben
332 1721 1275 1837 Gesführt, und seye Todt Shin, konne und weße
335 1787 1275 1896 Also gar nit zu sagen, ob das sundt lebendig Oder
334 1860 1280 1953 Todt zur welt kommen, Maßen von dem Kindtun
336 1923 1290 2011 von ihme über all nit zwey Glaßvoll Blut, nach
342 1990 1297 2102 der geinßt Auff dem fürtuch sich befunden, und
341 2057 1310 2162 bezeüge höchlich, daß es niemahlen seine gedanken
341 2124 1299 2239 noch willen gehabt, das kndtumbs Lebe zubring
334 2192 1264 2306 Hierauff habe es das kindt erstlich in sein halb
353 2264 1280 2375 Auch, volgendssambt dem salz tuch in ein fürtuch
331 2332 1289 2432 Geweklet, und über nacht in eine andere Cammer,
341 2392 1294 2510 Gelegt, hernach Am Morgenfrühe daßelbe und¬
339 2462 1299 2579 Die stagen getragen, allda es gefunden worden,
338 2522 1293 2647 seye auch vorhabens gsin, Mornorigen Tags, das
319 2594 1291 2699 Sind etwann in einen kirchhooff, zu begraben,
349 2661 1208 2772 und darauff vort dem Berlen nach zugehen
346 2717 1246 2848 Die Ursach Aberwarumb es, neben der zuge¬
346 2783 1284 2902 stoßenen ohnmacht, nit sagen könne noch wüße
346 2838 1293 2973 ob das kindt lebendig oer todt An d welt kommen
348 2907 1296 3032 seyn diesere, daß es wahrens seiner schwanger
342 2955 1285 3090 schafft zu Vier Vnderschiedelichen mahlen hart Ie
352 3008 1305 3162 faller. Das erste mahl mit einem zubereit
349 3074 1300 3200 waßer, welchen es bey dem brunne Aufh den
324 3139 1298 3283 Kohrn Marith Gereicht, und alses wegen des
343 3195 1305 3371 ihr nägend abgebrochnen hauß, durch deselben
352 3261 1308 3416 haußgang zehenmüßen, us bey des Schurmach
342 3339 1304 3505 Osenschmidts haußbeym Jäßlin Vbel gefallen,
1099 3392 1280 3506 Wie sc
1468 571 2403 717 Wie Lang Aber solches vor der Genßt Gewehnt,
1509 643 1873 721 könne es nit tagen
2004 656 2365 766 das andere mahle
1508 696 2390 815 vergangenen winther, Als es mit einem Arspel
1503 758 2414 863 Holtz die stägen hinmider gehen und einheitzen¬
1522 807 2403 922 vollen, damahlen habe es einen schwaren fahl die
1509 872 1850 963 stägen abgethan.
1918 872 2390 992 Das dritte mahl vor der
1498 929 2379 1030 Schaal, Allda es ein indt Auff dem Armb, und
1510 992 2404 1106 ein brett mit fleisch auff dem Kopf gehabt, seÿe
1507 1070 2425 1157 Auch sehr übel gefallen, Also das die Leüt ihme
1496 1106 2392 1218 wider auffhelffen müßen. Dieser dritte fahl
1486 1168 2400 1272 seye nit Jar Lang vor der Grnißt Osin, dann
1505 1241 2400 1339 damahls der schnee schon hinwag, aber die steinen
1508 1309 1889 1402 noch Glatt geweden
2052 1307 2382 1416 das Vierte mahl
1502 1361 2425 1467 ware etwann drey oder vier Tag vor der Grinßt,
1492 1425 2417 1538 An der Amkenwaag, Als des Morgens umb
1496 1488 2382 1598 5. Uhren es bey daselbstigem drunnen einen¬
1502 1549 2434 1640 Zubür Voll waßer Gereicht, und darmit in die
1505 1615 2376 1727 Lauben zehen wollen, seÿe es Auff die seithen
1503 1679 2391 1772 hinaus und der zuber neben Abgefallen, und
1500 1746 2421 1849 weilen, wie verdeutet, solches am MorgenPruhe
1490 1800 2331 1916 geschehen, habe diesenfahl Niengi gesehen
1463 1883 2328 2004 Im ubrigen wäre es bekannt, daß es seine
1457 1959 2387 2062 Schwangerschafft, vor und nach der Genßt, Gege
1483 2018 2371 2122 Mänigklichen gelaugnet, insonderheit Geg.
1489 2082 2366 2186 M des horgrichts, welche ihme selbigen
1490 2127 2427 2247 vergehalten und gantz ernstlichen ermahnt, es
1496 2196 2412 2297 Dennoch daßes Schwanger seye Vernemet, Auch
1499 2260 2343 2365 Den Heil Namen Gottes darüber zu zeügen
1493 2320 2343 2423 Angeruffen, vber das Nachdamme das Kindt¬
1494 2386 2390 2492 gefunden und ihren vorgelegt worden, es an
1492 2440 2385 2559 fangs nit gestehen wollen, daß das undt von
1501 2513 2206 2623 ihme gebohren, und das seinigeseÿe
1464 2591 2436 2720 Dieses ist also das jennige, so diesesEllsbeth Mertz
1487 2675 2424 2794 mit und ohne Marter, in denen mit Schme Ge¬
1476 2734 2431 2856 haltenen cocamen verjährt und bekannt. Actl.
1478 2806 1691 2913 Vorstahtt
