<?xml version="1.0" encoding="UTF-8" standalone="yes"?>
<PcGts xmlns="http://schema.primaresearch.org/PAGE/gts/pagecontent/2013-07-15" xmlns:xsi="http://www.w3.org/2001/XMLSchema-instance" xsi:schemaLocation="http://schema.primaresearch.org/PAGE/gts/pagecontent/2013-07-15 http://schema.primaresearch.org/PAGE/gts/pagecontent/2013-07-15/pagecontent.xsd">
    <Metadata>
        <Creator>prov=University of Rostock/Institute of Mathematics/CITlab|PLANET AI GmbH/Gundram Leifert/gundram.leifert@planet-ai.de:name=German_Kurrent_XVI-XVIII_M1(htr_id=19584)::::v=2.6.7
prov=University of Rostock/Institute of Mathematics/CITlab|PLANET AI GmbH/Tobias Gruening/tobias.gruening@planet-ai.de:name=de.uros.citlab.module.baseline2polygon.B2PSeamMultiOriented:v=2.6.7
prov=University of Rostock/Institute of Mathematics/CITlab|PLANET AI GmbH/Tobias Gruening/tobias.gruening@planet-ai.de:name=/net_tf/LA73_249_0mod360.pb:de.uros.citlab.segmentation.CITlab_LA_ML:v=2.6.7
Transkribus</Creator>
        <Created>2021-03-11T14:07:48.613+01:00</Created>
        <LastChange>2022-09-12T15:09:20.048+02:00</LastChange>
        <TranskribusMetadata docId="1334842" pageId="52362115" pageNr="82" tsid="114643913" status="IN_PROGRESS" userId="9570" imgUrl="https://files.transkribus.eu/Get?id=PRJEIJMQXLNGBBYQULTZQULX&amp;fileType=view" xmlUrl="https://files.transkribus.eu/Get?id=RFLONDVNNWBSPBPELMRLGJQQ" imageId="19038930"/>
    </Metadata>
    <Page imageFilename="IMG_9163.jpg" imageWidth="3024" imageHeight="4032">
        <ReadingOrder>
            <OrderedGroup id="ro_1687513673034" caption="Regions reading order">
                <RegionRefIndexed index="0" regionRef="r1"/>
                <RegionRefIndexed index="1" regionRef="r2"/>
            </OrderedGroup>
        </ReadingOrder>
        <TextRegion orientation="0.0" id="r1" custom="readingOrder {index:0;}">
            <Coords points="254,698 254,3368 1293,3368 1293,698"/>
            <TextLine id="r1l1" custom="readingOrder {index:0;} person {offset:0; length:21;}">
                <Coords points="401,785 518,779 631,731 695,754 740,721 917,766 979,739 1054,784 1122,740 1214,757 1214,703 1104,680 1051,705 817,633 621,670 541,633 438,705 401,701"/>
                <Baseline points="408,740 448,738 488,735 528,733 568,731 608,729 648,728 688,726 728,726 768,725 808,725 848,725 888,726 928,727 968,728 1008,731 1048,733 1088,736 1128,739 1168,743 1208,749"/>
                <TextEquiv>
                    <Unicode>Christen Langeneggers</Unicode>
                </TextEquiv>
            </TextLine>
            <TextLine id="r1l2" custom="readingOrder {index:1;} place {offset:4; length:8;}">
                <Coords points="519,781 598,806 619,789 703,787 789,829 873,794 944,807 1010,796 1011,754 956,775 847,752 826,765 743,721 679,756 641,733 605,751 519,749"/>
                <Baseline points="525,800 550,794 575,790 600,786 625,784 651,783 676,782 701,782 726,782 751,783 777,785 802,786 827,788 852,788 877,790 903,791 928,792 953,792 978,791 1004,791"/>
                <TextEquiv>
                    <Unicode>von Langnauw</Unicode>
                </TextEquiv>
            </TextLine>
            <TextLine id="r1l3" custom="readingOrder {index:2;}">
                <Coords points="422,888 565,905 590,880 684,890 751,869 772,887 851,885 890,916 944,899 985,924 1001,920 1002,832 898,840 849,804 789,830 759,808 726,838 505,778 448,816 422,806"/>
                <Baseline points="429,879 457,878 485,876 513,875 542,875 570,873 598,873 627,873 655,873 683,873 712,873 740,875 768,875 796,876 825,876 853,876 881,878 910,878 938,878 966,878 995,878"/>
                <TextEquiv>
                    <Unicode>Triminal Process</Unicode>
                </TextEquiv>
            </TextLine>
            <TextLine id="r1l4" custom="readingOrder {index:3;}">
                <Coords points="302,989 737,951 1231,993 1231,930 1147,938 1047,872 944,921 757,874 583,914 536,889 447,939 384,889 302,881"/>
                <Baseline points="308,960 353,960 399,959 445,959 491,957 537,956 582,956 628,954 674,954 720,953 766,953 811,953 857,953 903,954 949,956 995,957 1040,959 1086,962 1132,966 1178,971 1224,975"/>
                <TextEquiv>
                    <Unicode>Wieselbiger den 18: Juni 178 an</Unicode>
                </TextEquiv>
            </TextLine>
            <TextLine id="r1l5" custom="readingOrder {index:4;}">
                <Coords points="353,1019 570,1065 786,1021 964,1048 1019,1025 1153,1061 1203,1038 1203,983 1091,961 996,989 958,959 705,984 639,959 547,983 502,956 416,983 353,966"/>
                <Baseline points="360,1019 401,1019 443,1019 485,1019 527,1017 569,1017 611,1016 652,1014 694,1014 736,1013 778,1013 820,1013 862,1013 904,1013 945,1013 987,1014 1029,1016 1071,1017 1113,1019 1155,1022 1197,1026"/>
                <TextEquiv>
                    <Unicode>der freutzgaßen verlesen worden.</Unicode>
                </TextEquiv>
            </TextLine>
            <TextLine id="r1l6" custom="readingOrder {index:5;}">
                <Coords points="252,1232 741,1188 809,1229 870,1184 1285,1212 1284,1163 1163,1120 875,1092 744,1134 421,1109 252,1153"/>
                <Baseline points="258,1199 309,1199 360,1197 411,1196 462,1193 513,1192 564,1190 615,1188 666,1186 717,1184 768,1182 819,1181 870,1181 921,1181 972,1181 1023,1182 1074,1184 1125,1187 1176,1191 1227,1196 1278,1200"/>
                <TextEquiv>
                    <Unicode>Sochlich ist sich zu verwunderen</Unicode>
                </TextEquiv>
            </TextLine>
            <TextLine id="r1l7" custom="readingOrder {index:6;}">
                <Coords points="278,1275 626,1281 666,1251 791,1282 876,1249 1261,1278 1260,1230 1164,1190 1066,1214 878,1189 807,1231 701,1194 519,1235 458,1197 277,1212"/>
                <Baseline points="284,1260 332,1259 381,1257 429,1257 478,1255 526,1254 575,1253 623,1251 672,1250 720,1248 769,1248 817,1247 866,1247 914,1247 963,1247 1011,1247 1060,1247 1108,1248 1157,1250 1205,1251 1254,1254"/>
                <TextEquiv>
                    <Unicode>über den seltsammen Kauf der Gött¬</Unicode>
                </TextEquiv>
            </TextLine>
            <TextLine id="r1l8" custom="readingOrder {index:7;}">
                <Coords points="266,1338 403,1318 477,1358 639,1356 974,1309 1180,1340 1265,1328 1265,1287 998,1256 946,1291 841,1258 766,1289 526,1287 485,1259 266,1289"/>
                <Baseline points="273,1323 322,1322 371,1320 420,1319 470,1317 519,1316 568,1314 618,1313 667,1310 716,1309 766,1308 815,1307 864,1305 913,1305 963,1305 1012,1305 1061,1307 1111,1308 1160,1310 1209,1313 1259,1316"/>
                <TextEquiv>
                    <Unicode>lichen Regierung, welche die Gottlosen</Unicode>
                </TextEquiv>
            </TextLine>
            <TextLine id="r1l9" custom="readingOrder {index:8;} person {offset:0; length:7;}">
                <Coords points="261,1402 421,1389 494,1431 559,1389 684,1379 740,1411 801,1372 959,1371 1290,1400 1279,1339 1239,1363 972,1308 751,1356 261,1331"/>
                <Baseline points="267,1386 317,1386 368,1385 419,1384 470,1383 521,1381 572,1379 622,1377 673,1376 724,1374 775,1373 826,1371 877,1370 928,1370 978,1370 1029,1371 1080,1371 1131,1374 1182,1377 1233,1382 1284,1386"/>
                <TextEquiv>
                    <Unicode>Fräßler zwar lange zeit kan dulden, so</Unicode>
                </TextEquiv>
            </TextLine>
            <TextLine id="r1l10" custom="readingOrder {index:9;}">
                <Coords points="249,1487 519,1440 607,1471 754,1439 846,1468 877,1442 1239,1455 1238,1404 1074,1371 1006,1398 795,1373 740,1411 556,1392 493,1428 287,1392 248,1420"/>
                <Baseline points="254,1451 302,1449 351,1446 400,1443 449,1440 498,1439 547,1437 596,1436 645,1434 694,1434 743,1433 791,1433 840,1433 889,1433 938,1433 987,1433 1036,1433 1085,1433 1134,1434 1183,1434 1232,1436"/>
                <TextEquiv>
                    <Unicode>Dißmann auch gedencken solte, gott hätte</Unicode>
                </TextEquiv>
            </TextLine>
            <TextLine id="r1l11" custom="readingOrder {index:10;}">
                <Coords points="261,1549 343,1518 519,1533 667,1501 703,1526 853,1493 930,1533 991,1502 1109,1539 1243,1509 1193,1454 1130,1474 1029,1444 1000,1472 767,1446 591,1476 518,1440 259,1478"/>
                <Baseline points="266,1511 314,1509 363,1508 411,1506 460,1505 508,1503 557,1502 605,1500 654,1499 702,1497 751,1496 799,1494 848,1494 896,1494 945,1494 993,1494 1042,1494 1090,1496 1139,1496 1187,1499 1236,1500"/>
                <TextEquiv>
                    <Unicode>Ihre werck niemahls in augenschein ge¬</Unicode>
                </TextEquiv>
            </TextLine>
            <TextLine id="r1l12" custom="readingOrder {index:11;}">
                <Coords points="292,1576 589,1588 812,1556 898,1585 1105,1546 1261,1568 1260,1508 1047,1539 1003,1500 930,1533 855,1493 768,1537 292,1541"/>
                <Baseline points="299,1574 346,1572 394,1571 442,1569 490,1567 537,1565 585,1563 633,1561 681,1559 728,1557 776,1556 824,1554 872,1553 919,1553 967,1553 1015,1553 1063,1554 1110,1555 1158,1558 1206,1560 1254,1565"/>
                <TextEquiv>
                    <Unicode>nommen oder solcheren vergeßen. Aber</Unicode>
                </TextEquiv>
            </TextLine>
            <TextLine id="r1l13" custom="readingOrder {index:12;}">
                <Coords points="276,1681 330,1652 373,1684 431,1638 503,1670 603,1619 822,1651 866,1618 956,1649 1020,1616 1076,1644 1274,1625 1273,1582 1114,1547 710,1598 612,1566 509,1610 274,1583"/>
                <Baseline points="281,1637 330,1635 379,1632 429,1631 478,1628 527,1625 577,1623 626,1622 675,1620 725,1618 774,1617 823,1616 873,1614 922,1614 971,1614 1021,1614 1070,1614 1119,1616 1169,1617 1218,1619 1268,1622"/>
                <TextEquiv>
                    <Unicode>zu ihrer und rechterzeit, thut er sie mit</Unicode>
                </TextEquiv>
            </TextLine>
            <TextLine id="r1l14" custom="readingOrder {index:13;}">
                <Coords points="284,1711 479,1699 544,1734 595,1692 1013,1680 1110,1708 1278,1689 1276,1628 1207,1650 1024,1619 954,1649 913,1625 844,1659 555,1628 504,1670 424,1641 373,1682 330,1652 283,1686"/>
                <Baseline points="290,1704 339,1702 388,1698 437,1695 486,1692 535,1690 584,1686 633,1685 682,1682 731,1679 780,1677 829,1676 878,1674 927,1674 976,1673 1025,1673 1074,1673 1123,1674 1172,1675 1221,1676 1271,1679"/>
                <TextEquiv>
                    <Unicode>der straaff plötzlichen übereilen, und den</Unicode>
                </TextEquiv>
            </TextLine>
            <TextLine id="r1l15" custom="readingOrder {index:14;}">
                <Coords points="269,1769 387,1800 570,1747 713,1780 836,1741 890,1768 1019,1735 1220,1761 1268,1750 1267,1713 1019,1680 900,1709 848,1683 774,1719 578,1700 544,1734 267,1710"/>
                <Baseline points="275,1766 324,1763 373,1761 423,1758 472,1755 521,1753 571,1750 620,1748 669,1745 719,1742 768,1739 817,1737 867,1736 916,1734 965,1733 1015,1731 1064,1731 1113,1731 1163,1731 1212,1732 1262,1733"/>
                <TextEquiv>
                    <Unicode>Verzug mit der schreiklichkeit ein bringen</Unicode>
                </TextEquiv>
            </TextLine>
            <TextLine id="r1l16" custom="readingOrder {index:15;}">
                <Coords points="283,1875 341,1836 646,1849 691,1817 1243,1837 1254,1744 1172,1770 1112,1746 1077,1781 967,1748 713,1780 553,1753 421,1807 278,1774"/>
                <Baseline points="287,1838 335,1835 383,1833 431,1829 479,1827 527,1824 575,1821 624,1817 672,1815 720,1812 768,1809 816,1808 864,1805 912,1803 961,1800 1009,1799 1057,1797 1105,1797 1153,1796 1201,1796 1250,1794"/>
                <TextEquiv>
                    <Unicode>Daß also die gottlosen sicheren Weldt¬</Unicode>
                </TextEquiv>
            </TextLine>
            <TextLine id="r1l17" custom="readingOrder {index:16;}">
                <Coords points="292,1896 426,1927 463,1895 583,1913 707,1879 796,1926 920,1870 972,1907 1171,1862 1286,1878 1285,1842 952,1818 518,1867 453,1837 290,1849"/>
                <Baseline points="299,1892 348,1890 397,1889 446,1887 495,1886 544,1884 593,1881 642,1879 691,1877 740,1875 789,1872 838,1871 887,1868 936,1866 985,1865 1034,1863 1083,1862 1132,1862 1181,1862 1230,1862 1280,1862"/>
                <TextEquiv>
                    <Unicode>menschen wohl ursach haben, sich zuerin</Unicode>
                </TextEquiv>
            </TextLine>
            <TextLine id="r1l18" custom="readingOrder {index:17;}">
                <Coords points="272,1964 1288,1948 1297,1877 1003,1911 911,1873 797,1925 707,1879 434,1936 270,1916"/>
                <Baseline points="278,1953 328,1953 379,1953 430,1952 480,1950 531,1949 582,1946 632,1944 683,1943 734,1940 785,1938 835,1935 886,1932 937,1931 987,1929 1038,1928 1089,1926 1139,1925 1190,1925 1241,1925 1292,1925"/>
                <TextEquiv>
                    <Unicode>eren der wohrten des langmuhtigen gott</Unicode>
                </TextEquiv>
            </TextLine>
            <TextLine id="r1l19" custom="readingOrder {index:18;} person {offset:18; length:5;}">
                <Coords points="270,2028 506,2021 542,2051 681,2005 779,2041 1097,1996 1203,2035 1272,1993 1271,1943 995,1947 947,1986 797,1937 637,1992 555,1951 269,1966"/>
                <Baseline points="276,2019 325,2017 374,2015 424,2013 473,2012 523,2012 572,2010 622,2010 671,2010 721,2009 770,2009 819,2008 869,2007 918,2006 968,2004 1017,2003 1067,2001 1116,1998 1166,1994 1215,1991 1265,1985"/>
                <TextEquiv>
                    <Unicode>es mit welchen er dgalm  v 22 alle</Unicode>
                </TextEquiv>
            </TextLine>
            <TextLine id="r1l20" custom="readingOrder {index:19;}">
                <Coords points="273,2097 354,2116 582,2081 625,2115 690,2073 1260,2077 1258,2022 1200,2042 1007,2006 694,2049 660,2022 540,2051 506,2021 271,2028"/>
                <Baseline points="279,2091 327,2088 376,2085 425,2084 473,2082 522,2079 571,2078 619,2076 668,2075 717,2073 766,2072 814,2070 863,2069 912,2067 960,2067 1009,2065 1058,2064 1106,2063 1155,2061 1204,2059 1253,2057"/>
                <TextEquiv>
                    <Unicode>verstockte übelthater wahrnet. Wann er</Unicode>
                </TextEquiv>
            </TextLine>
            <TextLine id="r1l21" custom="readingOrder {index:20;}">
                <Coords points="290,2158 379,2178 457,2145 1019,2129 1069,2167 1111,2136 1289,2139 1288,2079 1025,2061 982,2099 868,2075 796,2110 700,2073 626,2115 528,2082 360,2124 289,2103"/>
                <Baseline points="296,2153 345,2151 394,2150 444,2148 493,2147 542,2145 592,2144 641,2142 690,2141 740,2139 789,2137 838,2135 888,2133 937,2132 986,2130 1036,2129 1085,2129 1134,2127 1184,2127 1233,2126 1283,2126"/>
                <TextEquiv>
                    <Unicode>tagdt. mercket doch das die ihr gotten</Unicode>
                </TextEquiv>
            </TextLine>
            <TextLine id="r1l22" custom="readingOrder {index:21;}">
                <Coords points="287,2246 358,2265 528,2212 688,2243 832,2215 919,2247 965,2212 1044,2239 1075,2211 1117,2239 1278,2190 1171,2132 1062,2173 813,2146 758,2179 574,2151 284,2174"/>
                <Baseline points="293,2225 344,2223 396,2222 447,2220 499,2219 550,2216 602,2214 653,2213 705,2211 756,2208 808,2207 859,2205 911,2202 962,2201 1014,2198 1065,2196 1117,2194 1168,2192 1220,2189 1272,2187"/>
                <TextEquiv>
                    <Unicode>vergeßet, daß er nicht einmahl hin</Unicode>
                </TextEquiv>
            </TextLine>
            <TextLine id="r1l23" custom="readingOrder {index:22;}">
                <Coords points="291,2304 448,2326 515,2294 583,2331 665,2281 1281,2269 1278,2221 1234,2205 1121,2239 988,2215 814,2243 758,2211 646,2254 599,2223 500,2262 450,2236 289,2257"/>
                <Baseline points="297,2297 345,2295 394,2292 443,2289 492,2288 541,2284 590,2282 638,2279 687,2277 736,2275 785,2273 834,2270 883,2268 932,2266 980,2264 1029,2262 1078,2260 1127,2258 1176,2258 1225,2256 1274,2255"/>
                <TextEquiv>
                    <Unicode>reiße und seyekein erretter mehr da</Unicode>
                </TextEquiv>
            </TextLine>
            <TextLine id="r1l24" custom="readingOrder {index:23;} person {offset:32; length:4; continued:true;}">
                <Coords points="284,2386 692,2350 916,2371 1066,2328 1200,2358 1277,2315 1275,2277 1042,2260 827,2314 760,2278 637,2290 590,2330 281,2326"/>
                <Baseline points="290,2370 339,2367 388,2364 437,2361 486,2358 535,2355 584,2353 633,2351 682,2348 731,2346 780,2343 829,2341 878,2339 927,2337 976,2334 1025,2331 1074,2327 1123,2324 1172,2321 1221,2316 1271,2312"/>
                <TextEquiv>
                    <Unicode>dann wie offt gott der Herr die Ruch</Unicode>
                </TextEquiv>
            </TextLine>
            <TextLine id="r1l25" custom="readingOrder {index:24;} person {offset:0; length:14; continued:true;}">
                <Coords points="300,2453 415,2472 494,2422 646,2411 851,2440 1007,2398 1163,2427 1283,2380 1245,2333 811,2385 566,2354 398,2408 297,2385"/>
                <Baseline points="305,2430 353,2428 402,2426 450,2424 499,2421 548,2419 596,2418 645,2416 693,2414 742,2412 791,2410 839,2409 888,2406 936,2403 985,2400 1034,2397 1082,2393 1131,2389 1179,2386 1228,2380 1277,2375"/>
                <TextEquiv>
                    <Unicode>losen Fräffler, welche alle vor augenstel</Unicode>
                </TextEquiv>
            </TextLine>
            <TextLine id="r1l26" custom="readingOrder {index:25;}">
                <Coords points="298,2508 475,2494 541,2536 623,2493 810,2504 940,2470 1012,2496 1086,2460 1170,2487 1254,2457 1251,2417 1135,2431 1049,2400 958,2442 767,2459 686,2430 524,2455 465,2429 420,2472 295,2452"/>
                <Baseline points="303,2496 350,2495 397,2493 444,2492 491,2490 539,2487 586,2486 633,2483 680,2481 727,2479 775,2476 822,2474 869,2471 916,2469 963,2466 1011,2463 1058,2459 1105,2456 1152,2452 1199,2449 1247,2444"/>
                <TextEquiv>
                    <Unicode>lende wahrnungen in windtschlagen</Unicode>
                </TextEquiv>
            </TextLine>
            <TextLine id="r1l27" custom="readingOrder {index:26;}">
                <Coords points="301,2588 366,2610 462,2564 581,2586 632,2559 817,2586 899,2544 1079,2554 1169,2516 1207,2539 1257,2509 1254,2457 1002,2511 782,2487 690,2534 436,2509 299,2546"/>
                <Baseline points="306,2565 353,2563 400,2562 447,2560 494,2559 542,2556 589,2555 636,2553 683,2551 730,2549 778,2546 825,2544 872,2542 919,2539 966,2536 1014,2531 1061,2529 1108,2525 1155,2520 1202,2516 1250,2510"/>
                <TextEquiv>
                    <Unicode>nach seiner unerforschlichen regierung</Unicode>
                </TextEquiv>
            </TextLine>
            <TextLine id="r1l28" custom="readingOrder {index:27;}">
                <Coords points="293,2670 490,2633 556,2667 653,2626 1162,2629 1277,2597 1272,2528 1109,2569 1050,2533 968,2576 899,2546 817,2588 632,2560 567,2606 501,2566 352,2618 287,2584"/>
                <Baseline points="297,2634 345,2633 394,2631 442,2630 491,2628 539,2627 588,2625 636,2623 685,2620 733,2618 782,2615 831,2613 879,2609 928,2606 976,2601 1025,2597 1073,2593 1122,2588 1170,2582 1219,2576 1268,2570"/>
                <TextEquiv>
                    <Unicode>zwar Langsamb, doch verwüederlich zur</Unicode>
                </TextEquiv>
            </TextLine>
            <TextLine id="r1l29" custom="readingOrder {index:28;}">
                <Coords points="305,2710 486,2741 527,2710 767,2728 802,2700 1036,2708 1281,2660 1262,2601 1110,2636 873,2620 756,2672 648,2629 545,2679 470,2644 303,2660"/>
                <Baseline points="311,2705 359,2702 407,2700 455,2698 503,2697 551,2695 599,2693 648,2693 696,2690 744,2689 792,2687 840,2685 888,2682 936,2680 985,2676 1033,2673 1081,2669 1129,2664 1177,2659 1225,2654 1274,2646"/>
                <TextEquiv>
                    <Unicode>straaff zu ziechen, ja auch offtmahls den</Unicode>
                </TextEquiv>
            </TextLine>
            <TextLine id="r1l30" custom="readingOrder {index:29;}">
                <Coords points="279,2797 352,2783 425,2819 548,2777 838,2798 1225,2756 1270,2682 859,2725 799,2703 727,2737 629,2710 503,2758 338,2703 275,2728"/>
                <Baseline points="285,2778 334,2776 383,2775 432,2772 481,2771 530,2770 579,2769 628,2768 677,2766 726,2765 775,2763 824,2762 873,2759 922,2757 971,2753 1020,2749 1069,2745 1118,2740 1167,2733 1216,2726 1265,2718"/>
                <TextEquiv>
                    <Unicode>verzüg mit schrecklichkeit ein zu bringen</Unicode>
                </TextEquiv>
            </TextLine>
            <TextLine id="r1l31" custom="readingOrder {index:30;}">
                <Coords points="298,2875 1089,2845 1275,2793 1266,2740 852,2807 786,2775 687,2812 614,2779 424,2819 366,2785 294,2798"/>
                <Baseline points="303,2844 351,2843 399,2841 447,2841 496,2840 544,2838 592,2837 640,2837 689,2835 737,2834 785,2831 833,2829 882,2827 930,2823 978,2819 1026,2815 1075,2811 1123,2804 1171,2798 1219,2791 1268,2783"/>
                <TextEquiv>
                    <Unicode>pflege, so daß selbige zu letst auß eint</Unicode>
                </TextEquiv>
            </TextLine>
            <TextLine id="r1l32" custom="readingOrder {index:31;}">
                <Coords points="303,2939 435,2945 574,2902 656,2946 891,2895 1029,2917 1087,2878 1174,2907 1264,2872 1261,2820 977,2860 707,2851 608,2884 568,2856 423,2891 299,2875"/>
                <Baseline points="308,2912 355,2909 402,2908 450,2906 497,2906 545,2904 592,2903 640,2903 687,2901 735,2900 782,2898 829,2896 877,2894 924,2891 972,2888 1019,2883 1067,2877 1114,2872 1162,2866 1209,2859 1257,2850"/>
                <TextEquiv>
                    <Unicode>oder andere weis ein trauwriges End</Unicode>
                </TextEquiv>
            </TextLine>
            <TextLine id="r1l33" custom="readingOrder {index:32;}">
                <Coords points="304,2988 1174,2958 1261,2924 1259,2875 1152,2914 1085,2882 984,2924 905,2898 778,2946 620,2943 565,2908 437,2946 301,2939"/>
                <Baseline points="309,2972 356,2970 403,2969 450,2967 498,2967 545,2966 592,2964 639,2964 687,2963 734,2961 781,2960 828,2958 876,2955 923,2953 970,2950 1017,2945 1065,2941 1112,2936 1159,2930 1206,2923 1254,2915"/>
                <TextEquiv>
                    <Unicode>nemmen bezeugen die vielen Exempel</Unicode>
                </TextEquiv>
            </TextLine>
            <TextLine id="r1l34" custom="readingOrder {index:33;}">
                <Coords points="291,3065 1141,3029 1299,2977 1296,2916 1192,2976 1061,2994 957,2963 691,3005 632,2971 479,3010 287,2994"/>
                <Baseline points="296,3041 345,3038 395,3036 445,3033 495,3032 545,3030 595,3030 644,3029 694,3027 744,3026 794,3025 844,3023 894,3021 944,3018 993,3014 1043,3011 1093,3005 1143,2999 1193,2991 1243,2983 1293,2973"/>
                <TextEquiv>
                    <Unicode>so aller ohrten hin und wider anzutreffe</Unicode>
                </TextEquiv>
            </TextLine>
            <TextLine id="r1l35" custom="readingOrder {index:34;}">
                <Coords points="299,3135 598,3106 893,3141 981,3091 1288,3070 1285,3009 1074,3063 733,3046 648,3087 516,3064 459,3097 344,3054 295,3070"/>
                <Baseline points="305,3122 353,3117 402,3114 451,3111 500,3109 548,3108 597,3106 646,3105 695,3104 743,3102 792,3100 841,3098 890,3095 938,3093 987,3089 1036,3084 1085,3079 1133,3072 1182,3064 1231,3055 1280,3044"/>
                <TextEquiv>
                    <Unicode>Aller anderen beweißthumben aber und</Unicode>
                </TextEquiv>
            </TextLine>
            <TextLine id="r1l36" custom="readingOrder {index:35;}">
                <Coords points="301,3209 503,3174 646,3214 724,3169 873,3156 970,3185 1231,3138 1284,3113 1282,3078 1149,3115 986,3090 886,3147 677,3107 296,3135"/>
                <Baseline points="306,3183 354,3179 403,3176 451,3174 500,3171 548,3170 597,3169 645,3167 694,3167 742,3165 791,3164 840,3161 888,3159 937,3156 985,3152 1034,3147 1082,3141 1131,3134 1179,3126 1228,3118 1277,3105"/>
                <TextEquiv>
                    <Unicode>beliebter kurtze willen auf dißmahlen</Unicode>
                </TextEquiv>
            </TextLine>
            <TextLine id="r1l37" custom="readingOrder {index:36;}">
                <Coords points="306,3275 401,3245 479,3278 550,3235 723,3271 894,3223 1030,3250 1090,3212 1220,3214 1266,3188 1263,3136 886,3207 818,3175 699,3216 571,3175 451,3219 302,3207"/>
                <Baseline points="311,3248 358,3245 405,3242 453,3239 500,3237 548,3237 595,3236 642,3234 690,3234 737,3233 785,3231 832,3228 879,3227 927,3223 974,3220 1022,3215 1069,3209 1116,3202 1164,3193 1211,3183 1259,3171"/>
                <TextEquiv>
                    <Unicode>zu geschweigen, haben wir grad auch</Unicode>
                </TextEquiv>
            </TextLine>
            <TextLine id="r1l38" custom="readingOrder {index:37;}">
                <Coords points="294,3327 920,3331 1268,3236 1266,3209 1139,3204 899,3274 773,3242 740,3275 650,3242 608,3285 401,3244 291,3274"/>
                <Baseline points="300,3318 348,3314 396,3310 444,3307 492,3305 540,3303 588,3302 636,3300 684,3299 732,3297 781,3297 829,3295 877,3292 925,3289 973,3285 1021,3281 1069,3275 1117,3268 1165,3258 1213,3250 1262,3237"/>
                <TextEquiv>
                    <Unicode>auff diesesheütigen tag in getz lauffender</Unicode>
                </TextEquiv>
            </TextLine>
            <TextLine id="r1l39" custom="readingOrder {index:38;}">
                <Coords points="1093,3398 1108,3390 1140,3389 1155,3373 1165,3378 1181,3355 1196,3347 1227,3359 1242,3351 1229,3275 1207,3290 1197,3286 1174,3298 1148,3283 1133,3291 1112,3317 1080,3327"/>
                <Baseline points="1091,3353 1119,3349 1147,3343 1175,3338 1203,3333 1232,3329"/>
                <TextEquiv>
                    <Unicode>stundt</Unicode>
                </TextEquiv>
            </TextLine>
            <TextEquiv>
                <Unicode>Christen Langeneggers
von Langnauw
Triminal Process
Wieselbiger den 18: Juni 178 an
der freutzgaßen verlesen worden.
Sochlich ist sich zu verwunderen
über den seltsammen Kauf der Gött¬
lichen Regierung, welche die Gottlosen
Fräßler zwar lange zeit kan dulden, so
Dißmann auch gedencken solte, gott hätte
Ihre werck niemahls in augenschein ge¬
nommen oder solcheren vergeßen. Aber
zu ihrer und rechterzeit, thut er sie mit
der straaff plötzlichen übereilen, und den
Verzug mit der schreiklichkeit ein bringen
Daß also die gottlosen sicheren Weldt¬
menschen wohl ursach haben, sich zuerin
eren der wohrten des langmuhtigen gott
es mit welchen er dgalm  v 22 alle
verstockte übelthater wahrnet. Wann er
tagdt. mercket doch das die ihr gotten
vergeßet, daß er nicht einmahl hin
reiße und seyekein erretter mehr da
dann wie offt gott der Herr die Ruch
losen Fräffler, welche alle vor augenstel
lende wahrnungen in windtschlagen
nach seiner unerforschlichen regierung
zwar Langsamb, doch verwüederlich zur
straaff zu ziechen, ja auch offtmahls den
verzüg mit schrecklichkeit ein zu bringen
pflege, so daß selbige zu letst auß eint
oder andere weis ein trauwriges End
nemmen bezeugen die vielen Exempel
so aller ohrten hin und wider anzutreffe
Aller anderen beweißthumben aber und
beliebter kurtze willen auf dißmahlen
zu geschweigen, haben wir grad auch
auff diesesheütigen tag in getz lauffender
stundt</Unicode>
            </TextEquiv>
        </TextRegion>
        <TextRegion orientation="0.0" id="r2" custom="readingOrder {index:1;}">
            <Coords points="1409,658 1409,3304 2447,3304 2447,658"/>
            <TextLine id="r2l1" custom="readingOrder {index:0;}">
                <Coords points="2246,697 2270,693 2287,700 2291,696 2295,700 2324,697 2336,701 2349,692 2358,693 2363,612 2351,610 2331,626 2325,621 2316,630 2303,623 2270,643 2260,635 2250,635"/>
                <Baseline points="2253,686 2285,689 2318,690 2351,693"/>
                <TextEquiv>
                    <Unicode>18</Unicode>
                </TextEquiv>
            </TextLine>
            <TextLine id="r2l2" custom="readingOrder {index:1;}">
                <Coords points="1402,776 1737,726 1876,772 1955,736 2024,770 2312,759 2351,787 2418,776 2420,737 2106,684 1906,709 1855,678 1547,665 1405,690"/>
                <Baseline points="1409,747 1459,739 1509,733 1559,729 1609,726 1659,725 1709,723 1760,725 1810,726 1860,729 1910,732 1960,735 2010,739 2060,742 2111,747 2161,750 2211,754 2261,758 2311,759 2361,762 2412,764"/>
                <TextEquiv>
                    <Unicode>stundt, ein traüwriges beyspihl und exemper</Unicode>
                </TextEquiv>
            </TextLine>
            <TextLine id="r2l3" custom="readingOrder {index:2;}">
                <Coords points="1430,807 1807,780 2014,794 2056,830 2239,813 2281,843 2403,825 2405,789 2026,770 1995,740 1869,768 1724,726 1431,766"/>
                <Baseline points="1436,795 1484,789 1532,784 1580,780 1628,777 1676,776 1724,776 1772,777 1820,779 1868,782 1916,785 1964,789 2012,792 2060,795 2108,799 2156,803 2204,807 2252,809 2300,812 2348,815 2397,815"/>
                <TextEquiv>
                    <Unicode>an diesem alhier in oberkeitlichen banden vor</Unicode>
                </TextEquiv>
            </TextLine>
            <TextLine id="r2l4" custom="readingOrder {index:3;}">
                <Coords points="1433,874 1728,837 2402,875 2402,831 2280,843 2126,803 2055,830 2014,795 1818,821 1635,783 1592,822 1435,812"/>
                <Baseline points="1440,851 1487,844 1535,839 1583,836 1631,833 1679,832 1726,831 1774,832 1822,834 1870,836 1918,837 1965,841 2013,844 2061,848 2109,851 2157,855 2204,858 2252,861 2300,864 2348,866 2396,867"/>
                <TextEquiv>
                    <Unicode>augen stehenden armen menschen namens</Unicode>
                </TextEquiv>
            </TextLine>
            <TextLine id="r2l5" custom="readingOrder {index:4;} person {offset:0; length:20;} place {offset:25; length:8;}">
                <Coords points="1427,941 1757,900 1848,945 1979,897 2185,947 2355,932 2356,873 1723,837 1428,879"/>
                <Baseline points="1433,914 1478,909 1524,905 1570,902 1616,900 1662,899 1707,897 1753,897 1799,898 1845,899 1891,900 1936,902 1982,903 2028,905 2074,908 2120,910 2165,912 2211,914 2257,915 2303,917 2349,918"/>
                <TextEquiv>
                    <Unicode>Christen Langenegger von Langnauw</Unicode>
                </TextEquiv>
            </TextLine>
            <TextLine id="r2l6" custom="readingOrder {index:5;}">
                <Coords points="1427,985 1746,959 1974,969 2011,999 2073,972 2385,982 2375,927 2219,924 2171,956 2027,915 1946,943 1900,906 1848,945 1756,899 1699,931 1622,914 1428,951"/>
                <Baseline points="1434,974 1481,969 1528,966 1575,963 1623,960 1670,960 1717,959 1764,959 1812,960 1859,960 1906,962 1953,963 2001,965 2048,966 2095,968 2142,969 2190,971 2237,972 2284,972 2331,972 2379,972"/>
                <TextEquiv>
                    <Unicode>seines handtwercks ein zimmermann bey</Unicode>
                </TextEquiv>
            </TextLine>
            <TextLine id="r2l7" custom="readingOrder {index:6;}">
                <Coords points="1430,1054 1482,1039 1518,1070 1731,1025 1924,1061 1974,1027 2112,1053 2138,1030 2197,1074 2399,1036 2399,1001 1801,971 1430,1007"/>
                <Baseline points="1437,1038 1484,1034 1532,1029 1580,1027 1628,1025 1676,1023 1723,1022 1771,1022 1819,1022 1867,1022 1915,1022 1962,1023 2010,1024 2058,1025 2106,1026 2154,1028 2201,1028 2249,1028 2297,1029 2345,1028 2393,1028"/>
                <TextEquiv>
                    <Unicode>40 jahren alt, welcher eben wegen be</Unicode>
                </TextEquiv>
            </TextLine>
            <TextLine id="r2l8" custom="readingOrder {index:7;}">
                <Coords points="1433,1128 1479,1099 1517,1126 1565,1089 1653,1113 1746,1082 1919,1126 1977,1093 2196,1124 2350,1093 2298,1037 2217,1080 2058,1030 1893,1063 1766,1031 1518,1070 1434,1047"/>
                <Baseline points="1440,1100 1485,1094 1530,1089 1575,1088 1620,1085 1665,1083 1710,1083 1756,1083 1801,1083 1846,1084 1891,1085 1936,1086 1981,1088 2026,1090 2072,1091 2117,1092 2162,1094 2207,1094 2252,1094 2297,1094 2343,1092"/>
                <TextEquiv>
                    <Unicode>gangenen gottloen Fraffelthaten und</Unicode>
                </TextEquiv>
            </TextLine>
            <TextLine id="r2l9" custom="readingOrder {index:8;}">
                <Coords points="1424,1204 1784,1152 1841,1180 1942,1153 1998,1190 2109,1157 2213,1193 2252,1165 2414,1170 2414,1115 2242,1107 2181,1137 2061,1098 2001,1138 1703,1086 1424,1136"/>
                <Baseline points="1430,1169 1478,1164 1527,1160 1576,1157 1625,1153 1674,1152 1723,1151 1772,1149 1821,1149 1870,1149 1919,1149 1967,1151 2016,1152 2065,1153 2114,1154 2163,1155 2212,1157 2261,1158 2310,1160 2359,1161 2408,1161"/>
                <TextEquiv>
                    <Unicode>schwehren verbrachen in jetzmahligen trau</Unicode>
                </TextEquiv>
            </TextLine>
            <TextLine id="r2l10" custom="readingOrder {index:9;}">
                <Coords points="1431,1249 1580,1259 1701,1215 1779,1257 1918,1219 2263,1240 2370,1230 2370,1182 2211,1199 2112,1164 2016,1194 1800,1158 1430,1196"/>
                <Baseline points="1437,1230 1483,1226 1529,1223 1576,1220 1622,1217 1668,1215 1715,1214 1761,1213 1807,1212 1854,1212 1900,1212 1946,1212 1993,1214 2039,1214 2085,1214 2132,1214 2178,1215 2224,1214 2271,1214 2317,1214 2364,1212"/>
                <TextEquiv>
                    <Unicode>rigen zustandtgerahten: dann anstatt</Unicode>
                </TextEquiv>
            </TextLine>
            <TextLine id="r2l11" custom="readingOrder {index:10;}">
                <Coords points="1429,1310 1721,1292 1751,1315 1960,1282 2081,1315 2151,1287 2332,1307 2362,1294 2362,1237 1429,1254"/>
                <Baseline points="1436,1295 1484,1292 1532,1290 1581,1288 1629,1286 1677,1286 1726,1284 1774,1283 1822,1283 1871,1283 1919,1283 1968,1283 2016,1283 2064,1283 2113,1283 2161,1283 2209,1283 2258,1283 2306,1284 2355,1284"/>
                <TextEquiv>
                    <Unicode>derselbe seinem erlehrnten handtwerckn</Unicode>
                </TextEquiv>
            </TextLine>
            <TextLine id="r2l12" custom="readingOrder {index:11;}">
                <Coords points="1431,1375 1660,1354 2245,1383 2389,1352 2389,1311 2304,1288 2266,1315 2156,1289 2109,1326 1912,1288 1736,1325 1651,1296 1534,1326 1430,1308"/>
                <Baseline points="1437,1359 1484,1356 1531,1354 1578,1353 1626,1351 1673,1350 1720,1349 1767,1349 1815,1347 1862,1347 1909,1347 1956,1346 2004,1346 2051,1346 2098,1346 2145,1346 2193,1346 2240,1346 2287,1346 2334,1346 2382,1344"/>
                <TextEquiv>
                    <Unicode>und nützlichen Beruff in der forcht gottes</Unicode>
                </TextEquiv>
            </TextLine>
            <TextLine id="r2l13" custom="readingOrder {index:12;}">
                <Coords points="1421,1440 1526,1451 1616,1414 2335,1436 2412,1420 2412,1376 1420,1377"/>
                <Baseline points="1427,1428 1478,1425 1530,1424 1581,1422 1633,1419 1684,1418 1736,1416 1787,1415 1839,1413 1890,1412 1942,1412 1993,1410 2045,1410 2096,1410 2148,1410 2199,1412 2251,1412 2302,1413 2354,1415 2406,1416"/>
                <TextEquiv>
                    <Unicode>obligen und under dem seegen des herren</Unicode>
                </TextEquiv>
            </TextLine>
            <TextLine id="r2l14" custom="readingOrder {index:13;}">
                <Coords points="1416,1513 1793,1478 2256,1506 2379,1495 2378,1439 2219,1457 2019,1427 1902,1454 1833,1425 1744,1452 1615,1414 1524,1474 1415,1465"/>
                <Baseline points="1422,1497 1469,1493 1517,1490 1564,1487 1612,1484 1659,1482 1707,1481 1754,1479 1802,1479 1849,1478 1897,1478 1944,1476 1992,1476 2039,1476 2087,1475 2134,1475 2182,1473 2229,1473 2277,1472 2324,1470 2372,1469"/>
                <TextEquiv>
                    <Unicode>sein stuck grodt erwerben sollen, er mit</Unicode>
                </TextEquiv>
            </TextLine>
            <TextLine id="r2l15" custom="readingOrder {index:14;}">
                <Coords points="1415,1559 1506,1597 1857,1540 1932,1569 2026,1538 2425,1577 2423,1494 2339,1486 1414,1516"/>
                <Baseline points="1421,1556 1470,1553 1520,1550 1570,1547 1620,1545 1670,1544 1719,1542 1769,1540 1819,1539 1869,1538 1919,1538 1968,1536 2018,1536 2068,1536 2118,1536 2168,1536 2217,1537 2267,1538 2317,1538 2367,1539 2417,1539"/>
                <TextEquiv>
                    <Unicode>verfehrtigung underschiedelicher Geldtstemp</Unicode>
                </TextEquiv>
            </TextLine>
            <TextLine id="r2l16" custom="readingOrder {index:15;}">
                <Coords points="1422,1625 1519,1613 1628,1650 1741,1607 2103,1637 2157,1605 2357,1603 2356,1553 2284,1580 2226,1547 2096,1580 2002,1542 1590,1596 1421,1574"/>
                <Baseline points="1428,1620 1474,1617 1520,1614 1566,1610 1612,1608 1658,1607 1704,1604 1751,1602 1797,1601 1843,1601 1889,1599 1935,1599 1981,1598 2027,1598 2074,1597 2120,1596 2166,1596 2212,1596 2258,1595 2304,1595 2351,1595"/>
                <TextEquiv>
                    <Unicode>len auch würcklicher Prägung Vieler</Unicode>
                </TextEquiv>
            </TextLine>
            <TextLine id="r2l17" custom="readingOrder {index:16;}">
                <Coords points="1417,1710 1520,1730 1664,1677 1781,1711 1942,1665 2275,1681 2367,1657 2365,1622 2309,1604 2155,1606 2102,1638 1674,1617 1549,1665 1414,1623"/>
                <Baseline points="1422,1689 1468,1685 1515,1682 1562,1680 1609,1677 1656,1676 1703,1673 1750,1671 1797,1670 1844,1669 1891,1668 1937,1667 1984,1665 2031,1664 2078,1662 2125,1661 2172,1660 2219,1658 2266,1656 2313,1655 2360,1652"/>
                <TextEquiv>
                    <Unicode>Plapparten gantzen und halben batzen</Unicode>
                </TextEquiv>
            </TextLine>
            <TextLine id="r2l18" custom="readingOrder {index:17;}">
                <Coords points="1432,1771 1663,1783 2073,1736 2329,1764 2391,1733 2389,1694 2327,1673 1956,1715 1886,1684 1829,1724 1664,1676 1521,1730 1430,1720"/>
                <Baseline points="1437,1752 1484,1751 1531,1749 1579,1746 1626,1745 1673,1743 1721,1742 1768,1740 1815,1738 1863,1737 1910,1736 1957,1734 2005,1733 2052,1731 2099,1730 2147,1728 2194,1727 2241,1725 2289,1724 2336,1724 2384,1722"/>
                <TextEquiv>
                    <Unicode>drey Creutzleren und anderen dergleichen</Unicode>
                </TextEquiv>
            </TextLine>
            <TextLine id="r2l19" custom="readingOrder {index:18;}">
                <Coords points="1429,1841 1897,1840 1938,1808 2093,1800 2305,1818 2367,1800 2366,1755 2204,1773 2135,1737 1862,1738 1675,1784 1427,1771"/>
                <Baseline points="1434,1818 1480,1817 1526,1817 1572,1815 1619,1814 1665,1812 1711,1811 1758,1809 1804,1808 1850,1806 1897,1805 1943,1803 1989,1802 2035,1800 2082,1799 2128,1797 2174,1796 2221,1794 2267,1794 2313,1793 2360,1793"/>
                <TextEquiv>
                    <Unicode>Geldts, sich des faltschen Muntzens theil¬</Unicode>
                </TextEquiv>
            </TextLine>
            <TextLine id="r2l20" custom="readingOrder {index:19;}">
                <Coords points="1422,1900 1548,1918 1809,1877 1946,1904 2012,1870 2116,1913 2181,1868 2381,1868 2379,1803 2089,1802 2000,1849 1420,1849"/>
                <Baseline points="1428,1889 1475,1886 1522,1885 1570,1883 1617,1881 1664,1880 1712,1878 1759,1876 1806,1874 1854,1872 1901,1871 1948,1869 1996,1868 2043,1866 2090,1865 2138,1863 2185,1862 2232,1862 2280,1860 2327,1859 2375,1859"/>
                <TextEquiv>
                    <Unicode>hafft gemacht, und also durch dieses um</Unicode>
                </TextEquiv>
            </TextLine>
            <TextLine id="r2l21" custom="readingOrder {index:20;}">
                <Coords points="1406,1960 1490,1986 1603,1954 1655,1986 1965,1952 2066,1979 2270,1927 2367,1942 2366,1903 2253,1871 2116,1913 1603,1895 1519,1923 1457,1896 1405,1923"/>
                <Baseline points="1413,1949 1460,1949 1507,1947 1555,1946 1602,1946 1650,1944 1697,1943 1744,1942 1792,1941 1839,1940 1887,1938 1934,1937 1981,1935 2029,1935 2076,1934 2124,1932 2171,1931 2218,1929 2266,1928 2313,1928 2361,1926"/>
                <TextEquiv>
                    <Unicode>volgende schwahre verbrechen, die zwar</Unicode>
                </TextEquiv>
            </TextLine>
            <TextLine id="r2l22" custom="readingOrder {index:21;}">
                <Coords points="1422,2013 1568,2049 1672,2006 2030,2034 2364,1999 2362,1949 2270,1927 2066,1979 1924,1953 1655,1986 1600,1954 1490,1986 1420,1957"/>
                <Baseline points="1428,2013 1474,2012 1520,2012 1567,2011 1613,2010 1660,2009 1706,2008 1753,2007 1799,2006 1846,2004 1892,2003 1938,2002 1985,2000 2031,1999 2078,1998 2124,1997 2171,1995 2217,1994 2264,1994 2310,1992 2357,1991"/>
                <TextEquiv>
                    <Unicode>Langsamme aber mit der schrecklichkeit</Unicode>
                </TextEquiv>
            </TextLine>
            <TextLine id="r2l23" custom="readingOrder {index:22;} person {offset:11; length:6;}">
                <Coords points="1429,2107 1796,2072 1935,2116 1995,2072 2133,2063 2170,2093 2350,2065 2348,2012 2274,2003 2203,2031 2155,2007 2022,2037 1674,2006 1568,2049 1427,2035"/>
                <Baseline points="1434,2079 1479,2078 1524,2078 1570,2076 1615,2075 1661,2074 1706,2073 1752,2072 1797,2070 1843,2069 1888,2067 1933,2066 1979,2064 2024,2063 2070,2061 2115,2061 2161,2060 2206,2058 2252,2058 2297,2058 2343,2058"/>
                <TextEquiv>
                    <Unicode>begleitete Straaß ihme endtlich über¬</Unicode>
                </TextEquiv>
            </TextLine>
            <TextLine id="r2l24" custom="readingOrder {index:23;}">
                <Coords points="1430,2149 1504,2156 1530,2180 1607,2139 1657,2170 1675,2157 1700,2181 1761,2176 1793,2146 1840,2164 1850,2085 1815,2092 1793,2078 1709,2098 1620,2078 1587,2099 1547,2085 1481,2113 1457,2099 1429,2108"/>
                <Baseline points="1436,2138 1461,2138 1487,2138 1512,2137 1538,2136 1563,2136 1589,2135 1614,2135 1640,2134 1665,2133 1691,2133 1716,2132 1742,2132 1767,2132 1793,2132 1818,2132 1844,2132"/>
                <TextEquiv>
                    <Unicode>den halb gezogen</Unicode>
                </TextEquiv>
            </TextLine>
            <TextLine id="r2l25" custom="readingOrder {index:24;} person {offset:16; length:11;}">
                <Coords points="1409,2246 1891,2257 1963,2222 2168,2220 2220,2262 2279,2218 2400,2226 2399,2172 2315,2157 2196,2196 1964,2203 1855,2164 1823,2196 1568,2205 1408,2146"/>
                <Baseline points="1415,2228 1463,2226 1512,2226 1561,2226 1610,2225 1659,2225 1708,2225 1757,2223 1806,2223 1855,2223 1904,2222 1952,2222 2001,2220 2050,2220 2099,2219 2148,2217 2197,2216 2246,2214 2295,2212 2344,2210 2393,2207"/>
                <TextEquiv>
                    <Unicode>Dann als dieser Langenegger nach seiner</Unicode>
                </TextEquiv>
            </TextLine>
            <TextLine id="r2l26" custom="readingOrder {index:25;} place {offset:20; length:9;}">
                <Coords points="1421,2295 1660,2313 1864,2283 1954,2309 1998,2280 2134,2313 2197,2276 2345,2304 2372,2231 2169,2217 2115,2258 2035,2220 1921,2259 1807,2238 1770,2268 1724,2234 1420,2246"/>
                <Baseline points="1427,2285 1476,2285 1525,2285 1575,2285 1624,2285 1674,2285 1723,2285 1772,2283 1822,2282 1871,2282 1921,2280 1970,2279 2020,2277 2069,2276 2118,2274 2168,2273 2217,2271 2267,2268 2316,2267 2366,2265"/>
                <TextEquiv>
                    <Unicode>Widerkunfft auß dem Niderland, dahin Er</Unicode>
                </TextEquiv>
            </TextLine>
            <TextLine id="r2l27" custom="readingOrder {index:26;}">
                <Coords points="1429,2393 1712,2345 1841,2380 1921,2356 2178,2374 2391,2318 2321,2288 2092,2312 2003,2281 1959,2314 1862,2282 1663,2312 1489,2295 1427,2328"/>
                <Baseline points="1434,2346 1481,2345 1529,2345 1576,2344 1624,2343 1671,2342 1719,2342 1766,2340 1814,2339 1861,2338 1909,2336 1956,2336 2004,2334 2051,2333 2099,2331 2146,2328 2194,2327 2241,2325 2289,2323 2336,2321 2384,2319"/>
                <TextEquiv>
                    <Unicode>sich bey gefängklicher Einzeüchung der</Unicode>
                </TextEquiv>
            </TextLine>
            <TextLine id="r2l28" custom="readingOrder {index:27;}">
                <Coords points="1431,2425 1903,2441 2016,2404 2080,2438 2190,2431 2423,2393 2424,2344 1766,2383 1532,2360 1431,2402"/>
                <Baseline points="1437,2412 1486,2411 1535,2408 1584,2407 1633,2405 1682,2405 1731,2403 1780,2402 1829,2402 1878,2400 1927,2399 1976,2399 2025,2397 2074,2396 2123,2395 2172,2393 2221,2391 2270,2388 2319,2386 2368,2383 2418,2378"/>
                <TextEquiv>
                    <Unicode>weyden Ingolden Anno 17 N 2/3. außforcht</Unicode>
                </TextEquiv>
            </TextLine>
            <TextLine id="r2l29" custom="readingOrder {index:28;} person {offset:4; length:6;}">
                <Coords points="1431,2487 1623,2514 1724,2478 1982,2503 2070,2456 2183,2488 2346,2439 2422,2468 2399,2391 2181,2437 2016,2404 1903,2441 1686,2413 1640,2451 1429,2436"/>
                <Baseline points="1437,2475 1485,2474 1534,2473 1583,2472 1632,2471 1681,2469 1730,2468 1778,2467 1827,2465 1876,2463 1925,2461 1974,2459 2023,2457 2072,2454 2120,2453 2169,2450 2218,2447 2267,2445 2316,2442 2365,2441 2414,2438"/>
                <TextEquiv>
                    <Unicode>der Straaß begeben, mit seinem zu vor an¬</Unicode>
                </TextEquiv>
            </TextLine>
            <TextLine id="r2l30" custom="readingOrder {index:29;}">
                <Coords points="1419,2561 2378,2516 2375,2458 2283,2444 2101,2494 2048,2459 1981,2501 1725,2478 1600,2515 1416,2480"/>
                <Baseline points="1424,2537 1471,2535 1518,2534 1565,2532 1613,2531 1660,2529 1707,2527 1755,2526 1802,2524 1849,2523 1897,2520 1944,2519 1991,2517 2038,2515 2086,2513 2133,2511 2180,2508 2228,2506 2275,2503 2322,2499 2370,2496"/>
                <TextEquiv>
                    <Unicode>gefangenen faltschen muntzen fraffentlich</Unicode>
                </TextEquiv>
            </TextLine>
            <TextLine id="r2l31" custom="readingOrder {index:30;}">
                <Coords points="1440,2619 1628,2637 1749,2587 1832,2613 1905,2581 2238,2593 2328,2562 2383,2590 2452,2568 2452,2537 2296,2502 2205,2551 2014,2519 1806,2565 1637,2535 1437,2552"/>
                <Baseline points="1445,2595 1495,2595 1545,2594 1595,2594 1645,2592 1695,2591 1745,2588 1795,2586 1845,2585 1895,2582 1946,2580 1996,2577 2046,2575 2096,2573 2146,2570 2196,2568 2246,2565 2296,2564 2346,2562 2396,2560 2447,2558"/>
                <TextEquiv>
                    <Unicode>Vorthgefahren, auch viel und underschiedeliche</Unicode>
                </TextEquiv>
            </TextLine>
            <TextLine id="r2l32" custom="readingOrder {index:31;}">
                <Coords points="1713,2638 1720,2639 1727,2635 1729,2635 1733,2639 1741,2638 1741,2602 1734,2602 1731,2598 1729,2598 1722,2606 1713,2607"/>
                <Baseline points="1719,2628 1734,2628"/>
                <TextEquiv>
                    <Unicode>4</Unicode>
                </TextEquiv>
            </TextLine>
            <TextLine id="r2l33" custom="readingOrder {index:32;}">
                <Coords points="1434,2696 1486,2662 1560,2695 1691,2656 1901,2669 2074,2639 2168,2663 2218,2631 2382,2626 2380,2588 2170,2575 1992,2609 1897,2586 1831,2614 1802,2589 1726,2637 1680,2602 1628,2638 1569,2612 1498,2644 1430,2626"/>
                <Baseline points="1439,2660 1485,2660 1532,2658 1579,2657 1626,2654 1673,2653 1720,2651 1766,2648 1813,2646 1860,2644 1907,2641 1954,2639 2001,2636 2048,2634 2094,2631 2141,2628 2188,2626 2235,2624 2282,2622 2329,2619 2376,2616"/>
                <TextEquiv>
                    <Unicode>gattung mentz die er gepräget, hin und</Unicode>
                </TextEquiv>
            </TextLine>
            <TextLine id="r2l34" custom="readingOrder {index:33;}">
                <Coords points="1446,2728 1596,2725 1660,2760 1795,2718 1855,2751 1899,2716 2111,2696 2162,2731 2397,2681 2395,2643 2036,2640 1970,2678 1928,2651 1719,2654 1589,2696 1443,2673"/>
                <Baseline points="1452,2718 1501,2718 1550,2717 1600,2717 1649,2715 1699,2714 1748,2711 1797,2709 1847,2706 1896,2703 1946,2702 1995,2699 2045,2694 2094,2692 2143,2689 2193,2685 2242,2681 2292,2678 2341,2675 2391,2673"/>
                <TextEquiv>
                    <Unicode>wider in ihr gen Landen und gebieth zu</Unicode>
                </TextEquiv>
            </TextLine>
            <TextLine id="r2l35" custom="readingOrder {index:34;}">
                <Coords points="1429,2811 1729,2780 1832,2805 1958,2762 2041,2788 2141,2747 2280,2777 2405,2746 2403,2691 2164,2733 2068,2703 1824,2753 1718,2725 1582,2762 1541,2726 1426,2757"/>
                <Baseline points="1433,2777 1481,2778 1529,2778 1577,2778 1626,2777 1674,2775 1722,2774 1771,2772 1819,2769 1867,2766 1916,2764 1964,2760 2012,2758 2060,2754 2109,2751 2157,2749 2205,2745 2254,2742 2302,2739 2350,2738 2399,2735"/>
                <TextEquiv>
                    <Unicode>Großem schaden und nachtheil dero getreü¬</Unicode>
                </TextEquiv>
            </TextLine>
            <TextLine id="r2l36" custom="readingOrder {index:35;}">
                <Coords points="1432,2867 1609,2845 1711,2872 1767,2838 1812,2861 1870,2830 2360,2810 2349,2749 2277,2778 2153,2751 1946,2800 1885,2776 1814,2811 1742,2779 1700,2812 1663,2786 1429,2811"/>
                <Baseline points="1437,2840 1482,2840 1528,2841 1574,2841 1620,2840 1665,2838 1711,2837 1757,2835 1803,2832 1848,2830 1894,2826 1940,2824 1986,2819 2031,2817 2077,2813 2123,2810 2169,2807 2214,2804 2260,2801 2306,2798 2352,2795"/>
                <TextEquiv>
                    <Unicode>wen underthanen theils selbsten theils.</Unicode>
                </TextEquiv>
            </TextLine>
            <TextLine id="r2l37" custom="readingOrder {index:36;}">
                <Coords points="1431,2918 1802,2929 1978,2877 2199,2914 2249,2870 2341,2890 2392,2868 2391,2836 2299,2809 2277,2833 1977,2823 1923,2858 1870,2830 1812,2866 1429,2871"/>
                <Baseline points="1437,2903 1484,2901 1531,2901 1579,2900 1626,2898 1674,2897 1721,2895 1768,2893 1816,2891 1863,2889 1911,2886 1958,2885 2005,2882 2053,2879 2100,2876 2148,2873 2195,2869 2242,2867 2290,2864 2337,2861 2385,2858"/>
                <TextEquiv>
                    <Unicode>durch andere debitiert. Ist er endtlichen</Unicode>
                </TextEquiv>
            </TextLine>
            <TextLine id="r2l38" custom="readingOrder {index:37;}">
                <Coords points="1441,2978 1876,2962 1975,2986 2110,2938 2378,2938 2397,2868 2106,2919 1977,2877 1921,2924 1678,2945 1437,2917"/>
                <Baseline points="1446,2966 1493,2965 1540,2964 1588,2963 1635,2963 1682,2961 1730,2960 1777,2958 1824,2956 1872,2954 1919,2952 1966,2949 2014,2945 2061,2943 2108,2940 2156,2936 2203,2932 2250,2927 2298,2922 2345,2918 2393,2912"/>
                <TextEquiv>
                    <Unicode>auff ergangene oberkeitliche Veranstalt</Unicode>
                </TextEquiv>
            </TextLine>
            <TextLine id="r2l39" custom="readingOrder {index:38;} place {offset:29; length:7;}">
                <Coords points="1422,3036 1524,3062 1680,3025 1741,3056 1976,3010 2212,3039 2274,2984 2396,2978 2394,2948 2109,2938 1996,2986 1842,2963 1633,2999 1479,2968 1419,2998"/>
                <Baseline points="1428,3027 1476,3027 1524,3028 1572,3027 1620,3027 1668,3026 1716,3024 1764,3022 1812,3020 1860,3018 1909,3015 1957,3012 2005,3008 2053,3006 2101,3001 2149,2997 2197,2994 2245,2990 2293,2986 2341,2981 2390,2976"/>
                <TextEquiv>
                    <Unicode>durch den hrr landtvogten zu Signauw</Unicode>
                </TextEquiv>
            </TextLine>
            <TextLine id="r2l40" custom="readingOrder {index:39;}">
                <Coords points="1431,3091 1582,3124 1758,3083 1903,3111 2433,3033 2406,2988 2152,3038 1975,3009 1916,3045 1730,3056 1680,3025 1645,3056 1588,3029 1532,3067 1429,3053"/>
                <Baseline points="1437,3081 1486,3084 1536,3084 1585,3084 1635,3084 1684,3083 1734,3081 1783,3078 1833,3075 1882,3072 1932,3069 1981,3066 2031,3061 2080,3057 2130,3054 2179,3049 2229,3046 2278,3042 2328,3039 2377,3036 2427,3033"/>
                <TextEquiv>
                    <Unicode>in gefängkliche verhafft gezogen, examiniert</Unicode>
                </TextEquiv>
            </TextLine>
            <TextLine id="r2l41" custom="readingOrder {index:40;}">
                <Coords points="1447,3157 1729,3178 1765,3140 2189,3113 2293,3136 2427,3106 2423,3043 2264,3082 2208,3053 2048,3070 1984,3114 1763,3086 1445,3129"/>
                <Baseline points="1452,3146 1500,3146 1548,3146 1597,3146 1645,3145 1694,3143 1742,3141 1790,3140 1839,3137 1887,3134 1936,3129 1984,3127 2032,3123 2081,3119 2129,3116 2178,3112 2226,3109 2274,3105 2323,3103 2371,3101 2420,3098"/>
                <TextEquiv>
                    <Unicode>mnd nach beschechenem Oberkeitlichen befelch</Unicode>
                </TextEquiv>
            </TextLine>
            <TextLine id="r2l42" custom="readingOrder {index:41;}">
                <Coords points="1418,3219 1854,3232 1951,3189 2064,3219 2141,3175 2426,3159 2409,3124 2193,3115 1854,3135 1725,3179 1480,3151 1415,3173"/>
                <Baseline points="1424,3206 1473,3207 1523,3207 1573,3207 1622,3206 1672,3204 1722,3203 1771,3200 1821,3197 1871,3194 1921,3190 1970,3186 2020,3182 2070,3177 2119,3173 2169,3168 2219,3164 2268,3160 2318,3156 2368,3152 2418,3149"/>
                <TextEquiv>
                    <Unicode>sambt seiner Vergicht gewahrsamblich alhar</Unicode>
                </TextEquiv>
            </TextLine>
            <TextLine id="r2l43" custom="readingOrder {index:42;}">
                <Coords points="1440,3282 1673,3307 2023,3259 2242,3267 2421,3214 2418,3165 2191,3169 2043,3217 1954,3192 1854,3234 1435,3220"/>
                <Baseline points="1445,3260 1493,3261 1541,3261 1590,3261 1638,3260 1687,3258 1735,3255 1784,3254 1832,3250 1881,3246 1929,3243 1977,3239 2026,3234 2074,3230 2123,3225 2171,3221 2220,3216 2268,3211 2317,3207 2365,3202 2414,3200"/>
                <TextEquiv>
                    <Unicode>gesendt, Volgends in Alhiesiger gefangenschafft</Unicode>
                </TextEquiv>
            </TextLine>
            <TextLine id="r2l44" custom="readingOrder {index:43;}">
                <Coords points="2274,3300 2295,3294 2327,3313 2344,3305 2366,3310 2373,3304 2386,3305 2379,3232 2356,3235 2348,3231 2343,3237 2333,3231 2314,3236 2306,3245 2300,3241 2294,3247 2275,3231 2267,3231"/>
                <Baseline points="2279,3290 2312,3286 2345,3281 2378,3281"/>
                <TextEquiv>
                    <Unicode>den</Unicode>
                </TextEquiv>
            </TextLine>
            <TextEquiv>
                <Unicode>18
stundt, ein traüwriges beyspihl und exemper
an diesem alhier in oberkeitlichen banden vor
augen stehenden armen menschen namens
Christen Langenegger von Langnauw
seines handtwercks ein zimmermann bey
40 jahren alt, welcher eben wegen be
gangenen gottloen Fraffelthaten und
schwehren verbrachen in jetzmahligen trau
rigen zustandtgerahten: dann anstatt
derselbe seinem erlehrnten handtwerckn
und nützlichen Beruff in der forcht gottes
obligen und under dem seegen des herren
sein stuck grodt erwerben sollen, er mit
verfehrtigung underschiedelicher Geldtstemp
len auch würcklicher Prägung Vieler
Plapparten gantzen und halben batzen
drey Creutzleren und anderen dergleichen
Geldts, sich des faltschen Muntzens theil¬
hafft gemacht, und also durch dieses um
volgende schwahre verbrechen, die zwar
Langsamme aber mit der schrecklichkeit
begleitete Straaß ihme endtlich über¬
den halb gezogen
Dann als dieser Langenegger nach seiner
Widerkunfft auß dem Niderland, dahin Er
sich bey gefängklicher Einzeüchung der
weyden Ingolden Anno 17 N 2/3. außforcht
der Straaß begeben, mit seinem zu vor an¬
gefangenen faltschen muntzen fraffentlich
Vorthgefahren, auch viel und underschiedeliche
4
gattung mentz die er gepräget, hin und
wider in ihr gen Landen und gebieth zu
Großem schaden und nachtheil dero getreü¬
wen underthanen theils selbsten theils.
durch andere debitiert. Ist er endtlichen
auff ergangene oberkeitliche Veranstalt
durch den hrr landtvogten zu Signauw
in gefängkliche verhafft gezogen, examiniert
mnd nach beschechenem Oberkeitlichen befelch
sambt seiner Vergicht gewahrsamblich alhar
gesendt, Volgends in Alhiesiger gefangenschafft
den</Unicode>
            </TextEquiv>
        </TextRegion>
    </Page>
</PcGts>
