3024 4032
150 1677 240 1787 E
145 1812 203 1907 d
138 2075 226 2183 2
159 2230 232 2335 R.
167 2325 233 2444 2
169 2531 232 2614 d
146 2917 236 3014 E
140 3143 209 3249 .
400 586 916 724 osinie disie
135 665 1250 798 2Wie fur viel Er dergleichen faltsche Mund
274 745 607 823 gemacht habe.
281 793 1250 906 ohngefehrd fur 2 Thaler Rappen und et
126 794 198 916 E.
284 863 1252 964 Wann bey 17. Batzen Kreutzer, die Große
265 915 1257 1031 Armit darin er sich befinde habe Ihn dar
266 977 1246 1087 zu getrieben, dise Rappen und Kreutzen
268 1031 1212 1152 habe er dem herr landvogt bey seiner
267 1105 879 1210 behändigung ebergeben
248 1171 1249 1311 Auff vorstellen aber Mehhl. Exami¬
278 1269 1250 1369 natoren daß er schon in hievorigem
269 1336 1254 1450 Examen bekent, das er fur einen thaler
263 1406 748 1509 Kreützer gemacht.
269 1466 1240 1588 Sagte er daß Er sich nit mehr so eigent¬
272 1531 1262 1660 lich besinne glaube aber, daß es dabey
279 1612 676 1706 umen gewesen
263 1684 1234 1787 Ob nit sein sohn solches geweßt und
271 1745 1245 1841 auch der gleichen Muntz gemacht habe?
263 1828 1260 1933 Ja der sohn habe solches gewüßt und auch
914 1878 1154 1936 und Rappen
263 1875 1254 1964 selber geholffen dise reutzer machen, und
278 1938 1273 2042 wann der sohn nit jchon zu vor gemacht
275 1998 1244 2122 so hätte er es nit Coūrden Lehrnen.
269 2091 1234 2211 wer den Stempffel zu den Rappen
278 2157 580 2248 gemacht
875 2212 937 2261 d
287 2246 1189 2356 der Sohn habe selbigen gemacht,
280 2341 1266 2444 Ob er dem Sohn nit habe geholffen Kreu¬
277 2402 1265 2504 her machen, und auch selbsten gemacht
274 2475 399 2556 habe
279 2527 1248 2627 Er habe dem Sohn einist am Abend ge¬
285 2595 1251 2679 schlagen, Allein er habe so hart zuge¬
286 2654 1227 2755 schlagen, daß die Kreützer nit gerat
280 2745 1235 2826 wollen, dann das vnder theil seye ge¬
286 2788 1207 2893 brochen, und haben also nicht viel
276 2845 485 2928 gemacht.
292 2899 1245 3039 Ob Er keine halb batzen, Item Zürich
274 2994 1236 3100 galt aūch Plappert, Ortlin oder der¬
274 3047 1266 3162 gleichen gemacht, oder gesehen machen
279 3141 1234 3249 Nein Er habe Gar keines dergleichen
280 3210 1262 3312 geltgemacht, habe auch sein lebtag kein
283 3278 1234 3375 gelt gesechen machen, außert denen
277 3331 1250 3435 angezeigten Krentzeren und Rappen
1307 666 1393 763 R
1319 1008 1379 1084 R.
1355 2960 1398 3059 2
1335 3108 1391 3191 d
2249 564 2362 653 26
1435 611 2415 742 Ob er nit auß einem Secklin, darin¬
1430 705 2425 807 nen faltsche Muntz, als 2. Schillinger
1414 765 2431 889 Zürich schilling und der gleichen sich be¬
1421 834 2377 939 funden genomen, und selbige ver¬
1427 902 1828 1000 braūcht habe?
1421 972 2412 1070 Els seyend so vier Eggete Stucklin Gsein
1426 1034 2419 1134 darvon Er einiche ein Rohr damit zu¬
1450 1085 2425 1179 löten gebraucht, die übrigen habe der
1424 1164 2386 1252 jr landvogt noch alle gefunden, er
1431 1213 2357 1321 habe keine darvon außgeben, und
1426 1283 2446 1381 seyen noch gsein als jie der jr landvogt
1438 1345 2383 1447 genomen, wie Sie selbige gemacht:
1423 1438 2359 1546 Auff abermahliges ernstliches zu
1429 1515 2370 1610 sprechen Aber Mehhl Examinatoren
1431 1570 2403 1679 gestunde Er Endtlichen, daß Er von
1425 1634 2409 1744 den Kreutzeren Außgeben und ver¬
1441 1719 1791 1801 Braucht habe
1336 1775 2247 1896 E. Ob er den Vlli Müller kenne.
1444 1881 2406 1990 Da Er kenne denselben, und habe vor
1431 1954 2396 2060 ohngefehrd 14 oder 15 jahren bey ihme
1438 2024 1674 2109 gedienet.
1463 2052 2326 2184 Ober niemahlen gesehen den Vlle
1355 2083 1418 2164 2
1438 2153 2202 2239 Müller einiches gelt machen
1454 2217 2451 2333 Nein, Er habe Ihn Niemahlen gesehen
1453 2288 2448 2399 zelt machen Wohl aber als er Inngald
1453 2349 2433 2448 einsmahls in deß Ulli Müllers Werck
1450 2414 2431 2521 statt die spähn under einem trag furen
1453 2481 2428 2592 gewlucht habe er damit ein Zuger halb
1450 2540 2422 2649 bazen Nodel oder Stämpfsel furen ge¬
1441 2606 2403 2721 macht, welches er hinder dem Hauß
1420 2674 2393 2795 Verborgen, Als aber der Vlli Muller
1451 2747 2414 2855 deßen gewahr worden, habe er ihne ge
1444 2803 2446 2935 öthiget, daß er ihme dises Model wider
1445 2891 1850 2996 geben müßen.
1447 2943 2373 3075 Ob er nicht einen Herren von Basel
1448 3017 2446 3140 kenne der offtmahls zum Ulli Müllerkommen
1444 3098 2366 3214 Er habe woohl von einem Herren von
1454 3131 2455 3274 Basel gehort sagen, der einmahl zu dem
1419 3217 2445 3323 Ulli Müller komen, aber erkenne den
1441 3293 1762 3394 selben nit.
2305 3345 2418 3444 Obetc.
2422 1417 2459 1473 te
