3024 4032
249 624 333 732 13
364 705 1263 850 gehalten worden, und der dritte
363 796 1287 904 Landtag ob vierzechen tagen, und
365 859 1268 960 under drey wuchen zu halten an
361 921 1269 1027 gesetzt deye. damit er sich darzu
360 981 1268 1091 der füegen könne sich zuversprechen
371 1043 1266 1138 chen. dann so er auch denzu¬
377 1102 1296 1191 mahlen amoffnen rechten nicht
364 1166 1277 1267 erscheinen und nicht begegnen
368 1225 1313 1330 Wurde, mann als dann in Einen
365 1285 1268 1402 weg mit der urthell wider ihne
359 1349 1263 1467 fürfahren werde. Actumnt
349 1435 566 1520 Supra.
377 1778 1282 1881 Zinnstags dern 4. februarii
428 1855 1289 1957 2719. als auff den zu verführ
390 1909 1298 1993 ung des dritt- und letsten Landtags,
362 1968 1290 2068 hievor ex presse angesetzten tag, sindt
359 2030 1286 2132 mr ghen  und oberen räht und Burger
362 2094 1283 2183 abermahlen zugewohnterzeit undt
362 2152 1283 2257 stundt auß das rahthauß in die große
365 2215 1280 2315 stuben zusammen berusten, ihnen da
349 2275 1274 2378 selbsten durch mr hhren schultheißen
359 2333 1289 2432 worumb es zethun verdeütet worden.
364 2390 1286 2490 Allwo widermahls mrhr Venner el
356 2457 1259 2549 lier als jüngste h Venner in Mitten¬
359 2509 1310 2607 der Großen Stuben getretten, und wider
353 2575 1259 2660 Albrechten von Wattenwyl das recht
362 2628 1274 2721 begehrt. Da dann nach beschechenen
371 2681 1307 2761 offentlichen rüeffen der dritt- und letste
362 2737 1313 2837 landtag auch vollführt und weilen der
366 2793 1296 2893 Thäter Albrecht von Wattenwyl auch
363 2855 1287 2930 dißmahls zur Verantwortung sich nit
362 2905 1302 3000 gestellt. Habend daraußhin mrghren
362 2960 1283 3058 und Oberen räht und Burger, mit
374 3002 1307 3127 arthel und recht bey eyden erkennt
