3024 4032
221 627 1198 719 Verwahre, angezeigt, daß sie die
217 703 1250 800 thüren mit einer urtzel aufthun
238 750 1244 864 werden, die im Schweitzerland zufin¬
227 824 1255 932 den, Nun seith einem Jahr daher habe
231 891 1243 1011 er den Haußmann nicht mehr als
238 949 1253 1066 einmahl gesehen, als er ohnlangte
233 1023 1145 1155 durch den Graben auff zum
229 1120 664 1207 Räber Geritten
261 1186 1229 1290 Ob Er diesem Basler niemahl kein
129 1224 223 1310 A.
231 1273 1264 1396 faltsches gelt geben, oder ob er Mul¬
228 1342 1183 1442 ler nie keines von ihme empfangen
213 1419 1216 1538 Nein er habe demselben Niemahlen
128 1435 181 1513 A
222 1505 1237 1612 keinen haller geben, auch nichts von
218 1577 748 1690 ihme empfangen.
231 1633 1260 1778 Ob er nit dem Caspar Bühler den Batze
127 1679 225 1768 E
229 1739 1237 1851 stempfel gahn thun nach getragen?
230 1823 1236 1947 Ja er habe ihme selben zu Chin ein¬
131 1840 181 1935 k
219 1908 559 2022 gehändiget.
127 1978 1276 2129 e. Ob er dem Bühler nit anweisung geben
198 2064 1210 2167 daß Er solle große halb Batzen aūff
241 2138 1168 2267 wechßlen und zu batzen schlagen
239 2213 1253 2337 Er habe zu dem Buhler Also gesagt, Er
129 2244 197 2329 R.
240 2294 1264 2407 wolte große halb batzen nemmen und
228 2369 721 2466 zu Batzenschlagen.
131 2415 1225 2537 O. hiemit habe er auch die Stänpfel
242 2494 1092 2606 velber gemacht und gestochen.
234 2602 354 2718 Ja.
151 2600 235 2721 R.
248 2676 1259 2829 Wie lang es seye, daß er den batzen
143 2737 232 2840 E.
242 2783 1186 2911 stempfel von dem Buhler wider
237 2869 790 2976 zuruck empfangen
159 2927 1281 3077 R etwann bey 2 oder Gritthalb jahren.
123 3035 1288 3191 Rep Mit der Weß hätte der Bühler den batz
237 3097 1261 3228 stämpffel bey 12 Jahren gebraucht
241 3176 1271 3289 Canner Muller selbigen Erst vor
225 3251 1219 3388 Zweyen Jahren wider genomen.
1290 661 1341 731 A
1318 2312 1372 2409 A
2286 543 2380 645 36.
1382 577 2419 722 Es habe zwar der Buhler selbigen
1398 660 2448 790 ohngefehrd bey zeihen oder vilff jahren
1389 742 1848 833 iinen behalten
1312 802 2436 962 S auß seiner Bekantnuß seÿe auch zu¬
1405 891 2388 1034 ersehen, daß er die Stämpfel dem
1392 954 2450 1096 Buhler nicht vmb sonst machen wollen
1405 1023 2434 1159 ps habe zwar der Buhler ihme eine
1312 1105 1360 1187 R
1394 1110 2408 1262 obligation darfür gemacht, aber
1395 1187 2415 1320 Niemahlen nichts geben, sonder
1408 1277 2461 1368 de Muller habe ihme die Obligation
1390 1324 2442 1461 ohne bezahlung wider zugestelt und
1414 1394 2401 1514 darüber auß noch 31. thaler und
1393 1477 2214 1613 Alß in allei 67 B geben
1321 1586 2452 1718 ob er nit auch gelt gepraget oder
1405 1687 1630 1791 gegoßen
1405 1754 2445 1877 Nar Er habe sein Lebtag niemahlen
1411 1832 2428 1953 kein gelt gefragt noch gemacht und
1392 1904 2067 2035 könne auch nit gießen.
1337 2013 2456 2139 E Ob er den Bähler nit beredt, er wolle
1415 2099 2444 2202 ihn lehren Gold machen, namlichen
1391 2163 2455 2270 daß er solle Kūpfer nemen, und sel¬
1412 2224 2427 2339 biges 40 oder 30 mahl vmschmeltzen
1404 2309 2440 2426 Es habs ein gewißer Krauß solches
1397 2385 2373 2482 Ihme gesagt, da habe er den Buhler
1383 2461 2407 2566 geheißen solches probieren, allein
1391 2544 2440 2642 dises, Namlich daß er die Stempffel ge¬
1405 2601 2358 2717 macht, und den Buhler geheisen
1391 2671 2445 2774 halb Batzen nemen, und batzen dar¬
1406 2742 2448 2853 außzuschlagen, wie auch das Rupder
1402 2809 2452 2927 umb zuschmeltzen, seye Alles in der
1402 2883 2338 3004 Erste vor ohngefehrd 14 Jahren
1390 2975 1702 3083 geschechen
