3024 4032
261 2636 303 2727 3
262 3099 314 3196 4
309 526 1295 735 Oberkeits Suranstallt den 2 tag occobris
355 627 1284 760 und 13 Novembris dides 17161 Jahrs, un
344 706 1287 852 Also zu verschindenen Mahlen, über die von Ihr
349 765 1273 888 bereits bekannten, und annoch vermuchteten
363 839 1240 965 Diebstähl gantzernstwortigklich, und mit
362 907 1268 1011 Betröüwung der Marter axaminiert, und
368 979 1283 1100 Daraūff Volgendrfrey willige bekanntnuß
374 1049 916 1167 von ihme erhalten worden.
353 1166 1287 1292 uns zwahr erstlichen daßer seinen elternn
362 1244 1271 1375 Die ihme doch zulsen und zu werwen gebe
348 1320 1269 1442 können Allezeit ungehorsamb gewesen, und
365 1388 1267 1520 derselben treuwhertzigen Vermahnungen
365 1465 1282 1592 nit zuvolget, sondern von denselben zinwag
364 1534 1283 1664 gelossen und seith  jahren daher inn und
370 1599 1293 1740 ußert Landsumbter Gestrichen, bald gebätt¬
374 1673 1290 1803 iet, bald in den Wurkhshäuseren zezehret, und
359 1754 1291 1847 ohne bezahlung sich darvon gemacht, Auch bal
349 1831 1279 1942 feür, bals dorfin den Baumgarten Obs, und
359 1899 1278 2012 Zuweilen brottund Asigespeißen Geraubet,
358 1967 1283 2095 sich also den veröurblichen Custen dem Mißi¬
358 2039 1041 2166 gang und dem stählen ergeben.
335 2120 1278 2275 Demne nn zum Aubern habe eintzuthun
357 2224 1263 2359 zweyer oberländeren, gewüßen ihme im
356 2303 1284 2419 beranten Leüthen, eine würtzen wie ein frosch
330 2361 1282 2508 formiert für eine allrannen umb 15 ihr
352 2423 1292 2567 Verkaufft darvon Er für seinen Antheil 64 fr
356 2519 577 2638 bekommen.
348 2627 1294 2751 In letstverwichenen Meyen hat ermeinen
335 2692 1272 2818 Dorff beÿ Kilch dorff von einer Vittib s der
352 2765 1278 2895 Mann dichen Sommer in der karen ertrunken
353 2847 1254 2961 eine khunumb 3 fhren zinßes abempfangen
334 2905 1248 3033 Welche khun er aber verkaufft, darurlößte
356 2975 1281 3106 Belt behalten, und die Wittib darumb betrogen
349 3085 1244 3227 Mithilsch eines diebs gesphahnen Nahmans
346 3151 1293 3300 Stoffel Marti Hat preiner Schuein keitz Auf
343 3240 1298 3377 Der Wurdt ein Tringolen Abgenommen, darvon
334 3324 938 3454 er ein halben thrl bekommen.
1377 1486 1420 1579 8
1368 646 1413 766 5.
1441 640 2422 778 abend er und jemelter Stoffel Mart nittemanderen
1451 730 2446 871 2. Kohen jeder von 15 lb auß einem staffel untaendt
1370 808 2425 959 6. Im verwichenen Sommer hat er mit zulff seines bruders
1458 916 2406 1031 Ulli Berwerz und des Stoffel Martis an einem
1438 981 2425 1085 ort gegen Langnauw nächtlicher weil ein jährigs
1430 1066 2420 1189 kalb gestohlen, darvon er für seinen antheil 4
1449 1141 1647 1236 bekommen.
1451 1202 2406 1363 An letter fendshüit hat er Allein zu Haßli bey
1420 1307 2414 1437 Zura dorkh nachts Auß einer Weyt eine Gunß¬
1455 1386 2281 1510 entwant uns selbige umb 22 z verkaufft.
1439 1466 2400 1619 hat er mit hulf eines diebs gespahnen nahmens.
1457 1562 2459 1687 Pater ohnlangsten an einem berg jegem Guringel
1467 1634 2452 1750 eine kalbeten Auseiner Weydt genomen selbige
1457 1705 2392 1793 umb 10 lb verkaufft und das Gultmit einen
1450 1783 1988 1905 Diebs gespahnen getheilt.
1391 1886 2397 2025 9. Mit zuthun obgemelten Peters ohnlangstenn
1461 1981 2425 2098 zu worb zwüschen tagend nacht ab der Werdt
1464 2052 1849 2166 ein pferdsentführt.
1385 2145 2389 2273 10 Mitlals des Ulli derwers seined Bruders
1459 2251 2440 2381 bey Tag Außeiner Weÿs ein Peißtes Gtz genommen.
1468 2384 2415 2514 endlichen ist er auch bekanntlich worden, daß er
1364 2398 1444 2511 1
1455 2447 2412 2591 zweymahl Kringsdienste genommen, Aber beÿde
1472 2532 1972 2642 mahl wider auß gerißen.
1456 2636 2440 2785 Nach demmenum Vedern Allarseits Gnad. Herr.
1469 2730 2448 2843 und Oberen rahtund Burgern, Als allhusige
1459 2797 2365 2883 hoche Lands Oberkeit, einerseits sein Gerwers¬
1444 2861 2388 2979 Angehörte bekanntnus und vergicht mit Allen
1451 2923 2427 3055 ihren umbständenin Rteisfe betrachtung zuzagen
1463 2995 2451 3121 uns darauß s Vihlursahen, daß durch dergleichen
1442 3064 2451 3171 Diebischeamtführung, das gemeinen Landtmans
1462 3138 2412 3269 Auff der Weÿdt befindtlichen Veichs, die All
2152 3228 2426 3344 Jemeine setc.
