2450 3055
430 91 1252 249 Jacob Dileter
532 188 1122 336 vor Sigerßreyl
1178 228 1256 315 1.
384 400 1276 487 Demnach gegenwürtiger Jacob Buler, von
338 488 1229 581 igei swyl, verschinen 1621 hars, vonn
406 557 1257 666 Vethaltigen synen begangnen Diebstalenn
393 619 1296 719 wegen, zu Zun gefengeklich ynzogen wor¬
405 693 1270 783 , vnnd nach syner gethanen Vergicht, vonn
396 756 1302 865 denn landtrichteren uff m g h unnd oberen
393 827 1305 939 der Stadt dern gnad hin, daselbst zum strang
390 884 1299 1003 beeietheilt worden, Es hab endt aber hoch¬
411 961 1308 1055 genampt in gl s ime die ergangne urtheil
380 1030 1294 1130 Ev Vff verhoffende beßerung gemidtert
840 1092 1032 1147 ußgnoden.
397 1105 1302 1177 Ime syn verwurct Läben geschenckt, vnnd er¬
395 1162 1304 1261 kent, das er allein daoben solle mit Rudten
389 1234 1289 1337 ußgeschmeitt unnd uff ein geschworen verhedt,
390 1300 1297 1408 der fidt hun das Landt geben worden, Es
401 1370 1305 1460 hatt aber diser gegenwürtiger Jacob Büler
413 1446 1303 1527 Ime dise große, Vädterliche, gnadt, vnnd Barin
390 1502 1269 1617 hertzigkeit nit umb sovil anglegen syn laßen,
402 1580 1286 1674 noch behertziget, sonder nachdem er gwar ein
401 1646 1289 1748 zytz lang by synem vatter zu Sigrißwyl gwese
406 1705 1281 1829 Ist er widerumb vonn imme hinwegg gelofen
416 1786 1296 1898 yn vephedt vnnd den geschwornen Eidt, Meines
408 1858 1239 1949 digerwyß ubersachen unnd gan Uhri unnd
401 1920 1268 2030 Schwytz unnd hiemit us dem landtgezogen
399 1997 1248 2087 vnnd nach dem er sich schon widerumb zun den
396 2056 1280 2157 kandt gelaßen, sich nit dergstalten verhalten
380 2127 1284 2236 denn das er synem vorigen diebischenwäse
387 2190 1283 2282 widerumb nachgefahren, vilfaltig widerum
403 2260 1293 2358 zugriffen unnd dergstalten verhalten, allso i
413 2324 1286 2418 ich erliche lüth ab ihme erslagt, das er huenn
397 2389 1289 2489 sölle getröüwt haben, hnen die hüser anzu
405 2444 1285 2569 steckenn, Deßwegen hochgenampt myn g
396 2533 1281 2622 benelchen uff zunestellen gelaßen, wie er da
388 2589 1293 2689 verschiner tagen zu hinterlaffen hm fürreisen
2339 58 2385 102 12
1408 75 2388 188 Ergriffen, vnnd uß benelch in gl herren vnnd abe¬
1425 141 2370 236 den gfengklich alhar geschickt worden, der hadt
1424 201 2352 297 nun uff donstag den 8 august diß 1622
1426 267 2318 384 jars hun bysyn anhören unnd gegenwürtigkeit
1420 339 2340 444 der Ehrenuesten, fromen, fürnemmen, fürsichtigen
1423 389 2340 521 Ersammen vnnd Wysen herren samdt amans, deß
1429 455 2338 567 Kleinen Raths, Abraham Jueles deß Jungeren,
1424 522 2346 629 der Burgeren Nielans Kilchbergers Großweiß
1428 598 2364 700 bels unnd etlicher weibgen in gl hen unnd obern
1464 665 2317 764 ieneren zu Marzili nachvolgende dieb
1434 730 2314 834 stäht, auch hoche unnd schware mißhandlungen
1444 801 2342 883 bekent unnd verrachen unnd mit der marter
1452 861 1933 954 erhalten unnd bestätiget,
1491 962 2386 1087 eß ersten so seye wahr, alleß das hänige, so er hieß
1440 1035 2307 1152 nor inn syner gfangenschafft zu run, syner beß
1448 1104 2316 1195 gangnen diebstälen halb bekent, welle hie-
1451 1153 2369 1265 nit dieselbe syn bekantnuß nachmalen bestäe
1441 1231 1668 1313 tiget haben
1417 1282 2342 1412 Demnach so habe er sich Leider, nach der Ime er¬
1419 1395 2400 1472 wißnen großen gnad unnd barmherzigkeit, nit allen
1417 1453 2361 1553 wider gott den almechtigen, denn er zun synem
1417 1518 2351 1609 gschwornen Vephedt vnnd eidt, zu einem Zugen
1443 1568 2305 1703 angeruffen, sonder auch wider syn oberkeit so
1433 1644 2324 1744 wych vergeßen, inn dem er daßelbige nit
1449 1712 2356 1830 samb behertziget, sonder meweidischer wyß über
1459 1767 2322 1895 sächen unnd sich uß dem landt alls gahn uhri
1424 1835 2359 1935 vnnd Schwÿtz begeben, vnnd hiemit ann Gott
1441 1890 2239 2018 unnd syner oberkeit meineidig worden,
1428 2010 2366 2133 Item alß er sich hernach widerumb Iun das Landt¬
1449 2077 2344 2178 begeben, habe er vorgende warnung vnnd gue¬
1435 2139 2356 2258 dige traff hme nit souil ersprieflich syn laßen,
1415 2191 2354 2331 Denn slaser mit hilf eines Waldisers synes gete
1449 2255 2374 2372 Panen Pedter genambt, dem Jörg Van Gansten
1420 2330 2362 2433 Inn syn hußbrochen 7 u daruß entfrömbdet
1410 2392 2133 2501 unnd dieselben miteinanderen theilt.
2079 2527 2254 2614 Jenne
