2478 3220
34 2314 171 2422 kines
195 57 1127 221 So die Roß das Gliswaser Hans
235 145 1043 254 brucht er nachuolgende mittel
214 216 1094 339 nammlichen Huntzbeynbulner vom
215 276 1095 395 Kopf: Item das miesch von den
220 344 1103 447 verdorbnen Roßkoptschudelen, oder
238 391 1130 550 Wurmmal, so uß Eychmen schwellen
247 459 1114 591 kompt. Thals und aber dise
243 517 1133 669 mitel nit halffindt. So sproche
250 576 627 684 er dise wort
33 624 1121 764 B. Der Wasergang kome den Gott dem
224 700 1077 833 Herren dahar: Da gienge
226 760 1095 891 Elysabet überfäld und bekam
228 849 1105 958 gra ein wysel man. sy sproch
188 895 1147 1024 In armer man, was hasten in dynen
241 956 1069 1066 glideren. Ich wil dieh heylen
219 1037 1155 1155 du hast ein waserfligs. er sprach
239 1082 1082 1199 Ich hare keinen glouben dran¬
227 1154 1095 1263 Elisabet sprach, ich wil heylen
220 1226 1117 1328 dyn shaden, Ine nammen G. deß
219 1286 1120 1401 . gott deß g. gott des h. s.
176 1420 1141 1564 Furden Vngnanten, bruthe er dise
583 1526 1102 1617 Der Mann der In
174 1551 411 1624 wort.
208 1587 1134 1695 gricht und dhat sitzt wanne einer
230 1653 1118 1741 recht hat und er aber unrecht
253 1721 1125 1829 spricht. Deselb mann ist gott
257 1790 1162 1872 nit lieb. Also wenig ist dise wun
219 1837 1121 1932 wure, disem ros, alnt hut und
233 1904 1171 1996 Eleysch lieb, In nomine s. f. et spuita
229 1975 1114 2065 honisi amen. Sprache ouch etliche
262 2034 1018 2122 mal das aue Marin darzu
166 2103 1133 2208 Diß sye all syn dagnerwark unnd
230 2140 1159 2256 wisse wytrs und vernes mit, so er dann
234 2223 565 2306 hoch bethüret
1039 2287 1111 2356 ds
217 2325 1174 2440 loch dem er auch befragt worden pi
236 2394 1191 2511 gägen dem herren synen predicarten
227 2458 1091 2562 welcher ime doch abgemant) nüt so
231 2521 1000 2622 groben worten eßgebrochen
207 2592 1185 2735 atte geantwortet. Das sittenmal
243 2646 1168 2784 5 h Predicant, inne gefangnen und
227 2705 1190 2848 syie zusfrouw bescholten und gredt
223 2768 1192 2902 so gangind mit häpenwark umb. Hole
223 2820 1208 2955 er gredt, name sy das sagint, so sye synh
228 2881 1199 3033 predicants f ein hex und er ein hexend
1116 2937 1188 3016 und
2116 -1 2195 67 14
1209 7 2117 169 und so gwuß er gelangne und syn e
1227 81 2148 246 solche keundt. Alßo gwuß sye e
1220 161 2148 283 ein ander dehelm, und habe er
1217 221 2175 348 peredirant mit reverentz vor eier
1230 286 2056 415 den zmalden ein mären e
1226 352 2184 473 welche grobe und unchristenliche reden
1232 409 2177 518 aber, er uß vnuerdachtem mut gredt
1241 482 2193 590 und ußgoßen habe, wüße gantz und
1245 536 1812 657 gar mit mehr drumb
1210 655 2207 809 Als er gfragt. Wie es im pfaffenlich
1242 748 2166 862 gangen syn, da er ein stäken by
1273 786 2163 933 ich ghapt und der Bose Geyst
1252 861 2183 982 kome ime gstalt einer moren (reverent
1252 923 2168 1034 von u glen zemelden) zum gater hinyn.
1226 1023 2212 1144 antwort. Diß sye ime von den gnaden
1242 1099 2132 1216 gottes niemnalen begagnet. Was
1262 1156 2174 1269 er aber dies orths fürgäben. Habe er
1261 1213 2157 1331 allemn d lüth, damit plagen
1264 1303 1837 1404 vnd Rexieren wellen
1262 1400 2173 1526 Vnd als er endtlichen ouch befragt
1256 1497 2115 1608 b er der Hexen, Touber, vnnd
1263 1553 2233 1684 anderene Sagnerwärk vnderworffen
1243 1621 2212 1767 zeygt er an und züget hoch, das
1269 1719 2164 1829 er vsseit obgeschribnen pundten
1273 1787 2224 1882 vnd artielen, verneus, vnd wyters
1277 1868 1849 1971 gantz mezit wieße.
1255 1954 2195 2101 Bittet alß Nzgde umb gnad, vnd
1276 2041 2224 2166 veychung, mit sonderrm versprächen
1285 2109 2200 2233 thals er gnad erlangen wode. er
1276 2177 2227 2301 den tag synes lobegs sich
1282 2249 2314 2382 dergstalten besern und deß dagnen
1262 2302 2272 2423 also entziechen wollen. Das v gden ins
1310 2384 2197 2514 künfftig, ein gut vrnügen haben
1309 2486 1543 2578 sollinden.
1569 2564 1674 2685 N
1307 2573 2311 2714 dol fur ein ganze gmeind Walken, sonst
1313 2661 2278 2790 söner f gestelt wänen, daselbsten sin, das er
1308 2712 2285 2830 vn sy under gottis und Cchristenlicher obirkeit
1325 2767 2306 2885 gesdieter Maddalen der sezunl gefaltetc. bekeinn
1329 2842 2315 2963 und versprochen, das er sich dess sagnerwards
1322 2894 2341 3014 müsige und fürthid sich also verhalten, das
1308 2962 2338 3064 gott, da ein fromen oberkeit ein guct pingen
1306 3033 1667 3129 haben mögnnt.
2313 74 2379 158 74
