2376 3027
103 1496 175 1593 1
291 41 1192 166 zu mueßen, bätte ob Gott vnd
287 125 1202 239 E. g. vmb verzychung vnd dase
281 193 1156 291 sollich Getreidt dem Herren wider
272 266 1041 360 ersetzen vnd bezahlen wolle
256 338 1198 469 daß wyns halber ist er auch bekant,
270 450 1134 526 lich das sy etwan Ime bis zu die
257 494 1140 599 aunff maß zubracht habe aber
259 575 1150 670 den Knechten darzu nit geholffen.
258 646 1168 730 Ulli Müller der eine knecht ist zwen mo
257 716 1198 816 nat in das gmeine werck erkent worden.
263 988 1162 1131 vff Sambstag den 277 July dis 1622.
237 1098 1128 1196 schars zu bysyn und gegenwürthigkeit,
220 1157 1138 1261 deß Fromen, fursichtigen, Ersamen vnd
195 1212 1133 1333 Weysen Herren Vinrentz Spätigß, deß
260 1292 1197 1381 kleinen Rhats Sammel Stūrlers der bür¬
257 1350 1192 1451 geren, Nachans Kilchbergers Großweibels
262 1423 1173 1518 und etlicher weiblen in ger h und ober
242 1482 1108 1586 dieneren, hat Frantz Nägel, der
241 1561 1089 1646 Müller von Münchenwyler sunst
241 1613 1188 1724 pürtig unnehr Lousanna, hienorgehn
239 1683 1162 1770 dere yne verricht, vnd bekantnus noch¬
246 1753 1152 1830 malen zu Marzili bekent und mit
245 1808 1147 1922 der marter erhaltenund bestättiget.
235 1894 1168 1990 dass Namlich er der Müller, ein zrsach
248 1961 1170 2053 und deß herren von Wylers beide knechti
229 2026 1149 2137 der ein Cristen, der ander Ulli o da
232 2092 1159 2200 der eine jetz von der sach wegen alhie zu
232 2155 1117 2261 Schallenwerckh, angefrisen habe, das S
233 2231 1126 2323 nach mitlen trachten sollnit, wies
224 2291 1150 2395 Irem Herren vber das Kornhuß komen
231 2355 1121 2467 febrn daruß nemen, vnd Ine darnoch
220 2426 1150 2513 daselbige Zubringen könnnt, so welle
226 2502 1159 2590 er aldan inen, wyl sy auch mithin gelts
229 2560 1111 2667 mangelbar, gelt geben, welches dn v
217 2610 1173 2739 die leide Knechten gethan, einen schleißell
920 2710 1055 2805 zum
2116 45 2165 113 1
1415 79 2213 201 zum Kornhuß under den schlüßel
1417 141 2206 262 den Thorten deß schloßen, funde
1420 207 2206 324 durch deß Müllers sohnn byei
1429 270 2235 393 schloßer zu urchen, ein anderen
1423 350 2259 450 schlußell disem nach abmachen lar
1427 404 2305 518 nnd ye er der Mülder und
1420 473 2350 584 hern mit den beiden Knechten
1424 539 2325 625 und Ulle, hernach wan der herr und
1406 598 2366 716 de frouw zu Bernnn oder sunst zunach
1427 669 2322 771 an Irer rur gsin bis zu dzs Sechßte
1435 734 2332 830 mahl durch mittell des mus gemachten
1428 793 2316 909 schlüßelss in das kornhuß gangen unnd
1426 863 2287 970 dem Herren Korn daruß genomen
1422 936 2330 1020 sye aber in allem nit über siben mit
1415 992 2368 1080 an Meitzen vnd anderem gsiz, er erbuttet
1428 1052 2338 1131 sich aber dem Herren, sblliches zu synem
1416 1116 2047 1205 guten vernuegen zubezalen.
1410 1171 2297 1292 Er ist auch bekantlinh, das wan sy korn
1233 1212 1272 1269 4
1252 1246 2316 1351 y abgmant obgehörger smossen gefaßet habent, das
1241 1297 1320 1362 habe
1421 1298 2315 1408 Ullen der eine knecht sy solleit nit zu
1409 1362 2262 1459 vill nemen ouft werdetes der Herr
1414 1411 2348 1515 etwan gespüren, er der Müller zuegeant
1414 1483 2323 1582 wortet, es schade mit es werde doch dm
1762 1537 1930 1589 dem hr
1410 1545 2335 1640 Herren wider dan er es, Ime widerumb zu¬
1399 1613 1894 1696 lungswyß geben wolle
1403 1671 2304 1777 denne hat er auch bekent, wie das die beide
1390 1741 2337 1836 knechten ime dem Müller uß deß h Peller
1408 1807 2274 1898 bis zu die funffmoß rothen wyns vnd
1408 1860 2302 1965 deyen mahlen, dem h. Vnwüßent, zu
1393 1924 2259 2019 gebracht, und er Inen Zwenmol darzu
1399 1986 1800 2083 gefuechlet, habe.
1401 2062 2316 2175 stem hat ersond bekent, als vff ein zyn
1388 2142 2314 2241 ein gwüser landtman uß dem frybur
1391 2190 2267 2300 piet, etliches formn by Ime geronmlet
1391 2255 2305 2338 und der landtman uf der mül zun
1385 2310 2274 2427 Brunen gangen trinken, habe eh u
1398 2376 2274 2459 darzwuschen ein maß fernen venn
1384 2439 2250 2541 trüwet als aber der Bür wider z die
1386 2502 2277 2615 Muli komen und gespürt, dan ime
1391 2559 2292 2667 von synem Kornn ye genomen woren
