2468 3295
41 1780 194 1845 i ein mi
56 1833 200 1874 grabt und
63 1858 180 1909 nachwärte
277 63 1118 268 Clans Scharer vm Laugnom
237 204 1094 378 off montag den 8. septembris dis
239 294 1106 441 pb 23 jars. Im bysyn und gegen
224 352 1110 512 wurtigkeit der Ehrenuesten, E.fß
229 444 1138 585 herren, h Jacob Tillies deß Kleinen
233 514 1148 685 zhats, Bammel jennes de Burge
251 592 1128 725 Drs Leürels ammans (abwasenheit
226 673 1117 808 halber s Großweybel kilchbärger
236 747 1122 895 und etlicher weyblen mnyner ghhn
245 807 1071 922 und oberen dienstenetc. Hatt
230 903 1077 1012 Clans Scharer von Langnome
255 984 1091 1106 so zne Ugden gtatt eine zyt dahar ges
221 1053 1115 1162 arbeitet) nachuolgende deebstäl
221 1127 1088 1244 zu Marzili bekhendt, auch mit der
240 1208 1056 1311 Marter ehalten und bestättiget.
162 1324 1087 1488 lammlichen und deß ersten Haber
829 1444 906 1491 a
257 1437 1118 1585 mit hilf bendicht mo von Longna
256 1519 1113 1634 einem gwusen Landtman dasebst
235 1602 1074 1719 Ein Brunkesel (ly 33 lb schwar
256 1670 1091 1798 gestolen: Volgendts denselben Creuert
245 1747 1103 1870 malden It Vli Greber zu Langnoms
251 1788 1105 1931 verkaufft und imme das pfundt umb
255 1891 752 2011 5. batzen hingäben
157 1983 1069 2138 Dannethin im Otoß mit hilf
194 2067 1108 2228 Caspar Moses und einsin genamt
228 2138 1096 2280 Battlerbäntz, den 12 sonst nit bkeine
236 2194 1018 2377 einer gwüsen person, by acht
256 2249 1101 2435 maßen anken und 4 mas komn
255 2349 1043 2487 enthikt: Von welichem Ime
227 2397 1070 2556 Schäre 4 mags anken und zwög
247 2470 1060 2641 mans kone so er daheymein mit
236 2513 1089 2727 synene gsind verbrucht) worden syendt
2094 13 2182 61 120
1201 55 2151 281 sde müli zu Taub habee
1228 168 2156 324 nt hilf gemelten hattenbäntzen
1232 250 2118 398 wollen tuch, etliche stulen
1191 323 2038 529 gange. Wem uß einem deckli
1202 392 2112 563 wal und ein brot (so so mit
1205 459 2157 637 inanderen vebrucht) entfrömbdet,
1183 558 2069 726 des Tuch, vnd garne aber, dem
1182 623 2049 789 glinden Leken, (desten es gsing
1182 704 2120 870 ndeumb zu handen gstelt worden, soe
1191 842 2118 991 der Brüggumle zu Langnomp
1200 906 2107 1066 obemal mit hilf vatterbäntzen
1173 1010 2049 1179 uszwöyen selen möl genommen
1172 1077 2036 1238 dauon ime syne theyl worden.
1158 1274 2058 1416 Denne habe er zum Boch, Lueue
1151 1348 2020 1480 gebets) Einem Landtman ein
1169 1437 2064 1574 wagen entfürt, deswägen er dann
1168 1516 1964 1640 zu Diesbach gerfänklich ynzogen
1146 1585 1962 1704 dem junkh daselbst zu Bus
1170 1649 1941 1779 und Costen 15 l gäben, unnd
1161 1746 2064 1864 volgendts widerumb gan Langnome
1165 1815 1910 1925 gewisenc Der gestolnet
1134 1814 2049 2007 wagen aber, sye deme jenigen widerumb
1145 1944 2012 2085 zu synen handen gstelt worden.
1145 2069 2032 2222 Henes mit Hilk mosr Bäntzen
1157 2190 2031 2320 ein söügkalb (so Petter Rothenbärger
1150 2247 1950 2389 ander halden gsin) entzucht,
1150 2328 2025 2446 dasselbig mit einandern verbrucht,
1141 2405 1743 2507 und das thäl vegrabt
1123 2489 2032 2614 h Langnomp mit Hilf Moserbäüte
1141 2565 1959 2666 seinem landtman 4 mas Baltz
1130 2627 1997 2745 genomen, und synem theyl, vmb
1137 2705 1585 2831 anken vertuschet.
2289 90 2364 186 94
