2483 3011
185 54 1077 227 deß Eheenuesten etc. Herren dan
212 143 1068 268 Lerbers Burchl vnd deß klei
246 237 1074 352 hats h Milhelm von Dießbaen
229 298 1066 417 der burgeren Niclanns Kuchbergen
210 375 1060 513 Großweibels vnd etlicher Weills
239 439 1061 591 inguer g. h. vnd Oberen diener
235 512 1051 658 vff donstag den 24. Aprilis die
247 583 1053 714 Jars gegen Inen verrichtet, weid
226 677 1046 791 Vnd zuuorderst der Fryweibelh
827 769 1048 826 von wer
240 775 754 867 Michtrach, innamen
248 821 1042 921 deß Weibels zu Röttenbach, dem
262 883 1054 1002 es lybshalber zuerschynen nitung
271 964 1035 1055 lichn gsin verhört worden Der hat
269 1021 1053 1123 nn dem Maffli auch vnd mundt
278 1103 1052 1188 anzeigt, wie dz Imne der bewüste vmb
253 1163 1035 1272 diser leidigen sich halber anzuzeige
268 1236 1038 1325 befolchen habe. Nemlich wie das vn¬
271 1291 1032 1398 gfar vor zechen oder mehr Jarenn
268 1385 1036 1476 der Moffli sye zu ime komen uin
267 1430 1027 1536 Ime den lohn gäben, das er solle zu
265 1491 1038 1599 dem Hans Bachman gan und zur
583 1558 742 1608 Bachman
267 1572 1020 1658 anzeigen, ob er, wolle mit Zme
272 1636 1023 1720 vmb die usgelaßnen wortt, vnnd
276 1678 1002 1788 gezigne vnchristenliche that
267 1755 1013 1851 abschaffen, sonst wo nit welle er
266 1806 1011 1910 Ime Rechtlich Zur reparation hol¬
231 1867 1021 1977 Da dn er der weilel gangen und
257 1931 1031 2029 die sach gegen Bachman verrichtet
229 1993 1027 2093 Bachman aber habe ime weibel an
243 2041 1010 2174 zeigt, was er der schmelichen s
260 2111 1013 2224 halb von dem Mäffli gredt das m
260 2187 1010 2291 ernoch und er wolle von deswehle
263 2241 1001 2362 nit mit ime spruchen, sondern
244 2300 990 2410 Maffen, die word nit möhe ufft
297 2364 999 2479 wolle er ime das rechten s
247 2385 1009 2550 nbzugesten, dargeschlagen hab
241 2474 999 2591 vnd Ime Seibel dabÿ aūch den l
252 2548 1025 2671 hen dem Maffen ihmgegen s
235 2631 963 2719 bscherdt anzuzeigene und ooby
238 2669 977 2794 wle a er maffe ime das schoff
1184 -31 2148 146 in imme verwüestet bezoren solle.
1192 18 2153 216 lrb es Ime gsuhr sye, welchen deß Bach¬
1187 79 2179 294 mans bscheidt, er der weibel dem Maffen
1192 167 2174 352 underbracht, als nun Maffli
1182 240 2170 425 denselbigen verstandt, habe er Inne des
1179 319 2165 508 Weibel, wie er der sach thun solle vmb
1182 366 2130 581 ehat angesprochen, do haber er der
1172 484 2083 638 Weibel Ime den rhat geben, wan er
1162 522 2090 706 Maffli sach zu synem hertzen der sach
1184 597 2156 778 nit schuldig wuhe, solle er es dem Bach¬
1183 670 2080 849 man nit nechlaßen und es sye grad
1173 761 2155 918 morndes zu Röthenbuch gricht alda
1085 811 2107 987 snlhin er Inne citieren solle, wo er sach
1808 902 1845 948 b
1169 890 2092 1042 ab schuldig wühe, vnd des eutbracht
1077 949 1156 1014 rsisn
1082 996 1146 1045 füre.
1171 969 2124 1090 wurde, so werde man vff Inne gryffen,
1748 1026 2004 1092 aht habe1sac
1109 1039 1142 1096 he
1175 1071 1613 1131 daruff Moffli sich hinpesen
1082 1081 1159 1124 anwo
1170 1023 2081 1190 Welcheßen dan Mufhl das dies also
1171 1114 2092 1251 ergangen nit absyn können, daby ab
1157 1167 2058 1294 anzeigt, das er syner meiter, wie auch
1178 1242 2109 1374 anderer frunden, wie er der sach thun solle
1163 1295 2065 1436 auch rhat ghalten, die imme dan grathen
1166 1355 2082 1494 das wo er sich der gezignen sach nit schuldig
1163 1433 2023 1563 wihe, so werde es Ime Gott desto ehe
1162 1495 2096 1608 Eezigen haben, aber von des besten wegen
1171 1547 2070 1654 wyl er noch ein gunger gsehl und weder
1169 1598 2064 1711 alhis noch an einem anderen orth nützit
1147 1668 2085 1793 zuuerlieren habe, solle er ein zyglang
1170 1712 2041 1855 end abtrit nemen, sonderlich ob habe zu
1155 1788 2059 1906 syn muter anghalten hinweg zegan und
1165 1838 2051 1941 nit noch verneren Kumb anzustatten,
1169 1916 1302 1960 egen
1168 1873 2042 1991 dan, syn bridr undengst von begangner
1151 1936 2060 2081 bodoung wegen zu Ranflüe hingerichtet
1150 2004 2040 2120 worden, sy noch im kumb sye, wellichem
1152 2035 2046 2181 ghat er Maffli als ein gnng gstell gefolget.
1154 2113 1995 2237 und darben hinweg zogen sye, wüße
1152 2164 2008 2291 sich aber der gezignen sich ganz vnschulds
1126 2218 2030 2372 Eb glychwol imme der Hans Bachmans
1160 2269 2001 2400 nschmalen mit allen vmbstend, wi
1154 2330 1966 2477 er inne Maffli ob der that gsehes aber
1145 2375 2029 2509 vor schrecken und das er scher in ein ohnnacht
1146 2445 1946 2560 gfalfen nit über inne sschryen, dan er
1144 2480 1948 2642 vor schrecken ein zyiglang nit reden
1142 2525 2014 2673 ködwn mit allen umbsteind und anghe
