2138 3054
368 93 979 263 Jauli Schutz
345 209 1017 334 schumacher hat den 16.m
246 280 1022 410 16 27 uß gr g benelch e
251 371 1020 493 Ime hieuor dr Tidt von Star
253 453 1011 563 und landtgeben worden, das er
260 518 1023 662 glöbiger nit zubezolen gehen
242 625 1014 744 vnd ab denselbigen Eidt Co
267 713 1008 840 williger wyß vbertretten
266 813 1032 918 widerumb usgschworen von
224 865 1006 1005 Statt vnnd Landt ist zun
251 969 1003 1098 zu bs nechst zinstag geben
267 1070 421 1127 woren
233 1219 1019 1400 Ahastian Harte
273 1652 1020 1745 Demnach verschuner tagen von m
282 1710 1021 1819 den Eherichteren allhie, B. g fürgetragen
270 1775 1013 1892 wie das sy von dem herren obervogt
261 1840 1005 1944 uff Schenkenberg seyendt schrifftich berih
273 1905 1005 2031 tet worden wad gstalten sebastisnn
266 1976 990 2095 Hartman von Firnacheren syn ampt
276 2045 1009 2149 anghöriger, sich nit allein vor 10 oder 1
277 2103 981 2218 hren, sondern erst kürtzlichen auch zu
276 2154 1021 2273 schütznacht bereidt, das er Hans Ihs
257 2220 1013 2349 zu vilfacheren ehwyb beschlaffen, ouch
263 2271 1016 2395 Külliken fromwen zun unehren betrih
264 2346 995 2454 wellen, item das ser hienor etwas zu
257 2398 1019 2530 zu Sulz oteryhischen gepiet, daß
254 2451 990 2602 Schladters s dochter daselbsten, die ehr
254 2534 1003 2638 mutet, mit fürgeben, das er ein mitti
251 2615 1001 2700 er aber hingeger noch dahenmen wißb unnd
257 2651 999 2782 keilt gehert. Seine as er zu Beht
1042 478 1115 570 e
1127 152 1998 303 vond einem ehrsammen orgricht umb syn godt,
1144 237 2001 367 los vnnd Pppig leben vnnd Wesen seye alsein
1135 308 1982 442 hebrecher abgestrafft worden, Item das
1139 365 1993 481 nach dem er vonn Herhren Nederanten vnnd
1157 430 2009 552 einem forgricht zu seye von synes
1150 503 1997 620 sppigen wesenswegen für bescheiden, vnnd
1125 564 2025 682 darumb censuriert worden, habe er denselbig
1147 632 2024 755 gen uff ryb unnd leben getrönet unnd als
1149 709 2027 813 Ime hernach von glychen Ursachen wegen aber
1140 771 2012 880 malen für corgricht geroten worden, seye ser
1137 844 1959 946 inn solche wort ußbrochen, das er gredt, er
1138 900 2007 1009 welte lieber (Godt beware vns das der
1146 979 2000 1081 üfel den verdicanten nemme, den das er gann
1159 1047 1997 1141 Uken für orgricht wolte neben ann
1162 1108 1970 1190 deren godtlosen sachen die er verüet haben
1160 1166 1974 1243 solle mehr, wie dan Inn gemeltem für¬
1168 1231 1994 1335 trag wyshlöüffig ze sechen, unnd nach dem
1149 1291 1973 1395 Ime vonn Ehrengemelten i h einem Ehr
1177 1357 1998 1432 ainen corgricht der ein unnd andere qunsten
1175 1412 1952 1508 und artickel seye fürghalten worden unnd
1144 1473 2042 1549 Die warheit zubekennen ernstig vermant worden
1173 1536 1973 1620 eye er zwar etlicheren derselbigen gestendig
1172 1595 1982 1681 gin andere dann gar lechtlich versprochen.
1163 1654 1990 1739 allso das ein ersam forgricht nit daran kommen
1163 1709 1988 1808 mögen, sonders n g fürtragen laßen. adem
1171 1768 2018 1873 hochermelt v g die krichtigkeit befunden, der
1160 1835 1964 1937 vs der vnderen gfangenschafft, Iun die abere
1180 1893 1948 2019 gefürt, damit er ann gebürenden orten.
1174 1962 1977 2060 etwas necher die warheit zu bekennen befragen,
1157 2026 1957 2138 werde. Das ist nun uff Frtag denn 2i
1154 2088 2007 2180 Martii diß 1 lb 27 jarb gegen ime verricht
1186 2149 1935 2246 tet worden, der hadt inn bysyn vnnd
1169 2215 2054 2311 gegenwürtigkeit deß fromen fürnemen etc.
1168 2271 2039 2372 Herren Bath Fischers deß kleinen Raths Abra¬
1179 2330 2030 2439 Ham Stüelers der bfirgerer suman hieei
1157 2393 2031 2508 werd abwesenheit halber h Großweibels
1179 2466 1985 2568 unnd etlicher weiblen in g h und oberen
1139 2536 1998 2627 Dieneren zu Marzili nachdem imme mit
1462 2601 1505 2635 in
1044 2574 1950 2703 Setrönwen Marter sund ernsthafftigen worten die
1178 2649 1939 2753 Warheit zu bekennen vermant worden.
2011 44 2082 145 61
