2448 3248
200 100 1038 231 Dannothin habe er zu Grunematt
247 205 998 320 uß der Stampfi ein kocheten hirs
262 265 537 349 andtfwindet.
248 373 1083 513 Wytter zu Rohnbach uß der Stamp
267 466 740 582 ein ochterli Güosten,
232 612 1097 751 Bernners zu Eggesperg uß der stampb
137 697 204 764 2.
269 702 1064 814 etwas mehr, dan ein ochterli gersten
172 839 326 935 Letstli
254 863 1044 996 hemnach zu dorigen uß der stampfi
260 938 928 1061 ein halb mus hiesgrüntz genommen.
172 1128 1076 1262 Wil also vfberl Jezabgeläsnen artielen
249 1204 1089 1296 keiner anderer und vereren diebstalen
251 1265 1002 1358 in gantz keinen wäg nit gstendig
257 1319 1087 1407 noch bekhandtlich yn, mit hochem bethünn.
260 1365 726 1490 2 wyters nit pubt habe.
309 1457 956 1552 bittet und gden mit häylichem
333 1541 779 1614 Ruwen umb gnod,
492 1594 731 1686 Gychin
219 1658 1127 1810 Ist erstlich Lär, das 2 mal mit dem kleine
256 1742 1052 1832 stein, das 3 mol mit 2 steynen, und
236 1804 1053 1890 das 4 mal mit 3 angehankten steinen
625 1848 690 1891 lägen
242 1855 948 1951 allein vom boden ezogen woden.
227 2026 1092 2172 uff 29. aprilis 1624. ist Hans Rupen
241 2122 1037 2225 und Margret Allemand wegen irs
243 2177 1053 2274 begangenen dritten falas, mit dem
226 2233 1080 2355 eyd von ir gde hönden und gepieten
233 2288 1049 2422 verwisen. Imme Ruppen 19 tag zi.
223 2354 1045 2460 Iren aber (wyl sy gar nächig) ein
220 2424 852 2522 monat zil vergönt woren.
1287 -4 2119 113 Christen Brüggiman von
1336 69 2056 193 Rudlingen der Kilchöri Kilchdorfbärg
1218 153 2162 305 Wiewol uns Gott der Allmächtig, unser
1215 254 2159 359 aller Schöpfer, und erhalter, hin und wider in
1283 325 2162 424 synem Heyligen Göttlichen wort, so wol alten
1276 383 2162 480 als nüwen Testaments gantz ernstigklich
1277 450 2108 539 vermant: Das Sittenmalen wir
1274 506 2156 600 von uns selbs so schwach sind, das wir nit
1271 563 2173 660 ein eintzigen ougenblich bestan könnent noch
1276 628 2144 720 mögendt näben dem, unser abgesagter find
1260 681 2131 780 der Tüfel die wäld, ja ouch grad unser
1271 753 2190 849 eygen fleysch selbs, nit ufhört uns anzuofächten;
1259 804 2091 899 dannenhar und von desswegen dann
1249 866 2166 975 Christus der Herr, in synem gebätt under
1265 925 2102 1018 anderem ouch uns also glert sprächen,
1259 982 2096 1097 füre uns nit in versuochung: sonders
1265 1033 2165 1147 erlöse uns von dem bösen etc. So ist
1260 1096 2070 1215 doch soliches (Leyder) by vilen lüthen
1258 1150 2139 1256 nit umb souil bedänklich, denn das sich
1260 1212 2129 1335 äben iren vil, wider angezogne H. schrifft,
1234 1265 2142 1394 wüssentlich vergryffendt etc. Wie dann
1236 1324 2115 1461 Christen Brüggiman ein junger knab
1264 1398 2128 1506 von Rüdlingen der k. Kilchbärg, so vor disem von
1253 1453 2117 1591 keynem Bäten weys gwüsst, solichen Fälers halb
1247 1527 2100 1640 ynzogen, ouch mit einem Brichtschryben
1254 1582 2120 1695 von üch gnaden Amptman zuo Frouwbrunnen
1245 1633 2110 1777 gfänklich alhar gschickt etc. Und derhalben
1246 1698 2070 1840 uf Mitwuchen den 28. Aprilis diss
1241 1774 2041 1900 Louffenden 1624 jars, inn bywäsen
1240 1834 2112 1938 anhören und gegenwürtigkeit, dess
1247 1868 2135 2025 Ehrenuesten, frommen, fürnämmen, fürsichtigen
1243 1931 2125 2080 wolgeachten wysen Herren, Herrn Vincentz
1236 1996 2087 2134 Spättings dess kleinen Rhats, Cunnrad
1218 2047 2148 2210 Kilchbärgers der burgeren, Niclaus Kilch¬
1204 2130 2042 2266 bärgers Grossweybels, sampt etlicher
1217 2190 2131 2346 weyblen, miner gnädigen Herren und Oberen dieneren
1242 2252 2144 2383 eruorderlichen massen mit worten befragt,
1230 2326 1920 2445 und examiniert worden ist etc.
1187 2383 2092 2525 Der dann Harnachgeschribne, hoche
1234 2445 2128 2594 Schwäre, erschrokenliche, und abschüchliche
1246 2514 2111 2640 wider die H. Mayestat Gottes, gethane
1230 2558 2165 2700 sünden und misshandlungen etc. frywilligklich
1242 2647 1865 2754 verjächen, und bekhendt.
1901 2774 2101 2847 vertat.
2167 6 2230 102 157
