2356 3384
290 101 1038 247 Barbli Russegger von
372 187 995 321 Rudtlingen der k. Kilchbärg.
216 353 1144 494 Uff Cinstag den 4. tag Meyens
239 451 1110 567 diss gegenwürtigen 1624 jars, inn
248 512 1180 652 bywäsen anhören, und gägenwürtigkeyt
236 588 1174 723 wolgemelten Herren Vincentz Spätings
255 660 1135 787 dess kleynen Rhats: Imbert Pärsets
258 722 1109 841 der burgern, Niclaus Kilchbärgers
239 797 1123 913 Grossweybles, sampt etlicher weyblen
257 865 1137 996 miner gnädigen Herren und Obern dieneren: ist
231 934 1086 1046 Barbli Russegger von Rüdlingen
228 1007 1123 1115 der kilchori Kilchbärg, dess hieuorge¬
216 1081 1082 1180 schribnen Christen Brüggimans
224 1160 1103 1245 Muoter, uss beuälch üwer gnaden in der
225 1202 1116 1319 Mannenkefi allererstlich mit worten
267 1282 1035 1377 und betröüwung der Marter
251 1329 1130 1444 examiniert worden: welche aber,
261 1419 1053 1502 (ob glych wol ir Sun ira Hernach
276 1494 1098 1593 confrontiert, und under ougen erhalten,
241 1553 1070 1655 das er obgeschribne unthaten begangen,
257 1610 1130 1719 und er sy an zwöyen underschidenlichen
213 1683 1103 1781 versammlungen, mit dem Bösen Geyst
259 1738 1084 1826 tantzen sächen) weder dess einen
267 1806 1100 1890 2. 3. und vierten ira fürgehaltnen
239 1858 1076 1953 punctens, in gantz keynen wäg
259 1922 1103 2024 anred noch bekhantlich syn wellen.
294 2094 945 2221 Catherine Chablod von Ösch.
317 2267 1149 2359 Demnach uns als dan gegenwürtige Catherine
263 2326 1102 2425 Chablos von Ösch, sich kurtz abgelofener tagen, mit Abraham
264 2361 1146 2477 Mynod (welicher fromm ehman söligen im grad der geschwüsterten
265 2406 1094 2528 khinden gsipt, und verwant gsin) fleischlichen verstiefft,
274 2462 1118 2572 und vermischet, Also und dergstalten, ihr gnaden, Sya von
226 2500 1119 2629 desswegen an lyb, und läben zestraffen, mächtig und wollbefügt
259 2545 1143 2663 gsin werendt Man und aber sy zuo yeden und allen zyten
262 2602 1114 2704 vill mehr zuo gereden dan aber zuo strenge geneigt da so
252 2645 1102 2765 habend hoch, und wollermelt mine gnädigen Herren und Oberen innhälligklich
259 2685 1124 2799 erkent, und gesprochen, Dass man sy zuo wollverdienter
268 2724 1126 2844 iedoch gnädiger straf, ieder___klichen zuo nüwem ougenschyn¬
255 2775 1133 2892 lichen exempel, zwo stund lang an dass Halsysen stellen: und
253 2823 1117 2929 volgenndts in ihr heimat führenn, und wysen söllen. Actum den
247 2896 678 3006 8. Meyens, diss 1624 iahrs.
