2407 3228
60 469 102 544 21
83 130 1116 312 Letstlichen dem Herren Graf
225 235 1114 366 von Ensen, vor etwas abge¬
214 328 1038 436 flossner Zyt, auch ein schone
240 384 1049 501 gericht vr abgenommen, vnd
251 462 1059 602 folgendts dieselbige S. Hans
202 551 1049 672 Anthoni 8 Myngarten umb
239 623 1036 744 unn f verkoufft. Darnäbe
233 705 1047 820 aber vermält, er imme herren
208 775 1035 908 Grafen ein andere bessern
239 849 1028 980 mach und zurnsten welle.
189 985 1065 1118 Vnd wiewol Imme Rosenhald
229 1081 1026 1216 noch vnhalberlich artieelen
226 1178 1041 1275 das e namlichen underschidelichen
218 1254 1092 1375 prsonen, dis und Hans puntrüret
241 1311 1038 1451 solte haben) fürgehalten, und
235 1384 1054 1511 auch darüber enordelliger massen
895 1478 1065 1537 gate
224 1469 825 1576 Erammech woden
197 1523 1084 1645 doch vber letst: vnd hieuorge¬
188 1602 1051 1743 schribnen artiel, verners, vnd
189 1666 1065 1820 wyters zu keinen ung anzeigen,
235 1754 1017 1882 nochen vermalden er bellen.
184 1819 1021 1976 Mit höchstem bethuren, an
205 1913 1072 2043 synen dhopfer, er syn Consaris
203 1982 1001 2098 garz und gwüßee, gelediget
225 2045 1067 2162 und dnes in ganz keinen wäg
220 2135 616 2243 nüzu eubt habe.
28 2195 1046 2389 Bittet also nochmelen, Gott den
202 2277 1006 2403 Allerhöchsten vnd demnach syy
202 2349 1025 2469 krome vborkeyt vmb gnodige
200 2417 973 2541 verzychung, mit sondebarem
212 2461 1029 2621 versprachen, ahals ter synen kleinen
233 2539 960 2668 unerzognen kindera wideumb
211 2598 1020 2738 gschänkt wode. er sich degstalt
212 2670 1035 2806 halten dd tragen wolle, das vitz
221 2729 947 2868 syner schlächten prsan haben, in das
195 2788 978 2919 kunfftig, ein handtgriff, vnd
188 2860 971 2997 wurchhe besene gespüren
204 2954 677 3071 eferen sollend etc.
320 3002 847 3109 Ist 1 mal har ufzögen worden
1222 4 2035 178 Jacob Rolnhals hienorge
1457 113 1623 174 melt.
1194 166 2091 321 Wiewol derselbig uff drytag den 2
1191 226 2110 406 pellend, deß 1622. jary ime bewahen
1217 307 2114 466 bbstadt, nach einonderlich uttwendigkey
1182 371 2142 541 gamens und befragt. Hatt e das
1192 451 2142 583 olnes vnd trytts zu gantz keinen weg
1196 514 2056 670 Schächen noch bekhennen wellenn
1195 595 2094 729 deme das er verschien Zyts, S. Pettenn
1201 644 2100 770 ud frlach ein zeygweber so by 4 p wärt
1210 732 2103 860 abgenomen, denselben aber Ime noch
1205 820 1727 946 bißhar nit restitueret
1175 928 2088 1088 Deme Im Obelen Brättehüsli nach ein
1208 984 2046 1161 sißs genomen, denselben vmb ein
1196 1086 1854 1217 bewisten pfennig verkaufft
1166 1209 2067 1366 gfragt was die Vrsach, das er vor
1208 1294 2080 1403 etwas jaren mit Anthane schweyges
1197 1366 2027 1500 ehewyb, von bewüster sach wägen
1198 1436 1986 1558 aus Beyl, vnd marter gwellen.
1467 1517 1581 1594 Ant.
1190 1549 2058 1699 Das syn Meyster Anthan Schweyges
1183 1633 2083 1772 husfrouw, Ime gefangnen vnoblaßlich
1182 1700 1998 1811 fürgehalten, syn rosenfälds
1202 1762 1980 1903 ehewyb sye (mit ehren vor vgd
1193 1828 2000 1963 gmalden) ein Tirnen: Vnd die
1194 1897 2013 2019 Kind so er by Ira bezüget) vnehrlicher
1511 1950 2021 2052 Da habe er Ja Leyder
1192 1977 1338 2081 gebuet
1187 2021 2032 2135 In zorigem mit gredt, das er sya
1197 2071 2032 2198 beschlaffen, und Ira diß ats mächtig
1202 2148 1927 2275 worden sye: Wurde sich aber zu
1173 2188 1957 2329 der ewigkeyt in der warheit keinswags
1181 2230 2056 2409 efinder können, dann e Ira vnrrcht gethan habe
1161 2336 2072 2508 il also verner ime fürgehaltner artielen
1192 2395 1987 2531 hro gar keinen wäg nit geständig syn
1177 2525 1450 2626 Bittet alß
1177 2531 1992 2705 Ist das 1. mal Lär: das 2 mal mit
1157 2589 2004 2747 dem kleinen stein. Das 3tmal mit
1189 2645 2000 2814 zwöyen steynen und das er mal mit
1161 2705 2047 2886 dyen steynen schmärtzlich ufgezogen worden.
2088 -3 2154 76 147
2219 63 2325 148 704
