<?xml version="1.0" encoding="UTF-8" standalone="yes"?>
<PcGts xmlns="http://schema.primaresearch.org/PAGE/gts/pagecontent/2013-07-15" xmlns:xsi="http://www.w3.org/2001/XMLSchema-instance" xsi:schemaLocation="http://schema.primaresearch.org/PAGE/gts/pagecontent/2013-07-15 http://schema.primaresearch.org/PAGE/gts/pagecontent/2013-07-15/pagecontent.xsd">
    <Metadata>
        <Creator>prov=University of Rostock/Institute of Mathematics/CITlab|PLANET AI GmbH/Gundram Leifert/gundram.leifert@planet-ai.de:name=German_Kurrent_XVI-XVIII_M1(htr_id=19584)::::v=2.6.7
prov=University of Rostock/Institute of Mathematics/CITlab|PLANET AI GmbH/Tobias Gruening/tobias.gruening@planet-ai.de:name=de.uros.citlab.module.baseline2polygon.B2PSeamMultiOriented:v=2.6.7
prov=University of Rostock/Institute of Mathematics/CITlab|PLANET AI GmbH/Tobias Gruening/tobias.gruening@planet-ai.de:name=/net_tf/LA73_249_0mod360.pb:de.uros.citlab.segmentation.CITlab_LA_ML:v=2.6.6
prov=University of Rostock/Institute of Mathematics/CITlab|PLANET AI GmbH/Tobias Gruening/tobias.gruening@planet-ai.de:name=/net_tf/LA73_249_0mod360.pb:de.uros.citlab.segmentation.CITlab_LA_ML:v=2.6.6
Transkribus</Creator>
        <Created>2020-09-22T11:08:50.303+02:00</Created>
        <LastChange>2022-09-12T14:30:12.100+02:00</LastChange>
        <TranskribusMetadata docId="1334812" pageId="52359244" pageNr="98" tsid="114640961" status="IN_PROGRESS" userId="9570" imgUrl="https://files.transkribus.eu/Get?id=ADXNXBPARLTHJXBDSIAICPIB&amp;fileType=view" xmlUrl="https://files.transkribus.eu/Get?id=JQRLTJSZIFRXORCNAKENRGGY" imageId="15435826"/>
    </Metadata>
    <Page imageFilename="Turmbuch 1622_00098-20200922_101226.jpg" imageWidth="2133" imageHeight="3129">
        <ReadingOrder>
            <OrderedGroup id="ro_1687513809225" caption="Regions reading order">
                <RegionRefIndexed index="0" regionRef="r1"/>
                <RegionRefIndexed index="1" regionRef="r2"/>
                <RegionRefIndexed index="2" regionRef="r3"/>
            </OrderedGroup>
        </ReadingOrder>
        <TextRegion orientation="0.0" id="r1" custom="readingOrder {index:0;}">
            <Coords points="183,107 183,2868 1017,2868 1017,107"/>
            <TextLine id="r1l1" custom="readingOrder {index:0;}">
                <Coords points="216,164 400,148 477,190 621,149 818,212 889,198 965,257 972,185 865,165 834,134 742,141 631,95 588,116 503,83 445,81 382,117 343,89 224,85"/>
                <Baseline points="225,140 261,140 298,140 335,138 372,138 409,138 446,138 482,138 519,140 556,141 593,144 630,147 667,151 704,156 740,161 777,169 814,178 851,187 888,197 925,210 962,225"/>
                <TextEquiv>
                    <Unicode>verloren, do habe er hernach</Unicode>
                </TextEquiv>
            </TextLine>
            <TextLine id="r1l2" custom="readingOrder {index:1;}">
                <Coords points="247,238 629,217 874,277 929,270 932,230 889,206 726,209 584,161 529,190 432,175 352,193 253,156"/>
                <Baseline points="254,213 287,213 320,213 354,213 387,213 421,213 454,212 488,212 521,212 555,213 588,213 621,215 655,217 688,221 722,225 755,230 789,236 822,243 856,254 889,264 923,276"/>
                <TextEquiv>
                    <Unicode>frouwen mit dem gelt</Unicode>
                </TextEquiv>
            </TextLine>
            <TextLine id="r1l3" custom="readingOrder {index:2;}">
                <Coords points="895,305 904,305 915,313 932,308 950,328 967,327 976,261 965,258 954,262 940,259 923,272 914,266 901,264"/>
                <Baseline points="905,282 935,282 966,290"/>
                <TextEquiv>
                    <Unicode>die</Unicode>
                </TextEquiv>
            </TextLine>
            <TextLine id="r1l4" custom="readingOrder {index:3;}">
                <Coords points="236,313 332,324 397,300 519,333 576,295 949,355 935,306 854,298 762,247 684,261 649,227 405,271 298,232 241,238"/>
                <Baseline points="243,290 278,290 313,291 348,291 383,290 418,290 453,290 488,290 523,290 558,291 593,291 628,293 663,294 698,297 733,301 768,307 803,312 838,318 873,326 908,335 944,347"/>
                <TextEquiv>
                    <Unicode>zezolen geschickt, Sölle ab</Unicode>
                </TextEquiv>
            </TextLine>
            <TextLine id="r1l5" custom="readingOrder {index:4;}">
                <Coords points="213,359 347,388 516,363 669,401 712,371 980,442 965,378 644,349 573,292 475,347 216,318"/>
                <Baseline points="219,365 256,365 294,363 332,363 370,363 408,362 445,362 483,362 521,362 559,363 597,363 634,365 672,368 710,371 748,376 786,380 823,387 861,395 899,404 937,416 975,428"/>
                <TextEquiv>
                    <Unicode>Vecheren anzeugen, das er et</Unicode>
                </TextEquiv>
            </TextLine>
            <TextLine id="r1l6" custom="readingOrder {index:5;}">
                <Coords points="236,442 375,435 405,455 485,431 547,476 724,449 838,495 950,502 964,432 822,419 768,390 669,413 445,379 363,401 239,389"/>
                <Baseline points="242,435 277,434 313,432 348,432 384,432 420,432 455,432 491,432 526,432 562,434 598,435 633,437 669,440 704,444 740,448 776,453 811,459 847,465 882,472 918,482 954,491"/>
                <TextEquiv>
                    <Unicode>Vinigs vych gnetzget, de</Unicode>
                </TextEquiv>
            </TextLine>
            <TextLine id="r1l7" custom="readingOrder {index:6;}">
                <Coords points="244,533 297,514 406,538 475,513 504,540 559,524 606,558 651,537 711,559 748,531 946,572 948,530 799,500 757,469 588,494 500,451 430,477 250,451"/>
                <Baseline points="252,503 286,505 320,506 355,508 389,509 424,510 458,510 493,512 527,512 562,513 596,515 630,515 665,517 699,520 734,522 768,526 803,530 837,536 872,543 906,550 941,558"/>
                <TextEquiv>
                    <Unicode>ob beser fleisch ghan dan</Unicode>
                </TextEquiv>
            </TextLine>
            <TextLine id="r1l8" custom="readingOrder {index:7;}">
                <Coords points="238,606 555,589 646,615 697,593 945,641 997,675 1002,609 933,587 782,583 737,554 577,569 449,525 244,532"/>
                <Baseline points="246,582 283,584 320,585 358,585 395,585 432,585 470,585 507,585 544,584 582,585 619,585 656,587 694,590 731,593 768,596 806,602 843,609 880,618 918,628 955,639 993,654"/>
                <TextEquiv>
                    <Unicode>ki, vnd ehr möge. Ime wol i</Unicode>
                </TextEquiv>
            </TextLine>
            <TextLine id="r1l9" custom="readingOrder {index:8;}">
                <Coords points="234,710 320,670 404,701 513,659 605,681 744,668 989,738 994,658 842,662 773,616 693,649 654,611 579,596 511,636 409,614 319,637 240,606"/>
                <Baseline points="243,660 280,660 317,660 354,660 391,660 428,659 465,659 502,659 539,659 576,659 613,659 650,661 687,663 724,666 761,669 798,675 835,681 872,689 909,698 946,709 984,722"/>
                <TextEquiv>
                    <Unicode>synen halben Grlūrt nachlas</Unicode>
                </TextEquiv>
            </TextLine>
            <TextLine id="r1l10" custom="readingOrder {index:9;}">
                <Coords points="236,743 461,731 499,762 559,728 1010,819 1014,759 953,762 869,702 824,723 743,670 649,711 573,663 424,707 370,677 290,714 239,705"/>
                <Baseline points="243,731 281,729 319,729 357,729 395,728 433,728 471,728 509,728 547,728 585,730 623,731 661,733 699,737 737,740 775,747 813,752 851,760 889,769 927,779 965,791 1004,806"/>
                <TextEquiv>
                    <Unicode>das er den gutwillig gethan, u</Unicode>
                </TextEquiv>
            </TextLine>
            <TextLine id="r1l11" custom="readingOrder {index:10;}">
                <Coords points="229,823 268,839 327,810 482,808 557,839 687,812 778,882 859,870 956,912 1005,902 1012,818 937,818 904,781 755,799 700,758 628,770 548,731 444,784 233,765"/>
                <Baseline points="237,797 275,800 313,802 351,804 389,804 428,804 466,804 504,804 542,804 580,806 619,807 657,809 695,810 733,813 771,818 810,825 848,833 886,841 924,853 962,866 1001,882"/>
                <TextEquiv>
                    <Unicode>ira noch darzu dür schmitz herre</Unicode>
                </TextEquiv>
            </TextLine>
            <TextLine id="r1l12" custom="readingOrder {index:11;}">
                <Coords points="237,896 441,931 503,902 534,929 610,912 695,928 697,869 622,866 586,846 506,861 423,846 362,861 313,830 272,865 238,864"/>
                <Baseline points="243,878 269,878 295,878 321,879 348,879 374,879 400,879 427,879 453,881 479,881 505,882 532,882 558,884 584,884 611,885 637,887 663,889 690,890"/>
                <TextEquiv>
                    <Unicode>zutragen geben.</Unicode>
                </TextEquiv>
            </TextLine>
            <TextLine id="r1l13" custom="readingOrder {index:12;} place {offset:16; length:9;}">
                <Coords points="213,1006 319,970 353,989 394,969 540,980 567,1001 623,979 696,1014 798,995 855,1040 888,1014 941,1025 944,969 812,926 665,951 610,927 493,947 425,924 361,946 219,887"/>
                <Baseline points="221,965 256,965 292,966 328,966 364,968 399,968 435,968 471,968 507,969 542,970 578,971 614,972 650,974 685,976 721,979 757,982 793,986 828,990 864,996 900,1003 936,1010"/>
                <TextEquiv>
                    <Unicode>Das er einem Im Fürtryben</Unicode>
                </TextEquiv>
            </TextLine>
            <TextLine id="r1l14" custom="readingOrder {index:13;}">
                <Coords points="941,1042 954,1045 969,1038 977,1044 997,1045 1001,1050 1007,1047 1017,1050 1023,1005 1017,1004 1002,985 993,983 979,967 972,969 967,966 963,969 958,962 953,961"/>
                <Baseline points="951,1016 982,1022 1014,1025"/>
                <TextEquiv>
                    <Unicode>12</Unicode>
                </TextEquiv>
            </TextLine>
            <TextLine id="r1l15" custom="readingOrder {index:14;} place {offset:0; length:7;}">
                <Coords points="217,1048 384,1088 488,1045 575,1051 627,1089 709,1060 1008,1103 988,1044 895,1052 733,995 593,1022 480,976 355,1012 269,988 220,1003"/>
                <Baseline points="224,1035 262,1035 301,1035 340,1035 379,1035 418,1035 457,1035 496,1036 535,1037 574,1037 613,1038 651,1040 690,1041 729,1045 768,1048 807,1053 846,1058 885,1063 924,1071 963,1078 1002,1088"/>
                <TextEquiv>
                    <Unicode>Oberwyl ein schaffgenomen, vnd</Unicode>
                </TextEquiv>
            </TextLine>
            <TextLine id="r1l16" custom="readingOrder {index:15;}">
                <Coords points="242,1112 365,1134 394,1109 530,1129 574,1111 868,1166 918,1141 965,1174 984,1096 940,1117 901,1080 846,1109 745,1079 553,1088 488,1046 387,1088 357,1062 245,1062"/>
                <Baseline points="249,1097 285,1098 321,1099 357,1100 394,1100 430,1101 466,1101 503,1103 539,1103 575,1104 612,1106 648,1109 684,1110 720,1113 757,1117 793,1120 829,1125 866,1131 902,1137 938,1145 975,1152"/>
                <TextEquiv>
                    <Unicode>mit syner truppen heimgfür</Unicode>
                </TextEquiv>
            </TextLine>
            <TextLine id="r1l17" custom="readingOrder {index:16;}">
                <Coords points="245,1180 302,1170 355,1210 451,1181 582,1231 640,1195 757,1213 802,1190 1009,1246 1013,1184 932,1180 901,1150 847,1175 565,1123 526,1145 458,1121 248,1141"/>
                <Baseline points="252,1163 289,1167 327,1170 364,1173 402,1175 440,1175 477,1176 515,1176 552,1176 590,1177 628,1178 665,1178 703,1181 740,1182 778,1186 816,1189 853,1194 891,1201 928,1210 966,1219 1004,1233"/>
                <TextEquiv>
                    <Unicode>vnd gmetzget, vernemet erde</Unicode>
                </TextEquiv>
            </TextLine>
            <TextLine id="r1l18" custom="readingOrder {index:17;}">
                <Coords points="238,1254 362,1239 542,1284 681,1260 800,1302 891,1271 924,1299 1010,1305 1014,1245 932,1257 853,1215 765,1230 679,1193 509,1229 430,1182 333,1223 242,1198"/>
                <Baseline points="246,1230 283,1233 321,1237 359,1240 397,1241 435,1243 473,1244 511,1245 549,1245 587,1247 625,1248 662,1249 700,1251 738,1253 776,1257 814,1261 852,1265 890,1272 928,1279 966,1288 1004,1299"/>
                <TextEquiv>
                    <Unicode>bis allerdingen vnd referiert</Unicode>
                </TextEquiv>
            </TextLine>
            <TextLine id="r1l19" custom="readingOrder {index:18;}">
                <Coords points="228,1344 336,1316 425,1347 535,1328 603,1352 645,1330 989,1394 1010,1322 972,1336 896,1294 794,1306 697,1265 554,1291 449,1269 382,1291 268,1254 233,1272"/>
                <Baseline points="237,1296 275,1300 313,1304 351,1307 389,1310 428,1311 466,1313 504,1314 542,1316 580,1317 619,1319 657,1321 695,1323 733,1326 771,1329 810,1333 848,1338 886,1344 924,1351 962,1359 1001,1370"/>
                <TextEquiv>
                    <Unicode>deselben halb uff her schult- Hosf</Unicode>
                </TextEquiv>
            </TextLine>
            <TextLine id="r1l20" custom="readingOrder {index:19;}">
                <Coords points="230,1370 270,1385 290,1375 322,1385 339,1380 367,1389 379,1402 393,1401 427,1387 431,1352 371,1340 346,1320 335,1328 325,1323 301,1341 273,1339 257,1349 232,1346"/>
                <Baseline points="237,1358 263,1362 289,1366 316,1367 342,1370 369,1371 395,1373 422,1377"/>
                <TextEquiv>
                    <Unicode>mester.</Unicode>
                </TextEquiv>
            </TextLine>
            <TextLine id="r1l21" custom="readingOrder {index:20;} person {offset:17; length:11;}">
                <Coords points="182,1481 290,1484 358,1521 426,1497 467,1529 607,1492 941,1518 987,1508 989,1452 937,1435 853,1468 730,1424 529,1445 276,1382 185,1395"/>
                <Baseline points="188,1467 227,1469 267,1470 306,1470 346,1473 386,1474 425,1475 465,1476 505,1478 544,1479 584,1481 624,1482 663,1484 703,1485 743,1487 782,1488 822,1491 862,1493 901,1496 941,1498 981,1500"/>
                <TextEquiv>
                    <Unicode>Ist bekantlich von Cristen Arn</Unicode>
                </TextEquiv>
            </TextLine>
            <TextLine id="r1l22" custom="readingOrder {index:21;}">
                <Coords points="194,1552 362,1549 444,1595 553,1547 613,1584 799,1560 961,1605 1006,1598 1011,1498 941,1519 790,1500 755,1528 462,1530 290,1499 195,1518"/>
                <Baseline points="201,1533 241,1536 281,1538 321,1541 361,1542 401,1543 441,1544 481,1545 521,1547 561,1547 601,1548 641,1549 681,1551 721,1551 761,1554 801,1557 841,1560 881,1563 921,1566 961,1573 1001,1578"/>
                <TextEquiv>
                    <Unicode>vmb 24 x voch erkaufft zuh</Unicode>
                </TextEquiv>
            </TextLine>
            <TextLine id="r1l23" custom="readingOrder {index:22;}">
                <Coords points="191,1603 1011,1652 1013,1612 976,1595 950,1611 828,1573 575,1605 307,1571 266,1543 194,1556"/>
                <Baseline points="198,1590 238,1596 278,1599 319,1603 359,1605 399,1607 440,1609 480,1611 520,1613 561,1614 601,1616 641,1617 682,1617 722,1619 762,1621 803,1623 843,1626 883,1628 924,1632 964,1636 1005,1640"/>
                <TextEquiv>
                    <Unicode>Vnd Inne darumb an Amankä¬</Unicode>
                </TextEquiv>
            </TextLine>
            <TextLine id="r1l24" custom="readingOrder {index:23;}">
                <Coords points="252,1666 501,1675 593,1721 625,1701 682,1727 756,1691 856,1728 913,1702 1007,1716 1010,1662 899,1674 787,1648 751,1676 552,1634 502,1655 291,1646 255,1617"/>
                <Baseline points="258,1655 295,1659 332,1663 369,1667 406,1670 444,1673 481,1676 518,1679 555,1680 592,1682 630,1685 667,1687 704,1688 741,1690 778,1692 816,1694 853,1695 890,1697 927,1698 964,1700 1002,1701"/>
                <TextEquiv>
                    <Unicode>serman verstoßen, der desen wol</Unicode>
                </TextEquiv>
            </TextLine>
            <TextLine id="r1l25" custom="readingOrder {index:24;}">
                <Coords points="236,1744 390,1737 439,1779 502,1766 545,1798 632,1806 743,1767 909,1772 939,1805 972,1776 1010,1784 1013,1745 917,1721 847,1746 774,1696 718,1724 595,1718 497,1675 395,1704 241,1656"/>
                <Baseline points="243,1722 281,1727 319,1733 357,1738 395,1741 433,1745 471,1749 509,1751 547,1755 585,1757 624,1760 662,1761 700,1763 738,1764 776,1766 814,1767 852,1767 890,1769 928,1769 966,1769 1005,1769"/>
                <TextEquiv>
                    <Unicode>zufridn gsen. Vmb den Vber¬</Unicode>
                </TextEquiv>
            </TextLine>
            <TextLine id="r1l26" custom="readingOrder {index:25;}">
                <Coords points="233,1822 304,1850 371,1810 499,1842 591,1822 753,1850 944,1840 974,1865 1016,1852 1019,1806 988,1791 930,1819 821,1771 727,1768 671,1803 558,1805 503,1766 399,1800 316,1742 235,1768"/>
                <Baseline points="240,1793 278,1797 317,1801 355,1804 394,1808 432,1811 471,1814 509,1816 548,1818 586,1821 625,1823 664,1824 702,1826 741,1827 779,1829 818,1830 856,1830 895,1832 933,1833 972,1834 1011,1835"/>
                <TextEquiv>
                    <Unicode>rest, der an Aman Käsermanhe¬</Unicode>
                </TextEquiv>
            </TextLine>
            <TextLine id="r1l27" custom="readingOrder {index:26;}">
                <Coords points="233,1876 362,1871 610,1925 665,1895 746,1930 799,1902 1007,1912 1010,1854 971,1866 937,1842 725,1878 588,1852 524,1867 449,1831 411,1857 236,1830"/>
                <Baseline points="240,1859 278,1864 316,1868 354,1873 392,1877 430,1880 468,1884 506,1886 544,1889 582,1890 621,1892 659,1894 697,1896 735,1896 773,1898 811,1898 849,1899 887,1899 925,1899 963,1899 1002,1899"/>
                <TextEquiv>
                    <Unicode>benden vordertung, habe der Ama</Unicode>
                </TextEquiv>
            </TextLine>
            <TextLine id="r1l28" custom="readingOrder {index:27;}">
                <Coords points="236,1947 313,1940 377,1972 901,1976 951,1998 1010,1978 1013,1930 991,1925 951,1947 782,1917 662,1955 456,1890 240,1884"/>
                <Baseline points="243,1923 281,1929 319,1935 357,1940 395,1944 433,1949 471,1953 509,1955 547,1958 585,1961 624,1962 662,1964 700,1966 738,1967 776,1968 814,1968 852,1968 890,1968 928,1968 966,1968 1005,1968"/>
                <TextEquiv>
                    <Unicode>imme Bindr 3 rund verwilliget</Unicode>
                </TextEquiv>
            </TextLine>
            <TextLine id="r1l29" custom="readingOrder {index:28;}">
                <Coords points="235,2027 424,2015 493,2049 642,2064 705,2035 782,2071 862,2039 1016,2048 1019,2001 819,2022 691,1970 612,2008 240,1948"/>
                <Baseline points="243,1988 281,1993 319,1998 358,2003 396,2006 435,2011 473,2015 511,2018 550,2021 588,2024 627,2026 665,2028 703,2031 742,2031 780,2033 819,2033 857,2033 895,2033 934,2033 972,2031 1011,2030"/>
                <TextEquiv>
                    <Unicode>solle die Metzgen, vnd zue hernach</Unicode>
                </TextEquiv>
            </TextLine>
            <TextLine id="r1l30" custom="readingOrder {index:29;}">
                <Coords points="221,2062 374,2092 421,2133 545,2091 723,2137 876,2099 940,2121 944,2057 854,2085 664,2051 522,2076 472,2052 417,2066 225,1994"/>
                <Baseline points="227,2055 262,2061 297,2065 333,2071 368,2074 404,2078 439,2082 475,2085 510,2089 546,2091 581,2094 616,2095 652,2097 687,2099 723,2099 758,2100 794,2100 829,2100 865,2100 900,2099 936,2099"/>
                <TextEquiv>
                    <Unicode>drumb gaben was sy warth</Unicode>
                </TextEquiv>
            </TextLine>
            <TextLine id="r1l31" custom="readingOrder {index:30;}">
                <Coords points="233,2149 279,2135 484,2184 616,2157 765,2194 910,2168 993,2184 1018,2115 964,2141 895,2100 787,2143 583,2116 417,2138 378,2097 311,2108 236,2064"/>
                <Baseline points="239,2127 277,2132 316,2136 354,2141 393,2145 431,2148 470,2150 508,2154 547,2156 585,2159 624,2161 663,2162 701,2163 740,2163 778,2165 817,2164 855,2163 894,2163 932,2160 971,2159 1010,2157"/>
                <TextEquiv>
                    <Unicode>hernoch nun habe er die Kind grecht</Unicode>
                </TextEquiv>
            </TextLine>
            <TextLine id="r1l32" custom="readingOrder {index:31;}">
                <Coords points="225,2197 430,2213 515,2247 559,2217 592,2243 800,2233 836,2259 895,2233 960,2270 1021,2248 1024,2204 973,2173 901,2210 859,2188 796,2213 742,2182 709,2205 620,2160 555,2202 502,2181 468,2199 228,2126"/>
                <Baseline points="231,2184 270,2190 309,2195 348,2200 388,2204 427,2209 466,2212 506,2216 545,2218 584,2221 624,2223 663,2225 702,2228 741,2228 781,2229 820,2229 859,2229 899,2228 938,2227 977,2225 1017,2223"/>
                <TextEquiv>
                    <Unicode>er saman sye aber mit anheinischs</Unicode>
                </TextEquiv>
            </TextLine>
            <TextLine id="r1l33" custom="readingOrder {index:32;}">
                <Coords points="220,2301 327,2270 592,2318 774,2304 800,2329 892,2287 997,2301 999,2264 703,2281 574,2233 405,2237 352,2202 224,2198"/>
                <Baseline points="227,2259 265,2263 303,2267 341,2270 380,2274 418,2276 456,2280 494,2283 533,2285 571,2289 609,2291 647,2292 686,2294 724,2294 762,2295 800,2294 839,2294 877,2292 915,2291 953,2287 992,2283"/>
                <TextEquiv>
                    <Unicode>sonders nur die Frome, die desen</Unicode>
                </TextEquiv>
            </TextLine>
            <TextLine id="r1l34" custom="readingOrder {index:33;}">
                <Coords points="222,2327 382,2364 446,2351 478,2385 927,2363 1000,2404 991,2319 825,2353 785,2314 714,2301 454,2312 286,2268 223,2299"/>
                <Baseline points="228,2322 266,2330 304,2336 343,2341 381,2345 420,2349 458,2353 496,2356 535,2357 573,2359 612,2360 650,2361 688,2361 727,2361 765,2361 804,2361 842,2360 880,2360 919,2358 957,2357 996,2355"/>
                <TextEquiv>
                    <Unicode>wel sfridi gsin und der Aman auh</Unicode>
                </TextEquiv>
            </TextLine>
            <TextLine id="r1l35" custom="readingOrder {index:34;} person {offset:10; length:5;}">
                <Coords points="219,2412 778,2448 838,2425 912,2438 993,2399 922,2378 846,2411 798,2387 665,2414 526,2371 441,2408 378,2360 308,2394 220,2364"/>
                <Baseline points="225,2393 263,2398 301,2404 339,2409 377,2412 415,2416 453,2418 491,2421 529,2423 567,2424 605,2425 643,2426 681,2426 719,2426 757,2424 795,2424 833,2423 871,2421 909,2419 947,2417 986,2415"/>
                <TextEquiv>
                    <Unicode>Inmaßen vdr Alman Ime Bin</Unicode>
                </TextEquiv>
            </TextLine>
            <TextLine id="r1l36" custom="readingOrder {index:35;}">
                <Coords points="213,2479 438,2492 466,2518 671,2498 712,2531 788,2502 847,2537 903,2497 959,2511 1002,2461 947,2426 851,2478 718,2484 639,2426 488,2465 385,2420 214,2415"/>
                <Baseline points="219,2459 257,2465 296,2471 335,2477 374,2481 413,2484 452,2489 490,2492 529,2493 568,2496 607,2497 646,2498 685,2498 724,2498 762,2496 801,2496 840,2493 879,2491 918,2488 957,2484 996,2480"/>
                <TextEquiv>
                    <Unicode>hennach mehr Kindr geben, alß d</Unicode>
                </TextEquiv>
            </TextLine>
            <TextLine id="r1l37" custom="readingOrder {index:36;}">
                <Coords points="217,2536 664,2592 809,2570 894,2600 956,2552 1007,2554 1008,2516 972,2529 930,2504 772,2558 691,2526 607,2549 549,2522 504,2546 418,2490 218,2508"/>
                <Baseline points="224,2529 262,2534 301,2538 340,2542 379,2547 418,2550 457,2555 496,2558 535,2561 574,2564 613,2566 651,2567 690,2568 729,2568 768,2568 807,2566 846,2562 885,2559 924,2554 963,2548 1002,2540"/>
                <TextEquiv>
                    <Unicode>sr kinder do dem aman schulich</Unicode>
                </TextEquiv>
            </TextLine>
            <TextLine id="r1l38" custom="readingOrder {index:37;}">
                <Coords points="213,2604 365,2611 404,2644 519,2635 553,2664 705,2638 745,2668 955,2629 999,2583 857,2612 778,2575 638,2611 475,2603 289,2584 214,2532"/>
                <Baseline points="219,2594 257,2600 296,2605 334,2610 373,2614 412,2618 450,2622 489,2626 528,2630 566,2631 605,2634 644,2636 682,2636 721,2636 760,2634 798,2632 837,2628 876,2624 914,2619 953,2612 992,2604"/>
                <TextEquiv>
                    <Unicode>wor. Vnd habe der Amgng</Unicode>
                </TextEquiv>
            </TextLine>
            <TextLine id="r1l39" custom="readingOrder {index:38;}">
                <Coords points="188,2683 381,2683 520,2741 577,2704 735,2746 833,2704 875,2734 954,2690 1003,2721 1005,2648 893,2644 776,2687 671,2675 611,2636 553,2665 473,2630 410,2660 334,2607 190,2614"/>
                <Baseline points="195,2657 235,2662 275,2667 315,2672 355,2676 396,2681 436,2685 476,2690 516,2694 556,2698 597,2700 637,2703 677,2705 717,2705 757,2704 798,2701 838,2699 878,2694 918,2688 958,2680 999,2670"/>
                <TextEquiv>
                    <Unicode>vnd vie 24. E. gegen Go</Unicode>
                </TextEquiv>
            </TextLine>
            <TextLine id="r1l40" custom="readingOrder {index:39;}">
                <Coords points="195,2717 346,2798 434,2768 630,2811 797,2776 869,2807 992,2746 994,2722 709,2764 593,2714 526,2757 272,2676 196,2692"/>
                <Baseline points="201,2718 240,2725 279,2732 318,2738 358,2745 397,2751 436,2758 476,2763 515,2768 554,2772 594,2776 633,2779 672,2781 711,2781 751,2780 790,2778 829,2775 869,2769 908,2763 947,2755 987,2744"/>
                <TextEquiv>
                    <Unicode>wndr angrechnet, di er auch de</Unicode>
                </TextEquiv>
            </TextLine>
            <TextLine id="r1l41" custom="readingOrder {index:40;}">
                <Coords points="174,2823 321,2798 692,2886 733,2857 789,2870 989,2824 984,2783 723,2835 688,2802 616,2826 464,2813 413,2772 367,2796 227,2744 179,2756"/>
                <Baseline points="183,2778 223,2785 263,2792 303,2799 343,2807 383,2814 423,2821 463,2828 503,2836 543,2841 583,2847 623,2850 663,2853 703,2853 743,2853 783,2852 823,2848 863,2843 903,2836 943,2825 984,2813"/>
                <TextEquiv>
                    <Unicode>Dem eutwillig bezalen, welle</Unicode>
                </TextEquiv>
            </TextLine>
            <TextEquiv>
                <Unicode>verloren, do habe er hernach
frouwen mit dem gelt
die
zezolen geschickt, Sölle ab
Vecheren anzeugen, das er et
Vinigs vych gnetzget, de
ob beser fleisch ghan dan
ki, vnd ehr möge. Ime wol i
synen halben Grlūrt nachlas
das er den gutwillig gethan, u
ira noch darzu dür schmitz herre
zutragen geben.
Das er einem Im Fürtryben
12
Oberwyl ein schaffgenomen, vnd
mit syner truppen heimgfür
vnd gmetzget, vernemet erde
bis allerdingen vnd referiert
deselben halb uff her schult- Hosf
mester.
Ist bekantlich von Cristen Arn
vmb 24 x voch erkaufft zuh
Vnd Inne darumb an Amankä¬
serman verstoßen, der desen wol
zufridn gsen. Vmb den Vber¬
rest, der an Aman Käsermanhe¬
benden vordertung, habe der Ama
imme Bindr 3 rund verwilliget
solle die Metzgen, vnd zue hernach
drumb gaben was sy warth
hernoch nun habe er die Kind grecht
er saman sye aber mit anheinischs
sonders nur die Frome, die desen
wel sfridi gsin und der Aman auh
Inmaßen vdr Alman Ime Bin
hennach mehr Kindr geben, alß d
sr kinder do dem aman schulich
wor. Vnd habe der Amgng
vnd vie 24. E. gegen Go
wndr angrechnet, di er auch de
Dem eutwillig bezalen, welle</Unicode>
            </TextEquiv>
        </TextRegion>
        <TextRegion orientation="0.0" id="r2" custom="readingOrder {index:1;}">
            <Coords points="974,248 974,401 1007,401 1007,248"/>
            <TextLine id="r2l1" custom="readingOrder {index:0;}">
                <Coords points="964,384 973,385 987,398 994,396 1000,401 1008,401 1019,284 1011,284 1003,289 994,287 989,291 973,292"/>
                <Baseline points="974,348 1007,351"/>
                <TextEquiv>
                    <Unicode></Unicode>
                </TextEquiv>
            </TextLine>
            <TextEquiv>
                <Unicode></Unicode>
            </TextEquiv>
        </TextRegion>
        <TextRegion orientation="0.0" id="r3" custom="readingOrder {index:2;}">
            <Coords points="1106,56 1106,2869 2060,2869 2060,56"/>
            <TextLine id="r3l1" custom="readingOrder {index:0;}">
                <Coords points="1990,105 2002,105 2011,112 2021,111 2029,115 2037,107 2051,103 2042,58 2034,61 2022,54 2004,71 2000,68 1996,74 1991,72 1984,74"/>
                <Baseline points="1994,95 2042,86"/>
                <TextEquiv>
                    <Unicode>9</Unicode>
                </TextEquiv>
            </TextLine>
            <TextLine id="r3l2" custom="readingOrder {index:1;}">
                <Coords points="1105,275 1282,208 1524,176 1645,194 1751,154 1946,218 2065,195 2059,124 1935,123 1870,86 1707,132 1630,83 1487,144 1352,119 1202,173 1097,172"/>
                <Baseline points="1109,245 1156,232 1203,220 1251,208 1298,198 1346,189 1393,181 1440,173 1488,166 1535,160 1583,157 1630,153 1677,150 1725,150 1772,150 1820,150 1867,154 1914,158 1962,162 2009,168 2057,176"/>
                <TextEquiv>
                    <Unicode>zntooffent, das er zuder von köe</Unicode>
                </TextEquiv>
            </TextLine>
            <TextLine id="r3l3" custom="readingOrder {index:2;}">
                <Coords points="1120,330 1352,259 1626,252 1662,218 1922,265 1990,239 1986,203 1947,218 1708,161 1549,219 1490,193 1421,230 1114,268"/>
                <Baseline points="1125,317 1167,303 1210,290 1253,277 1296,267 1339,257 1382,250 1425,243 1468,237 1511,233 1554,229 1596,227 1639,224 1682,222 1725,222 1768,222 1811,222 1854,224 1897,227 1940,229 1983,231"/>
                <TextEquiv>
                    <Unicode>Acharumb vnerlaupt solle schwyn</Unicode>
                </TextEquiv>
            </TextLine>
            <TextLine id="r3l4" custom="readingOrder {index:3;}">
                <Coords points="1136,399 1223,354 1286,377 1371,328 1424,354 1647,302 2002,333 2037,308 2031,237 1917,274 1779,231 1727,257 1669,218 1621,270 1478,259 1436,294 1331,284 1132,344"/>
                <Baseline points="1140,375 1184,361 1229,349 1273,339 1318,329 1362,322 1407,315 1451,310 1496,304 1540,300 1585,297 1629,294 1674,293 1718,293 1763,291 1807,291 1852,293 1896,293 1941,294 1985,294 2030,296"/>
                <TextEquiv>
                    <Unicode>reiben haben, Sye es also vrgangs,</Unicode>
                </TextEquiv>
            </TextLine>
            <TextLine id="r3l5" custom="readingOrder {index:4;}">
                <Coords points="1127,478 1216,427 1384,398 1555,401 1625,444 1791,372 1864,398 1955,366 2019,401 2046,391 2040,312 1919,351 1869,327 1757,350 1691,316 1526,358 1384,329 1122,410"/>
                <Baseline points="1130,443 1175,431 1220,423 1266,414 1311,406 1357,399 1402,392 1448,387 1493,382 1539,378 1584,375 1629,372 1675,371 1720,369 1766,368 1811,368 1857,368 1902,368 1948,369 1993,369 2039,371"/>
                <TextEquiv>
                    <Unicode>gabs der h stattschloßer alhie vff</Unicode>
                </TextEquiv>
            </TextLine>
            <TextLine id="r3l6" custom="readingOrder {index:5;} place {offset:5; length:5;} person {offset:22; length:8; continued:true;}">
                <Coords points="1122,528 1247,497 1303,525 1394,480 1684,487 1801,441 2012,470 2042,457 2039,399 1952,364 1896,409 1836,385 1794,421 1724,399 1607,436 1296,416 1119,479"/>
                <Baseline points="1127,506 1172,498 1217,490 1263,483 1308,477 1354,472 1399,466 1445,462 1490,458 1536,455 1581,452 1626,450 1672,448 1717,447 1763,446 1808,446 1854,446 1899,446 1945,447 1990,449 2036,450"/>
                <TextEquiv>
                    <Unicode>ein zu Buren gsin, habe Käser¬</Unicode>
                </TextEquiv>
            </TextLine>
            <TextLine id="r3l7" custom="readingOrder {index:6;} person {offset:0; length:1; continued:true;}">
                <Coords points="1121,584 1392,536 1443,557 1601,533 1658,561 1692,529 1795,522 1866,557 1944,526 2056,534 2054,491 2020,484 1671,479 1512,507 1404,486 1120,553"/>
                <Baseline points="1127,572 1173,564 1219,556 1265,549 1311,542 1357,537 1403,532 1449,530 1495,527 1541,524 1588,522 1634,521 1680,519 1726,519 1772,519 1818,519 1864,519 1910,519 1956,521 2002,521 2049,522"/>
                <TextEquiv>
                    <Unicode>man demselbigen z syner gegen</Unicode>
                </TextEquiv>
            </TextLine>
            <TextLine id="r3l8" custom="readingOrder {index:7;}">
                <Coords points="1135,662 1282,620 1351,651 1390,621 1521,631 1669,590 1781,621 1930,584 2066,603 2064,531 1746,572 1506,571 1396,536 1132,615"/>
                <Baseline points="1139,636 1185,629 1231,622 1277,615 1323,610 1369,605 1415,600 1461,597 1507,594 1553,591 1599,590 1645,588 1691,585 1737,585 1783,584 1829,582 1875,582 1921,581 1967,580 2013,579 2060,578"/>
                <TextEquiv>
                    <Unicode>wart angredt, ob er ime dem ammen</Unicode>
                </TextEquiv>
            </TextLine>
            <TextLine id="r3l9" custom="readingOrder {index:8;}">
                <Coords points="1132,716 1477,656 1582,687 1628,662 1683,688 1958,661 1956,628 1869,610 1823,632 1443,612 1346,650 1129,656"/>
                <Baseline points="1137,702 1177,695 1218,687 1259,680 1300,676 1340,670 1381,666 1422,663 1463,660 1503,659 1544,656 1585,655 1626,654 1666,653 1707,653 1748,653 1789,653 1829,653 1870,653 1911,653 1952,653"/>
                <TextEquiv>
                    <Unicode>nit etwan ein e schwyig zu das</Unicode>
                </TextEquiv>
            </TextLine>
            <TextLine id="r3l10" custom="readingOrder {index:9;}">
                <Coords points="1112,793 1176,807 1297,759 1420,794 1471,745 1706,735 1750,775 1818,771 2049,731 2046,666 1990,706 1844,673 1705,715 1629,677 1433,662 1269,735 1109,722"/>
                <Baseline points="1118,779 1164,769 1210,762 1256,755 1302,748 1349,744 1395,739 1441,735 1487,734 1533,731 1580,730 1626,729 1672,728 1718,728 1764,728 1811,728 1857,728 1903,727 1949,726 1995,726 2042,725"/>
                <TextEquiv>
                    <Unicode>Acharumb habe zu gäben, sy hab nit</Unicode>
                </TextEquiv>
            </TextLine>
            <TextLine id="r3l11" custom="readingOrder {index:10;}">
                <Coords points="1102,875 1426,812 1508,831 1639,803 1774,832 1881,802 1916,828 2019,810 2018,787 1903,764 1698,787 1611,750 1510,786 1240,779 1099,810"/>
                <Baseline points="1106,854 1151,844 1196,835 1242,828 1287,821 1332,815 1378,811 1423,807 1468,805 1514,803 1559,801 1604,800 1650,800 1695,800 1740,800 1786,800 1831,800 1876,801 1922,801 1967,801 2013,801"/>
                <TextEquiv>
                    <Unicode>vil Acharūmb, vnd er welle Ime</Unicode>
                </TextEquiv>
            </TextLine>
            <TextLine id="r3l12" custom="readingOrder {index:11;}">
                <Coords points="1113,933 1397,878 1464,920 1663,870 2049,934 2046,833 2003,807 1862,849 1805,815 1690,853 1637,822 1601,850 1337,843 1111,878"/>
                <Baseline points="1118,911 1164,904 1210,897 1256,892 1302,887 1349,882 1395,879 1441,875 1487,874 1533,872 1580,870 1626,870 1672,869 1718,869 1764,870 1811,871 1857,872 1903,874 1949,876 1995,878 2042,879"/>
                <TextEquiv>
                    <Unicode>dieselbigen vergubens meßen laßen</Unicode>
                </TextEquiv>
            </TextLine>
            <TextLine id="r3l13" custom="readingOrder {index:12;}">
                <Coords points="1116,1002 1394,956 1465,1006 1529,954 1574,980 1614,946 1882,952 1938,989 2048,963 2035,926 1951,936 1845,881 1669,926 1508,891 1461,931 1377,886 1115,949"/>
                <Baseline points="1121,978 1167,972 1213,967 1259,962 1305,957 1351,954 1397,950 1443,948 1489,945 1535,944 1581,943 1627,942 1673,942 1719,942 1765,944 1811,944 1857,946 1903,948 1949,951 1995,953 2042,956"/>
                <TextEquiv>
                    <Unicode>dessen der stattschloser wol zfride gsin</Unicode>
                </TextEquiv>
            </TextLine>
            <TextLine id="r3l14" custom="readingOrder {index:13;}">
                <Coords points="1125,1053 1368,1033 1423,1078 1477,1031 1575,1021 1746,1073 1875,1022 1918,1045 2019,1028 1986,979 1883,1003 1752,976 1703,1001 1534,964 1466,1006 1204,977 1124,1005"/>
                <Baseline points="1131,1041 1175,1036 1219,1032 1263,1029 1307,1026 1351,1023 1395,1022 1439,1019 1483,1019 1527,1017 1572,1017 1616,1016 1660,1016 1704,1016 1748,1016 1792,1017 1836,1017 1880,1017 1924,1019 1968,1019 2013,1020"/>
                <TextEquiv>
                    <Unicode>nit vermelden, das er 3 schwyn habe</Unicode>
                </TextEquiv>
            </TextLine>
            <TextLine id="r3l15" custom="readingOrder {index:14;}">
                <Coords points="1125,1120 1663,1085 1787,1135 1852,1095 1989,1085 1989,1062 1898,1034 1778,1068 1223,1076 1123,1051"/>
                <Baseline points="1131,1112 1173,1106 1216,1101 1258,1097 1301,1095 1344,1091 1386,1089 1429,1087 1471,1085 1514,1084 1557,1083 1599,1083 1642,1082 1684,1082 1727,1082 1770,1082 1812,1082 1855,1083 1897,1083 1940,1083 1983,1083"/>
                <TextEquiv>
                    <Unicode>vnd er welle Ime die zuschicken</Unicode>
                </TextEquiv>
            </TextLine>
            <TextLine id="r3l16" custom="readingOrder {index:15;}">
                <Coords points="1111,1228 1195,1184 1318,1202 1382,1166 1466,1187 1548,1154 1738,1188 1811,1151 1938,1154 1989,1194 2049,1175 2047,1111 1951,1100 1787,1135 1743,1108 1486,1128 1376,1097 1254,1139 1108,1132"/>
                <Baseline points="1115,1182 1161,1179 1207,1175 1254,1172 1300,1167 1347,1165 1393,1162 1439,1158 1486,1155 1532,1153 1579,1151 1625,1149 1671,1148 1718,1146 1764,1146 1811,1146 1857,1146 1903,1148 1950,1150 1996,1152 2043,1155"/>
                <TextEquiv>
                    <Unicode>Die er kinder hernach auch abentry¬</Unicode>
                </TextEquiv>
            </TextLine>
            <TextLine id="r3l17" custom="readingOrder {index:16;}">
                <Coords points="1125,1279 1208,1251 1366,1300 1443,1242 1531,1233 2017,1248 2014,1202 1884,1174 1513,1205 1442,1178 1323,1228 1273,1194 1122,1222"/>
                <Baseline points="1130,1256 1176,1253 1222,1250 1268,1247 1315,1244 1361,1242 1407,1238 1453,1235 1500,1232 1546,1228 1592,1226 1638,1224 1685,1221 1731,1220 1777,1218 1823,1218 1870,1217 1916,1218 1962,1218 2009,1220"/>
                <TextEquiv>
                    <Unicode>ben lasen, vnd noch von den synen</Unicode>
                </TextEquiv>
            </TextLine>
            <TextLine id="r3l18" custom="readingOrder {index:17;}">
                <Coords points="1135,1358 1196,1367 1236,1325 1308,1320 1340,1344 1383,1318 1649,1332 1695,1303 1753,1339 1891,1296 2036,1308 2034,1262 1862,1243 1724,1282 1566,1249 1362,1304 1206,1259 1132,1292"/>
                <Baseline points="1139,1322 1183,1320 1228,1319 1272,1317 1317,1316 1361,1314 1406,1312 1450,1310 1495,1308 1539,1305 1584,1304 1629,1302 1673,1299 1718,1298 1762,1296 1807,1294 1851,1292 1896,1291 1940,1290 1985,1289 2030,1289"/>
                <TextEquiv>
                    <Unicode>auch dryen darzu than, vnd In den</Unicode>
                </TextEquiv>
            </TextLine>
            <TextLine id="r3l19" custom="readingOrder {index:18;}">
                <Coords points="1119,1401 1253,1398 1312,1428 1491,1387 1579,1426 1647,1376 1954,1381 2034,1364 2033,1331 1761,1346 1694,1305 1481,1366 1432,1338 1117,1361"/>
                <Baseline points="1124,1383 1169,1385 1214,1386 1259,1386 1304,1386 1350,1386 1395,1385 1440,1383 1485,1382 1530,1380 1576,1377 1621,1375 1666,1373 1711,1370 1756,1368 1802,1367 1847,1364 1892,1364 1937,1362 1982,1362 2028,1362"/>
                <TextEquiv>
                    <Unicode>Waldt getriben, sye aber alles vom</Unicode>
                </TextEquiv>
            </TextLine>
            <TextLine id="r3l20" custom="readingOrder {index:19;}">
                <Coords points="1119,1476 1488,1451 1601,1495 1709,1450 1762,1487 1822,1459 1881,1487 1961,1413 1863,1387 1560,1426 1499,1396 1423,1427 1372,1406 1237,1434 1117,1415"/>
                <Baseline points="1124,1451 1165,1451 1207,1450 1248,1449 1290,1449 1331,1449 1373,1448 1414,1448 1456,1446 1497,1446 1539,1445 1581,1444 1622,1443 1664,1442 1705,1440 1747,1440 1788,1439 1830,1437 1871,1436 1913,1436 1955,1434"/>
                <TextEquiv>
                    <Unicode>alman under dem schyn beschechen.</Unicode>
                </TextEquiv>
            </TextLine>
            <TextLine id="r3l21" custom="readingOrder {index:20;}">
                <Coords points="1134,1519 1342,1523 1384,1554 1465,1516 1619,1541 1813,1510 1878,1541 2055,1508 2054,1462 1987,1445 1874,1487 1821,1460 1777,1487 1521,1494 1427,1458 1249,1499 1134,1487"/>
                <Baseline points="1140,1512 1185,1512 1230,1514 1276,1514 1321,1514 1367,1514 1412,1512 1458,1512 1503,1512 1549,1511 1594,1510 1639,1509 1685,1508 1730,1508 1776,1506 1821,1506 1867,1506 1912,1506 1958,1506 2003,1506 2049,1506"/>
                <TextEquiv>
                    <Unicode>als wan Er sy von zuen erkauffthege</Unicode>
                </TextEquiv>
            </TextLine>
            <TextLine id="r3l22" custom="readingOrder {index:21;}">
                <Coords points="1136,1587 2039,1586 2038,1530 1930,1523 1857,1555 1678,1538 1649,1565 1542,1515 1368,1558 1136,1551"/>
                <Baseline points="1142,1575 1186,1575 1231,1575 1275,1575 1320,1575 1364,1575 1409,1575 1453,1574 1498,1574 1542,1574 1587,1574 1632,1572 1676,1572 1721,1572 1765,1571 1810,1571 1854,1571 1899,1569 1943,1568 1988,1568 2033,1566"/>
                <TextEquiv>
                    <Unicode>wie nun er kinder die schwyn widergreicht</Unicode>
                </TextEquiv>
            </TextLine>
            <TextLine id="r3l23" custom="readingOrder {index:22;}">
                <Coords points="1118,1678 1248,1644 1368,1678 1605,1635 1930,1661 2048,1641 2047,1593 1981,1579 1938,1607 1903,1585 1449,1625 1373,1590 1117,1588"/>
                <Baseline points="1124,1640 1169,1640 1215,1640 1261,1640 1307,1640 1353,1640 1399,1638 1445,1638 1491,1637 1537,1635 1583,1634 1628,1633 1674,1632 1720,1632 1766,1631 1812,1630 1858,1629 1904,1629 1950,1629 1996,1631 2042,1631"/>
                <TextEquiv>
                    <Unicode>habnit de Buren domolen wol gsechen</Unicode>
                </TextEquiv>
            </TextLine>
            <TextLine id="r3l24" custom="readingOrder {index:23;}">
                <Coords points="1122,1722 1409,1705 1666,1741 1753,1694 1935,1728 2006,1673 1948,1653 1821,1675 1740,1637 1656,1684 1535,1648 1446,1690 1305,1652 1239,1689 1121,1679"/>
                <Baseline points="1128,1704 1171,1704 1215,1704 1258,1704 1302,1703 1346,1703 1389,1701 1433,1701 1477,1700 1520,1699 1564,1698 1608,1697 1651,1696 1695,1695 1739,1694 1782,1694 1826,1692 1870,1692 1913,1692 1957,1692 2001,1692"/>
                <TextEquiv>
                    <Unicode>das es nit dem also e, Dannenhar</Unicode>
                </TextEquiv>
            </TextLine>
            <TextLine id="r3l25" custom="readingOrder {index:24;} person {offset:1; length:6;}">
                <Coords points="1130,1780 1202,1806 1531,1758 1628,1786 1722,1758 1796,1783 1980,1759 1979,1731 1778,1709 1699,1741 1623,1716 1410,1748 1331,1704 1130,1754"/>
                <Baseline points="1136,1763 1177,1764 1219,1764 1261,1766 1303,1766 1345,1766 1387,1764 1428,1764 1470,1764 1512,1763 1554,1761 1596,1761 1638,1760 1680,1758 1721,1758 1763,1757 1805,1757 1847,1757 1889,1755 1931,1755 1973,1755"/>
                <TextEquiv>
                    <Unicode>er Binder do den costen bezoleme</Unicode>
                </TextEquiv>
            </TextLine>
            <TextLine id="r3l26" custom="readingOrder {index:25;}">
                <Coords points="1127,1851 1177,1849 1206,1832 1237,1832 1263,1849 1308,1833 1335,1845 1359,1828 1435,1836 1452,1829 1453,1790 1426,1803 1375,1786 1290,1784 1187,1811 1127,1808"/>
                <Baseline points="1133,1824 1159,1825 1185,1826 1211,1827 1237,1828 1263,1829 1289,1830 1315,1830 1341,1830 1367,1830 1393,1828 1419,1825 1446,1820"/>
                <TextEquiv>
                    <Unicode>müßen.</Unicode>
                </TextEquiv>
            </TextLine>
            <TextLine id="r3l27" custom="readingOrder {index:26;}">
                <Coords points="1549,1857 1631,1837 1730,1838 1757,1858 1826,1832 1948,1839 1954,1804 1906,1788 1887,1802 1861,1784 1830,1793 1803,1778 1765,1781 1743,1799 1546,1762"/>
                <Baseline points="1554,1839 1580,1836 1606,1835 1633,1832 1659,1832 1685,1830 1712,1829 1738,1829 1764,1827 1791,1827 1817,1827 1843,1827 1870,1826 1896,1826 1922,1824 1949,1823"/>
                <TextEquiv>
                    <Unicode>Anlanget d er</Unicode>
                </TextEquiv>
            </TextLine>
            <TextLine id="r3l28" custom="readingOrder {index:27;} place {offset:8; length:9;}">
                <Coords points="1125,1902 1309,1905 1353,1937 1476,1913 1551,1936 1598,1903 1709,1926 1763,1892 2030,1883 2029,1837 1815,1869 1664,1844 1625,1877 1412,1828 1124,1857"/>
                <Baseline points="1131,1889 1175,1890 1220,1890 1264,1890 1309,1892 1354,1892 1398,1892 1443,1892 1488,1892 1532,1892 1577,1892 1622,1890 1666,1890 1711,1889 1756,1887 1800,1886 1845,1884 1890,1883 1934,1880 1979,1877 2024,1874"/>
                <TextEquiv>
                    <Unicode>denen von Coupungen vych In Ire gmeine</Unicode>
                </TextEquiv>
            </TextLine>
            <TextLine id="r3l29" custom="readingOrder {index:28;}">
                <Coords points="1125,1977 1313,1955 1816,1998 1869,1961 1941,1990 2039,1948 2039,1910 1814,1903 1739,1936 1666,1904 1604,1941 1400,1945 1322,1913 1276,1943 1124,1927"/>
                <Baseline points="1131,1947 1176,1951 1221,1955 1266,1958 1311,1961 1356,1962 1401,1962 1446,1962 1491,1962 1536,1962 1582,1961 1627,1959 1672,1957 1717,1955 1762,1952 1807,1949 1852,1946 1897,1942 1942,1939 1987,1935 2033,1931"/>
                <TextEquiv>
                    <Unicode>Maten solle getriben haben, sye daßel</Unicode>
                </TextEquiv>
            </TextLine>
            <TextLine id="r3l30" custom="readingOrder {index:29;}">
                <Coords points="1130,2022 1215,2016 1293,2056 1982,2023 1981,1976 1816,1997 1776,1975 1743,1999 1539,1972 1410,1997 1310,1958 1194,2001 1130,1975"/>
                <Baseline points="1136,2009 1178,2011 1220,2013 1262,2015 1304,2016 1346,2017 1388,2018 1430,2018 1472,2019 1514,2019 1556,2019 1598,2018 1640,2018 1682,2016 1724,2015 1766,2014 1808,2013 1850,2011 1892,2009 1934,2007 1976,2004"/>
                <TextEquiv>
                    <Unicode>bige auch vß Anlaß deß Käfermans</Unicode>
                </TextEquiv>
            </TextLine>
            <TextLine id="r3l31" custom="readingOrder {index:30;}">
                <Coords points="1128,2082 1237,2129 1385,2087 1770,2100 1983,2072 1982,2024 1844,2055 1808,2033 1127,2047"/>
                <Baseline points="1133,2069 1175,2072 1217,2075 1259,2076 1301,2078 1344,2079 1386,2080 1428,2081 1470,2081 1512,2079 1555,2078 1597,2078 1639,2076 1681,2075 1723,2073 1766,2071 1808,2069 1850,2067 1892,2066 1934,2063 1977,2061"/>
                <TextEquiv>
                    <Unicode>beschechen, dan er imme anzeigt, wie das</Unicode>
                </TextEquiv>
            </TextLine>
            <TextLine id="r3l32" custom="readingOrder {index:31;}">
                <Coords points="1137,2139 1301,2155 1362,2194 1397,2162 1520,2148 1604,2178 1659,2140 1977,2136 1976,2097 1855,2081 1669,2115 1461,2097 1350,2131 1201,2096 1136,2110"/>
                <Baseline points="1142,2130 1183,2134 1224,2138 1266,2141 1307,2142 1349,2144 1390,2144 1431,2144 1473,2142 1514,2141 1556,2139 1597,2137 1638,2135 1680,2133 1721,2131 1763,2129 1804,2127 1845,2125 1887,2124 1928,2123 1970,2123"/>
                <TextEquiv>
                    <Unicode>er kein vych In die gmeinen Matten</Unicode>
                </TextEquiv>
            </TextLine>
            <TextLine id="r3l33" custom="readingOrder {index:32;}">
                <Coords points="1124,2219 1420,2233 1661,2199 1751,2224 1798,2190 2000,2176 1975,2136 1831,2168 1701,2148 1596,2183 1406,2169 1363,2193 1322,2167 1123,2161"/>
                <Baseline points="1130,2192 1173,2196 1216,2199 1259,2202 1302,2204 1346,2204 1389,2204 1432,2204 1475,2202 1518,2201 1562,2199 1605,2197 1648,2193 1691,2191 1734,2189 1778,2186 1821,2184 1864,2181 1907,2180 1950,2177 1994,2175"/>
                <TextEquiv>
                    <Unicode>trybe, do möge er wol In synem Na¬</Unicode>
                </TextEquiv>
            </TextLine>
            <TextLine id="r3l34" custom="readingOrder {index:33;}">
                <Coords points="1134,2263 1901,2276 1988,2244 1987,2202 1656,2219 1624,2244 1533,2222 1381,2252 1288,2223 1234,2247 1133,2235"/>
                <Baseline points="1139,2252 1181,2258 1223,2262 1265,2266 1307,2267 1349,2268 1391,2268 1434,2267 1476,2265 1518,2264 1560,2261 1602,2258 1644,2255 1686,2252 1729,2249 1771,2246 1813,2244 1855,2241 1897,2240 1939,2238 1982,2238"/>
                <TextEquiv>
                    <Unicode>men etwan vier hampt dohin tryben</Unicode>
                </TextEquiv>
            </TextLine>
            <TextLine id="r3l35" custom="readingOrder {index:34;}">
                <Coords points="1136,2337 1212,2330 1280,2364 1403,2326 1438,2351 1556,2345 1619,2314 1757,2359 1860,2321 1889,2335 1959,2287 1730,2276 1692,2297 1594,2266 1555,2293 1394,2305 1308,2280 1135,2292"/>
                <Baseline points="1142,2316 1182,2322 1223,2325 1263,2328 1304,2330 1344,2330 1385,2330 1425,2330 1466,2328 1506,2327 1547,2324 1588,2322 1628,2320 1669,2317 1709,2314 1750,2312 1790,2309 1831,2307 1871,2306 1912,2306 1953,2306"/>
                <TextEquiv>
                    <Unicode>das er gethan habe ober von deswegen</Unicode>
                </TextEquiv>
            </TextLine>
            <TextLine id="r3l36" custom="readingOrder {index:35;}">
                <Coords points="1142,2391 1346,2435 1401,2403 1986,2389 1985,2336 1906,2318 1852,2354 1573,2382 1410,2374 1357,2341 1286,2373 1211,2333 1141,2357"/>
                <Baseline points="1148,2373 1189,2382 1231,2388 1272,2393 1314,2396 1355,2399 1397,2399 1438,2399 1480,2399 1521,2397 1563,2394 1605,2393 1646,2390 1688,2387 1729,2384 1771,2381 1812,2379 1854,2377 1895,2376 1937,2375 1979,2375"/>
                <TextEquiv>
                    <Unicode>mit den Buren vmb den Weidtlon</Unicode>
                </TextEquiv>
            </TextLine>
            <TextLine id="r3l37" custom="readingOrder {index:36;}">
                <Coords points="1139,2451 1180,2457 1226,2497 1256,2478 1270,2490 1298,2486 1310,2494 1337,2491 1363,2470 1382,2477 1401,2471 1405,2423 1373,2416 1345,2436 1298,2406 1272,2420 1217,2429 1163,2408 1142,2415"/>
                <Baseline points="1146,2438 1171,2443 1196,2447 1221,2449 1246,2452 1271,2454 1296,2456 1321,2457 1346,2459 1371,2459 1397,2460"/>
                <TextEquiv>
                    <Unicode>ohgschaffet</Unicode>
                </TextEquiv>
            </TextLine>
            <TextLine id="r3l38" custom="readingOrder {index:37;} place {offset:25; length:7; continued:true;}">
                <Coords points="1110,2571 1178,2540 1277,2580 1353,2553 1653,2564 1693,2534 1771,2559 1850,2523 2012,2542 2021,2500 1800,2462 1713,2500 1583,2469 1495,2505 1250,2500 1106,2450"/>
                <Baseline points="1115,2523 1160,2532 1205,2540 1250,2545 1295,2549 1340,2550 1385,2550 1430,2550 1475,2548 1520,2544 1565,2542 1610,2537 1655,2534 1700,2530 1745,2526 1790,2523 1835,2522 1880,2520 1925,2520 1970,2521 2015,2523"/>
                <TextEquiv>
                    <Unicode>die gedingeten schwyn vßen Ober¬</Unicode>
                </TextEquiv>
            </TextLine>
            <TextLine id="r3l39" custom="readingOrder {index:38;} place {offset:0; length:3; continued:true;}">
                <Coords points="1145,2599 1450,2634 1555,2597 1695,2617 1776,2587 1982,2591 1980,2555 1852,2524 1764,2565 1677,2542 1634,2573 1582,2556 1489,2586 1397,2584 1355,2552 1290,2588 1224,2551 1144,2555"/>
                <Baseline points="1151,2588 1192,2595 1233,2601 1274,2606 1316,2608 1357,2610 1398,2609 1439,2609 1481,2607 1522,2605 1563,2602 1604,2598 1646,2595 1687,2590 1728,2587 1769,2585 1811,2583 1852,2580 1893,2580 1934,2580 1976,2582"/>
                <TextEquiv>
                    <Unicode>landt, solle man der soch nachfragen</Unicode>
                </TextEquiv>
            </TextLine>
            <TextLine id="r3l40" custom="readingOrder {index:39;}">
                <Coords points="1141,2693 1194,2669 1379,2710 1439,2668 1566,2668 1614,2711 1692,2667 1952,2647 1951,2619 1766,2597 1646,2636 1554,2597 1494,2648 1379,2654 1136,2595"/>
                <Baseline points="1145,2654 1185,2660 1225,2664 1265,2668 1305,2670 1345,2670 1385,2670 1425,2670 1465,2668 1505,2666 1545,2663 1585,2660 1625,2657 1665,2653 1705,2649 1745,2646 1785,2643 1825,2641 1865,2638 1905,2637 1946,2636"/>
                <TextEquiv>
                    <Unicode>so werde man finden, das nit allei</Unicode>
                </TextEquiv>
            </TextLine>
            <TextLine id="r3l41" custom="readingOrder {index:40;}">
                <Coords points="1147,2740 1333,2756 1589,2718 1641,2745 1765,2709 1828,2743 1891,2704 1980,2706 1978,2672 1838,2645 1612,2708 1569,2669 1399,2717 1257,2680 1145,2693"/>
                <Baseline points="1151,2712 1192,2720 1233,2725 1274,2729 1315,2732 1356,2732 1397,2732 1439,2730 1480,2728 1521,2724 1562,2720 1603,2716 1644,2713 1685,2709 1727,2705 1768,2702 1809,2699 1850,2697 1891,2697 1932,2697 1974,2700"/>
                <TextEquiv>
                    <Unicode>de Bleclend, sonder aich de Buren</Unicode>
                </TextEquiv>
            </TextLine>
            <TextLine id="r3l42" custom="readingOrder {index:41;}">
                <Coords points="1138,2798 1374,2797 1430,2835 1484,2799 1519,2818 1652,2774 1681,2796 1766,2767 1808,2788 2002,2767 2000,2716 1880,2750 1761,2710 1706,2753 1576,2767 1481,2730 1318,2774 1135,2736"/>
                <Baseline points="1142,2774 1184,2781 1227,2787 1269,2790 1312,2793 1355,2795 1397,2795 1440,2793 1483,2791 1525,2789 1568,2786 1611,2782 1653,2778 1696,2774 1739,2771 1781,2766 1824,2763 1867,2760 1909,2759 1952,2757 1995,2757"/>
                <TextEquiv>
                    <Unicode>denen er die schwyn zu das Aeharumb</Unicode>
                </TextEquiv>
            </TextLine>
            <TextLine id="r3l43" custom="readingOrder {index:42;}">
                <Coords points="1138,2872 1400,2853 1550,2880 1595,2851 1829,2884 1944,2816 1994,2827 1992,2784 1955,2769 1795,2812 1660,2782 1559,2831 1484,2800 1444,2838 1368,2810 1319,2837 1199,2804 1135,2818"/>
                <Baseline points="1142,2835 1184,2841 1226,2847 1268,2851 1311,2853 1353,2855 1395,2855 1438,2854 1480,2852 1522,2850 1565,2848 1607,2844 1649,2840 1691,2836 1734,2833 1776,2829 1818,2826 1861,2822 1903,2820 1945,2817 1988,2816"/>
                <TextEquiv>
                    <Unicode>geben wol mit ime zfanden spent.</Unicode>
                </TextEquiv>
            </TextLine>
            <TextEquiv>
                <Unicode>9
zntooffent, das er zuder von köe
Acharumb vnerlaupt solle schwyn
reiben haben, Sye es also vrgangs,
gabs der h stattschloßer alhie vff
ein zu Buren gsin, habe Käser¬
man demselbigen z syner gegen
wart angredt, ob er ime dem ammen
nit etwan ein e schwyig zu das
Acharumb habe zu gäben, sy hab nit
vil Acharūmb, vnd er welle Ime
dieselbigen vergubens meßen laßen
dessen der stattschloser wol zfride gsin
nit vermelden, das er 3 schwyn habe
vnd er welle Ime die zuschicken
Die er kinder hernach auch abentry¬
ben lasen, vnd noch von den synen
auch dryen darzu than, vnd In den
Waldt getriben, sye aber alles vom
alman under dem schyn beschechen.
als wan Er sy von zuen erkauffthege
wie nun er kinder die schwyn widergreicht
habnit de Buren domolen wol gsechen
das es nit dem also e, Dannenhar
er Binder do den costen bezoleme
müßen.
Anlanget d er
denen von Coupungen vych In Ire gmeine
Maten solle getriben haben, sye daßel
bige auch vß Anlaß deß Käfermans
beschechen, dan er imme anzeigt, wie das
er kein vych In die gmeinen Matten
trybe, do möge er wol In synem Na¬
men etwan vier hampt dohin tryben
das er gethan habe ober von deswegen
mit den Buren vmb den Weidtlon
ohgschaffet
die gedingeten schwyn vßen Ober¬
landt, solle man der soch nachfragen
so werde man finden, das nit allei
de Bleclend, sonder aich de Buren
denen er die schwyn zu das Aeharumb
geben wol mit ime zfanden spent.</Unicode>
            </TextEquiv>
        </TextRegion>
    </Page>
</PcGts>
