2118 3034
213 93 1021 239 Farschons der Suters huß oder
251 169 1044 325 schlüpffwucken sy ihm yesch
241 238 979 360 einen stacken erwught, vnd
250 313 1030 442 mit erbert, möchte ira ja ach
245 398 1046 514 domalen die Kleid vffzogen
242 448 1039 568 ab das er sy einen erbench anzu
246 524 1039 637 zeigen genötet, sye nit anderen
257 599 1042 697 gstalt, den das er von ira wüßen
245 672 1057 775 wellen, ob sy in farschons oder Su
243 722 1050 846 huß gsin sye, sye auch nit weige
252 809 1038 917 wyl der Schultheiß domolen, wie
246 877 1062 993 hieuor mehr so starck vff Innege¬
257 939 1050 1077 setzt, das er sich einmal hinwegge
245 1032 547 1121 möcht habe.
234 1088 1025 1186 Frag. ob er nit mit synem Tūschen
239 1161 1047 1262 und märten vil lüth mutwillig
239 1220 968 1330 wyß bschißen und trogen habe.
213 1291 1059 1391 Ant, wüße nit, das er jemande vorth
255 1358 1032 1471 licher wyß bschißen und trogen habt
246 1426 1043 1522 sonder vermeint mit Tüschen und
245 1485 1043 1592 mörckten also mit den lütheng
241 1552 1047 1659 handtlet zuhoben, das er meine, das
234 1617 1044 1699 jenigen nochmalen mit imme hand
251 1666 1032 1766 len wurdent, wo ob einer sye, der
261 1722 1038 1834 Ich billicher masenn ob Ihnne deß
252 1792 1053 1907 oths clagen könne muese, eraldh
225 1867 778 1960 deßen wol entgelten.
209 1939 1035 2048 frag. ob er nit hienor jaren u
230 2011 1029 2109 h. Predwanten zu Rapperßwyl
965 2069 1029 2146 sy
245 2075 947 2155 ein Rindt abgfeilhet vnd als
231 2127 1047 2218 de� märits mit einanderen nit ein
229 2169 1033 2297 werden mögen, sye er hernach müt dst
234 2251 1029 2352 wenige zugfaren und das rindt d
237 2289 1033 2405 herren hinderngcks hinweg gfürrt
234 2373 1012 2474 und gmetzget, wie nun der h umb
249 2420 1033 2524 syn rimdt bezalt syn wellen schalt
229 2488 1024 2598 er kinder imme erst ein  wud
229 2563 1018 2646 geben wollen, den er aber imme zeus
238 2599 607 2687 daruff botten,
1119 53 2007 229 Ant, wie nit weniger, den als der h.
1142 134 2008 315 predicant uff ein zych ein holtz für
1150 203 2030 371 gehert, habe er nach imme sinder geschicke,
1140 261 2037 431 der imme metzgen sölle und sye imme
1144 328 2027 504 dr heer umb fleisch schuldig gsin, wie
1147 418 2059 560 ernnn wider hinweg wollen, vnd dem
1145 480 2024 650 h synen Rest vmb fleisch gehönschen habe
1149 526 2038 694 der nit gelt ghan, sonder ime anzeigt
1150 615 2065 755 er habe reverenter ein Kalbeli zu Stall
1149 673 2050 849 sölle daselbige bsichtigen, wo imme daselbig
1158 741 2025 889 gfellig wolle er es imme Zolungschwyß
1153 815 2051 965 geben und wie er nun das Nößli bsichteget
1156 876 2047 1019 hab nit sy den märit endtlichen umb 3f
1156 946 1987 1087 gemacht, aber das Kalbeli nit angentz
1162 1008 2058 1135 mit imme hinweg gnommen sonder das er dasel
1151 1070 2022 1214 bs etwan nechsterstagen reichen wolle,
1157 1109 2038 1282 desen der h wol zfeiden gsin, wie er nut
1152 1209 2005 1332 nach etwas tagen kommen und daselbig
1164 1271 1982 1391 reichen wellen, sye der h nit anheimsch
1163 1330 2036 1462 gsin, sonder nur die frouw, die inne an
1151 1373 2038 1540 zeint, der Herr habe ira anzeigt es müeße
1146 1456 1996 1588 su gelten, deßen er sich verwunderet, das
1149 1500 2029 1651 svmb einz vfgeschlagen, Do habe er
1147 1538 2064 1711 der frouwen wid geantworttet, der mar
1145 1632 1989 1779 de nit hürer dan umb 7 l gangen
1159 1615 2057 1799 ab er wolle es einmal nemen, vnd tnit
1166 1715 2065 1875 demnach der Higen Buren komne, wollen
1151 1781 2078 1948 seinanderen wol brichten und deß mörit
1159 1867 2055 1968 mit einanderen darumb deß einen werd
1169 1896 2073 2036 wie er dan den 8. zu synem guten vermuet
1161 1973 2042 2113 gen auch darumb zalt und der h wolm
1166 2024 2082 2163 ime zfriden, dan der h sye ime nochhütig
1177 2086 2047 2213 tagß vmb vleich so er Imme Ddhar geben
1166 2206 1314 2296 schuldig
1145 2229 2073 2393 frag, ob er nit uff ein zyg Niel wee
1189 2280 2055 2414 man, vnd syner frouwen, vff ein Gyg
1178 2354 2051 2493 schuff abgefehlset, und wie sy imme die nit
1183 2409 2118 2552 feil halten wollen, dieselbigen sonst uner
1179 2465 1907 2601 haupt gnomen vnd znsetzget, Vn
1163 2528 2123 2653 O hernoch Inne darumb bshalten habe er
1183 2586 2048 2720 inen anzeigt, sy sollent mir schwyse
