2438 3263
181 69 1114 225 Ine Nidemos, Vnne von Langne
151 171 1114 318 Petter Langenegger ein garbts Kalth
182 242 1077 342 druper shn und ein kupfferhälen
230 299 1059 410 auch etwas sullen, vernttrget
197 369 1013 468 eliches aber alles, Imme widerumb
203 428 1009 554 zuhanden gestelt worden sye.
191 552 1096 710 em weybel Brank zu Langnem
232 667 1076 778 mit einem großsen naper in syn
217 730 1088 860 Frycher Boren und durch solch mihtrl
222 783 1077 941 imme ungefar by 9 mäs weytzen
229 898 423 1007 gestolen.
213 1006 1076 1158 Als e zu Lucrin gedienet: Inem
219 1088 1051 1213 Bekenknachten (demer sonst
234 1166 1023 1297 hienoe p. lurrin s bar golt
228 1235 989 1367 geliehen und ime aber nit glych
231 1288 1067 1439 In synem mangel widergaben)
249 1361 999 1477 ein 5. lumereß. Wartin brot
248 1441 454 1547 enthult
155 1539 1053 1700 Letstlichen so habe er Uli Baumgarte
208 1616 1024 1739 dem könffer uff dursrüthen, der
229 1693 1008 1808 Kilchöri Langnouw syn spycher
246 1759 945 1892 geöffnet und darus ein
223 1772 1068 1932 Bachrn Fleysch. Item 50 ellen thuch
247 1868 1035 1990 entwandt. Weliches thuch aber er
225 1928 994 2068 Im Antlibuch, umb käsen
220 1978 999 2128 vertüschet,dauon by 3 h elößt
268 2047 1043 2177 und damit syn wyb und kind ein
203 2098 1072 2276 syt lang gespyßt etc. Der bochen
232 2163 1081 2327 Fleysch aber ime töüffer widemmb
240 2252 988 2385 zuhanden gstelt worden sye.
101 2367 983 2538 ht us oiptis 1628 jars uf ein stecke
198 2435 986 2579 Censur, vnd vrhoffte beßeung ledig
249 2512 832 2625 und frygelaßen worden.
1176 -12 2069 200 grnt Grah von vntern vnderen
1197 70 1873 230 Aibstun Bonnenkentn.
1177 282 2133 442 lodenn verschmetagen Grög drah
1174 365 2088 503 von unstein undelem Bibstam
1176 424 2133 576 bonentrret und soin gspar Heinich
1175 500 2031 642 hese von häßigkohen, in den
1186 573 2121 722 gochen grichten synes handtwaits
1186 626 2079 760 ii buchbinder. Von wägen iret
1179 696 1983 852 uf der gsellschafft zum narren
1180 760 2034 896 raubten ungebürligkeyten: auch
1168 825 2026 967 das sy einanderen verwant hand,
1178 888 2046 1061 gefänklichen ynglegt und verhafftet
1173 969 2009 1107 worden. Sid nun uf stlich ein
1173 1037 2023 1170 hin, V. gde gefallen, beyden dero
1161 1093 2064 1246 dieneen dem Amman, vnd Grichtschr
1166 1182 2081 1323 gebenälchen, sy beydersyts nach khönschend
1191 1233 2079 1351 ntunfft zu exammiren. Ist solichem
1178 1297 2095 1424 heualch abermalen, Vemag Rhatzedels
1175 1351 2064 1508 statt beschachen Gatt deswagen
1140 1414 2032 1567 gedachter Georg Graf, alleestlichen
1168 1510 2053 1608 lere bekhendt: Wie das er nun
1174 1543 2005 1682 ein zyt dahar an Vilen vnder¬
1161 1600 2022 1730 gschidenlichen athen und letstlichen
1157 1664 2062 1800 zu Langenthal, by einem furen
1173 1729 2086 1877 getröschen der Inne bezalt: Dadamen
1177 1783 1987 1936 sich nach signouw verfügt, synen
1159 1867 1992 2009 gspanen daselbst angetroffen.
1141 1920 1989 2049 der jnne angredt, Fhals er mit imme
1148 1986 2007 2122 zushen. Er Ime gnug zu ässen
1532 2064 2031 2138 und nachdem e2
1165 2103 1534 2188 göben wolle:
1179 2104 2011 2243 soliches versprochen. Habe er lysen
1164 2189 2011 2302 ein stuk käs usem sol gezogen
1166 2260 1893 2374 und dauowe satt worden sye.
1123 2338 2040 2469 einnach syendt sy von dannenn
1173 2391 2020 2533 igefar ein stund wägs gereyset
1164 2459 2019 2577 und zu einem Purnhof kommen.
1162 2523 2036 2655 syn gspan lyse ein thür ufgewogen
1164 2576 1941 2713 Graf aber daryn gangen, vnd
1150 2615 2014 2758 darus ein keßi ein hahen, Item
1156 2685 2068 2821 ein kübel mit anken, gäben: welches
2079 3 2141 76 26
2250 76 2344 160 1014
