2577 3002
451 1053 639 1184 reverent
557 25 1323 135 Hartman, wyl er damolen e
579 89 1292 219 lung gsin, vnd furgeben, das
590 170 1338 280 Ime vnlungst gstorben vnd vr
585 245 1340 360 wegen nit vil fröndt daher
576 327 1338 448 habe mit ime ja am aben
590 397 1352 525 gfüert, als sy nun spat hein
593 479 1356 593 sye syn schäffers frouw schon
610 552 1364 693 gsin, vnd zu beth glegen, de
621 638 1374 752 er schäffer sich In die mitte
610 717 1386 827 beths nebent syn frouwen
621 787 1389 918 legt und den Hartman nit
632 870 1398 970 derer gstalt, den als ein bit
632 952 1407 1061 man, gheißen neb vorzuhin,
642 1029 1398 1146 hent Inne schäffer lizigen, am¬
641 1093 1401 1213 gen nun sye er syn noturff
663 1184 1337 1281 hin, zwar von Iuen bei
1354 1198 1415 1271 uf
648 1257 1419 1358 gstand, ob nit der mennungdie
641 1319 1425 1454 Iyn schaffer frouw, vnd der ho
651 1407 1421 1520 man, hierzweischen etwas
651 1466 1415 1570 vnd verredlichs mit einende
660 1556 1416 1643 verbringen sollnit, wo nun
678 1607 1430 1740 ob beschechen, so habe hartnn
661 1682 1442 1807 Ime schäffer damit schandtlich
673 1763 1430 1870 schißen vnd tragen, dan wo er
675 1823 1433 1933 das yn frouw und Hartman
687 1896 1432 2018 solche schadtliche that mit
669 1967 1426 2095 deren Zuuerbrungen, Im S.
669 2058 1446 2172 Ihan, hette er wol wollen zu
683 2129 1401 2242 vor syn und den Hartm
681 2192 1460 2307 er habe imme aber nit uff syn lb
697 2255 1467 2395 nit anderer gstelt mit imme s
672 2325 1464 2475 gfüert und an syn beth gelegt
684 2432 1377 2541 ales ein bderbmansen
681 2479 1465 2609 er alles redliches zutrinnet,
688 2584 1399 2689 nun etwas böses durch
1452 46 2339 167 tet vnd von Ime schaff, das er dem
1443 111 2381 242 Hartman an sy ehebeth gelegt ver
1470 184 2342 312 fält worden, so batte er vochen
1474 236 2390 386 vch mn. g. H. vnd gnedige ver¬
1462 309 2351 466 Zychung, dan er von soll her
1458 363 2379 542 verüebten schandtlichen hat, ganntz
1483 443 2417 592 nüt gemüht habe, Wyl er aber erst
1486 518 2411 673 Jetz solliches leid vernemen mūeße
1500 599 2410 752 wiche er sich wol gegen syner E
1498 699 1738 819 zuhalten.
