2665 3031
557 26 1383 189 i frentzigkhofer de
339 144 1405 306 hes glaser Krämer, vürtig von Nech
715 251 1358 396 unnd syn fronw
578 421 1407 593 uff schrytag den 8. novenbris
594 537 1414 675 1 22 jars in Eywasen an
575 628 1414 720 hören vnd gegenwurtigkeit des
617 696 1429 832 Ehrenuesten Fromen, Fursicht
616 773 1438 912 Ersamen, vnd Wysen Herren das
625 849 1446 956 Terbers Zurh vnd deß klein
641 930 1444 1016 Khats Hans Lūdwig Lūgsfūr
655 1013 1450 1131 gers der burgeren, Melaus
658 1087 1454 1189 Kilchbergern Großweibtls, vnd
686 1169 1462 1284 etlicher weiblen tn. g. h. vnnd
681 1254 1453 1356 Oberen Dieneren, handt Nee¬
682 1324 1482 1455 Brentzen Vofer der gloser pürt
692 1424 1481 1542 von Vechtagen, vnd syn hußfe
701 1505 1486 1618 zu Marzil mit unfd ohne Mah
719 1580 1360 1715 bekent und verzüchen.
722 1682 1500 1842 Nemlichen wie d sy leide, vor¬
727 1804 1491 1904 shmmer tagen Zum Storhen
724 1863 1511 1980 zu Hanns Oberstägt dem kes
736 1930 1525 2037 und einem Stüli genamet fol
742 2001 1521 2100 vnd mit einanderem ein Trunst
761 2082 1529 2207 getten, als sy nun wol mit ein
759 2150 1519 2288 annderen Ins trunk komen se
760 2257 1530 2345 Pöeter Merli von Worlauffen
766 2300 1538 2446 d by zne gsen, habe geste
767 2368 1538 2523 Stitli inne Brentzigkofer
772 2448 1540 2563 gewißen, er solle dem were
796 2523 1550 2643 vnd Molchen verkauffen dan
795 2610 1553 2725 auße an einem orts eim gand
803 2680 1531 2777 feller voll und solle mur h
799 2756 1283 2861 sy den wirtz fur
1463 2786 1554 2866 prech
2411 22 2476 86 29
1477 47 2427 176 dan er und der oberstägt wellen
1517 149 2482 262 imme das molchen währen und solle
1522 227 2502 335 er demnach syn ußgäben gelst von
1505 300 2513 442 dem verkaufften Molchen dannen
1546 412 2519 519 nemen, wellichem Irem anwysen leid
1551 462 2521 574 er Brentzigehofer gevolget, vnd vff
1543 555 2509 693 deß Stubis angeben hin gedachtem
1536 623 2527 758 Merli Zwen E. Rncken vmb 13 l
1555 716 2543 872 verkolfft, vnd habe er fur beideshne
1569 798 2544 932 gspanen die vort darufhm gegen
1582 881 2523 1030 wirth versprochen, win In derselben
1597 967 2548 1109 nacht nud habe gesagter Stüili inne
1597 1035 2541 1175 gefangnen und den oberstäg gan
1605 1132 2554 1250 Stherl zu dem  Koller darinen
1599 1210 2508 1344 das Molchen gsein gefüert, welchen die
1621 1305 2553 1426 beide stüli und oberstäg uffgebrochen,
1619 1376 2559 1512 und er geflangne ob habe darzwüschn
1625 1465 2535 1567 die wacht gehext und hab nit da
1624 1531 2499 1659 unß fünff fübel mit gsolnem
1616 1596 2577 1717 Ancken und nacht bäsen darußent
1649 1680 2556 1797 fröntbdet und wyl sy es niht alles
1650 1758 2509 1858 tragen mögen, ein theil daruon
1655 1822 2509 1947 versteckt, vnd hernach die andere
1659 1900 2506 2000 nacht, durch Ime gefangnen vnd
1646 1966 2509 2056 vn frome wie auch durch In
1658 2016 2569 2132 oberstäg gerecht und in herren Lien
1673 2100 2569 2210 hart von Werdts Matten tragen
1680 2174 2541 2276 worden alda sy den gefüechlet und
1688 2226 2455 2344 mit einanderen zechet habent.
1690 2301 2572 2409 Hernach nun habnit s den überrest
1699 2373 2529 2479 an Ancken und käsen, der mehrer
1695 2448 2590 2544 theil dem jungen Wyrich dem küpfer
1710 2501 2490 2607 schmidt und das ander zweien ahr
1706 2551 2571 2668 goneren gerkoufft, vnd 3 erloßte
1712 2637 2417 2733 gelt mit einanderen gethelt
