<?xml version="1.0" encoding="UTF-8" standalone="yes"?>
<PcGts xmlns="http://schema.primaresearch.org/PAGE/gts/pagecontent/2013-07-15" xmlns:xsi="http://www.w3.org/2001/XMLSchema-instance" xsi:schemaLocation="http://schema.primaresearch.org/PAGE/gts/pagecontent/2013-07-15 http://schema.primaresearch.org/PAGE/gts/pagecontent/2013-07-15/pagecontent.xsd">
    <Metadata>
        <Creator>prov=READ-COOP:name=TrHtr:version=1.9.0:model_id=51170:date=10_05_2023_10:26</Creator>
        <Created>2020-09-22T11:08:20.775+02:00</Created>
        <LastChange>2023-05-10T10:26:11.774Z</LastChange>
        <TranskribusMetadata docId="1334812" pageId="52358676" pageNr="1" tsid="121398916" status="IN_PROGRESS" userId="537" imgUrl="https://files.transkribus.eu/Get?id=DRHTOAYPRXZVPRDBUSBTADVD&amp;fileType=view" xmlUrl="https://files.transkribus.eu/Get?id=BFUIJYILYCCEAMZLKOJYIDBY" imageId="15435683"/>
    </Metadata>
    <Page imageFilename="Turmbuch 1622_00001-20200922_094044.jpg" imageWidth="3117" imageHeight="3044">
        <ReadingOrder>
            <OrderedGroup id="ro_1687513799839" caption="Regions reading order">
                <RegionRefIndexed index="0" regionRef="r1"/>
            </OrderedGroup>
        </ReadingOrder>
        <TextRegion orientation="0.0" id="r1" custom="readingOrder {index:0;}">
            <Coords points="1443,139 1443,2836 2717,2836 2717,139"/>
            <TextLine id="r1l1" custom="readingOrder {index:0;}">
                <Coords points="2604,181 2611,182 2617,189 2632,181 2638,182 2646,89 2639,88 2633,94 2626,94 2625,96 2620,92 2612,92"/>
                <Baseline points="2612,171 2643,168"/>
                <TextEquiv>
                    <Unicode>7</Unicode>
                </TextEquiv>
            </TextLine>
            <TextLine id="r1l2" custom="readingOrder {index:1;}">
                <Coords points="2327,210 2353,200 2369,207 2404,205 2426,220 2443,210 2457,216 2465,210 2471,216 2490,214 2490,111 2460,112 2442,125 2434,118 2400,124 2384,118 2349,133 2327,129"/>
                <Baseline points="2334,183 2360,185 2387,186 2413,186 2440,185 2466,185 2493,183"/>
                <TextEquiv>
                    <Unicode>' H62</Unicode>
                </TextEquiv>
            </TextLine>
            <TextLine id="r1l3" custom="readingOrder {index:2;}">
                <Coords points="2169,217 2195,218 2203,225 2216,226 2222,221 2233,221 2245,210 2252,210 2252,148 2242,150 2238,146 2229,147 2218,142 2199,158 2178,164 2169,163"/>
                <Baseline points="2177,201 2203,200 2229,200 2255,201"/>
                <TextEquiv>
                    <Unicode>C</Unicode>
                </TextEquiv>
            </TextLine>
            <TextLine id="r1l4" custom="readingOrder {index:3;}">
                <Coords points="1809,476 1936,486 2208,445 2258,482 2372,439 2455,489 2540,492 2610,444 2612,307 2488,288 2408,222 2340,239 2240,216 2100,315 1945,207 1870,258 1813,256"/>
                <Baseline points="1818,438 1857,440 1897,441 1937,443 1977,443 2016,444 2056,444 2096,444 2136,444 2175,443 2215,443 2255,441 2295,440 2334,439 2374,437 2414,435 2454,434 2493,432 2533,430 2573,426 2613,425"/>
                <TextEquiv>
                    <Unicode>Frantz Nage</Unicode>
                </TextEquiv>
            </TextLine>
            <TextLine id="r1l5" custom="readingOrder {index:4;}">
                <Coords points="1841,598 1958,555 1994,582 2041,551 2065,571 2227,545 2304,568 2385,547 2513,572 2580,555 2581,492 2455,489 2386,447 2260,482 2207,445 2128,473 1844,475"/>
                <Baseline points="1850,554 1886,554 1923,553 1959,552 1996,551 2033,551 2069,549 2106,549 2143,548 2179,546 2216,546 2253,545 2289,544 2326,543 2363,542 2399,542 2436,542 2473,540 2509,540 2546,540 2583,540"/>
                <TextEquiv>
                    <Unicode>Stig von Vetten</Unicode>
                </TextEquiv>
            </TextLine>
            <TextLine id="r1l6" custom="readingOrder {index:5;}">
                <Coords points="1858,688 1939,657 2000,660 2035,696 2208,697 2301,649 2550,646 2570,640 2573,563 2349,554 2222,582 2173,558 2127,581 2056,562 1987,581 1959,555 1863,580"/>
                <Baseline points="1866,660 1901,658 1936,657 1972,656 2007,654 2043,651 2078,650 2113,648 2149,647 2184,645 2220,644 2255,642 2290,641 2326,639 2361,637 2397,636 2432,634 2467,632 2503,630 2538,629 2574,627"/>
                <TextEquiv>
                    <Unicode>Jetzmalen aber</Unicode>
                </TextEquiv>
            </TextLine>
            <TextLine id="r1l7" custom="readingOrder {index:6;}">
                <Coords points="1867,768 1918,775 1967,745 2172,793 2202,764 2571,732 2479,643 2389,686 2300,649 2209,699 2034,700 2007,680 1958,708 1868,686"/>
                <Baseline points="1874,746 1910,744 1947,742 1984,741 2021,740 2057,740 2094,740 2131,740 2168,740 2205,740 2241,741 2278,741 2315,741 2352,740 2389,740 2425,740 2462,738 2499,737 2536,734 2573,732"/>
                <TextEquiv>
                    <Unicode>und wonhafft zu Mar¬</Unicode>
                </TextEquiv>
            </TextLine>
            <TextLine id="r1l8" custom="readingOrder {index:7;}">
                <Coords points="1898,861 1964,838 2017,857 2072,832 2116,859 2171,843 2253,881 2301,865 2305,768 2269,755 2252,771 2203,764 2168,795 2061,766 1972,812 1942,795 1901,803"/>
                <Baseline points="1905,839 1930,835 1955,830 1980,827 2005,825 2030,824 2055,822 2080,821 2106,821 2131,819 2156,819 2181,819 2206,819 2231,818 2256,818 2281,816 2307,815"/>
                <TextEquiv>
                    <Unicode>wyler.</Unicode>
                </TextEquiv>
            </TextLine>
            <TextLine id="r1l9" custom="readingOrder {index:8;}">
                <Coords points="1723,868 1730,869 1739,861 1743,859 1748,861 1754,857 1774,861 1779,786 1770,784 1754,771 1746,779 1739,781 1735,777 1728,776"/>
                <Baseline points="1731,840 1779,837"/>
                <TextEquiv>
                    <Unicode>1</Unicode>
                </TextEquiv>
            </TextLine>
            <TextLine id="r1l10" custom="readingOrder {index:9;}">
                <Coords points="1724,1126 2056,1074 2196,1103 2253,1058 2357,1052 2424,1086 2552,1037 2712,1059 2715,996 2590,950 2335,989 2256,957 2062,1012 1991,983 1946,1003 1832,892 1738,887"/>
                <Baseline points="1733,1085 1782,1082 1831,1080 1880,1077 1929,1074 1979,1073 2028,1070 2077,1068 2126,1065 2175,1062 2225,1061 2274,1058 2323,1054 2372,1053 2421,1049 2471,1046 2520,1043 2569,1039 2618,1036 2667,1031 2717,1026"/>
                <TextEquiv>
                    <Unicode>Alls dan verschmertigen Herr</Unicode>
                </TextEquiv>
            </TextLine>
            <TextLine id="r1l11" custom="readingOrder {index:10;}">
                <Coords points="1655,1191 2048,1141 2386,1156 2548,1125 2611,1157 2692,1135 2694,1099 2256,1059 2199,1104 2134,1078 2056,1116 1897,1082 1825,1131 1752,1074 1661,1089"/>
                <Baseline points="1664,1160 1715,1157 1767,1154 1818,1152 1870,1149 1922,1146 1973,1145 2025,1142 2076,1139 2128,1136 2180,1134 2231,1131 2283,1130 2334,1128 2386,1126 2438,1125 2489,1124 2541,1122 2592,1122 2644,1121 2696,1121"/>
                <TextEquiv>
                    <Unicode>Marsus Morlodt Herr zu München¬</Unicode>
                </TextEquiv>
            </TextLine>
            <TextLine id="r1l12" custom="readingOrder {index:11;}">
                <Coords points="1708,1234 1779,1262 1821,1227 2094,1212 2220,1247 2322,1201 2362,1242 2532,1200 2651,1222 2654,1152 2544,1125 2483,1157 2258,1148 2199,1183 2115,1147 2058,1179 2018,1145 1711,1176"/>
                <Baseline points="1716,1226 1762,1224 1809,1222 1856,1221 1903,1218 1950,1217 1997,1214 2044,1212 2091,1211 2138,1208 2185,1206 2231,1204 2278,1202 2325,1200 2372,1198 2419,1197 2466,1196 2513,1194 2560,1193 2607,1193 2654,1193"/>
                <TextEquiv>
                    <Unicode>wyler, mit einem Schrifftlichen bricht,</Unicode>
                </TextEquiv>
            </TextLine>
            <TextLine id="r1l13" custom="readingOrder {index:12;}">
                <Coords points="1701,1339 1769,1299 1817,1326 1898,1295 1945,1326 2014,1303 2060,1345 2349,1272 2468,1331 2570,1267 2665,1295 2668,1215 2533,1201 2362,1242 2320,1201 2205,1259 2102,1211 1989,1251 1704,1240"/>
                <Baseline points="1710,1295 1758,1295 1806,1293 1854,1292 1902,1290 1950,1289 1998,1287 2046,1284 2094,1283 2142,1279 2190,1277 2238,1275 2286,1272 2334,1271 2382,1268 2430,1268 2478,1266 2526,1266 2574,1268 2622,1268 2670,1271"/>
                <TextEquiv>
                    <Unicode>Frantz Nagell synen Müller daselbsten,</Unicode>
                </TextEquiv>
            </TextLine>
            <TextLine id="r1l14" custom="readingOrder {index:13;}">
                <Coords points="1707,1411 1942,1375 2003,1405 2091,1370 2163,1406 2363,1353 2646,1373 2672,1313 2585,1287 2413,1330 2270,1287 2143,1334 1934,1317 1899,1344 1768,1299 1710,1342"/>
                <Baseline points="1716,1368 1763,1370 1811,1370 1859,1370 1907,1370 1955,1368 2003,1368 2050,1365 2098,1365 2146,1362 2194,1359 2242,1357 2290,1355 2338,1352 2385,1350 2433,1348 2481,1346 2529,1344 2577,1343 2625,1341 2673,1341"/>
                <TextEquiv>
                    <Unicode>gfengklich allhar geschickt, darinnen er den</Unicode>
                </TextEquiv>
            </TextLine>
            <TextLine id="r1l15" custom="readingOrder {index:14;}">
                <Coords points="1623,1457 1764,1476 1879,1436 2094,1457 2203,1427 2300,1462 2337,1433 2626,1417 2626,1382 2564,1361 2505,1389 2363,1353 2295,1395 2142,1413 2096,1373 1995,1407 1770,1380 1699,1418 1626,1383"/>
                <Baseline points="1631,1436 1683,1437 1736,1437 1788,1437 1841,1436 1893,1435 1946,1433 1999,1431 2051,1430 2104,1428 2156,1426 2209,1424 2261,1422 2314,1419 2367,1418 2419,1416 2472,1415 2524,1413 2577,1412 2630,1412"/>
                <TextEquiv>
                    <Unicode>Müller Viler Sachen anclagt, sonderlichen</Unicode>
                </TextEquiv>
            </TextLine>
            <TextLine id="r1l16" custom="readingOrder {index:15;}">
                <Coords points="1681,1511 2081,1515 2336,1481 2390,1517 2488,1485 2593,1503 2650,1482 2651,1432 2518,1450 2478,1415 2304,1463 2155,1435 1967,1475 1918,1445 1682,1484"/>
                <Baseline points="1688,1502 1736,1501 1784,1500 1832,1499 1880,1497 1928,1496 1976,1494 2025,1493 2073,1491 2121,1488 2169,1487 2217,1485 2265,1484 2313,1482 2362,1480 2410,1478 2458,1476 2506,1475 2554,1474 2602,1473 2651,1472"/>
                <TextEquiv>
                    <Unicode>aber, das er der Muller verschinen Win¬</Unicode>
                </TextEquiv>
            </TextLine>
            <TextLine id="r1l17" custom="readingOrder {index:16;}">
                <Coords points="1675,1577 1876,1557 1955,1584 1998,1560 2030,1588 2257,1543 2384,1582 2479,1537 2615,1560 2616,1513 2389,1517 2335,1481 2021,1535 1959,1506 1676,1515"/>
                <Baseline points="1682,1563 1728,1562 1775,1560 1822,1559 1869,1557 1916,1556 1962,1553 2009,1551 2056,1549 2103,1548 2150,1545 2196,1544 2243,1542 2290,1541 2337,1539 2384,1538 2430,1536 2477,1536 2524,1535 2571,1535 2618,1535"/>
                <TextEquiv>
                    <Unicode>ters, vil mehr getreits verkaufft, weder</Unicode>
                </TextEquiv>
            </TextLine>
            <TextLine id="r1l18" custom="readingOrder {index:17;}">
                <Coords points="1502,1588 1526,1593 1529,1596 1543,1590 1553,1591 1560,1584 1566,1584 1569,1526 1562,1526 1559,1529 1547,1516 1540,1515 1533,1521 1525,1517 1524,1519 1516,1513 1512,1515 1504,1513"/>
                <Baseline points="1509,1578 1539,1575 1569,1575"/>
                <TextEquiv>
                    <Unicode>6</Unicode>
                </TextEquiv>
            </TextLine>
            <TextLine id="r1l19" custom="readingOrder {index:18;}">
                <Coords points="1655,1633 1894,1623 1961,1663 2085,1618 2227,1601 2280,1636 2350,1602 2570,1606 2606,1575 2473,1543 2386,1583 2264,1547 2030,1588 1998,1559 1955,1584 1905,1565 1837,1601 1657,1586"/>
                <Baseline points="1662,1623 1709,1622 1756,1620 1803,1618 1851,1616 1898,1614 1945,1611 1992,1609 2040,1607 2087,1605 2134,1604 2181,1601 2229,1599 2276,1598 2323,1596 2370,1595 2418,1593 2465,1593 2512,1593 2559,1593 2607,1593"/>
                <TextEquiv>
                    <Unicode>aber er mit syner Müli gepurendering</Unicode>
                </TextEquiv>
            </TextLine>
            <TextLine id="r1l20" custom="readingOrder {index:19;}">
                <Coords points="1635,1710 1977,1677 2069,1716 2151,1676 2203,1704 2305,1661 2456,1655 2562,1676 2599,1667 2602,1597 2430,1640 2351,1601 2280,1636 2245,1606 1868,1662 1639,1633"/>
                <Baseline points="1643,1685 1691,1683 1739,1680 1787,1677 1835,1676 1883,1673 1931,1670 1979,1668 2027,1667 2075,1665 2123,1663 2171,1661 2219,1659 2267,1658 2315,1656 2363,1655 2411,1653 2459,1652 2507,1650 2555,1649 2604,1649"/>
                <TextEquiv>
                    <Unicode>gewinnen mögen, Vnnd das er mit sy</Unicode>
                </TextEquiv>
            </TextLine>
            <TextLine id="r1l21" custom="readingOrder {index:20;}">
                <Coords points="1615,1764 1693,1781 1862,1735 1915,1768 2085,1730 2132,1755 2269,1724 2562,1746 2564,1661 2225,1708 2174,1684 2066,1716 2029,1686 1961,1716 1716,1681 1617,1713"/>
                <Baseline points="1622,1748 1669,1744 1716,1742 1763,1740 1811,1737 1858,1735 1905,1734 1952,1731 2000,1730 2047,1728 2094,1727 2141,1725 2189,1724 2236,1723 2283,1721 2330,1721 2378,1719 2425,1718 2472,1717 2519,1716 2567,1715"/>
                <TextEquiv>
                    <Unicode>deß hr. zwöyen Knechten, welche aber</Unicode>
                </TextEquiv>
            </TextLine>
            <TextLine id="r1l22" custom="readingOrder {index:21;}">
                <Coords points="1636,1812 2083,1821 2123,1788 2306,1825 2555,1790 2557,1741 2446,1766 2275,1724 2149,1774 1999,1737 1898,1768 1862,1735 1795,1778 1695,1782 1637,1756"/>
                <Baseline points="1643,1799 1688,1797 1734,1797 1780,1796 1826,1794 1871,1794 1917,1793 1963,1792 2009,1791 2054,1790 2100,1790 2146,1788 2192,1788 2237,1787 2283,1785 2329,1784 2375,1783 2420,1782 2466,1781 2512,1779 2558,1778"/>
                <TextEquiv>
                    <Unicode>Vor verfließung des Jars v dem die</Unicode>
                </TextEquiv>
            </TextLine>
            <TextLine id="r1l23" custom="readingOrder {index:22;}">
                <Coords points="1605,1880 2061,1853 2110,1883 2351,1850 2457,1890 2521,1825 2260,1826 2155,1795 2013,1827 1868,1795 1787,1828 1685,1797 1608,1814"/>
                <Baseline points="1614,1860 1659,1860 1704,1859 1750,1859 1795,1857 1841,1856 1886,1856 1932,1854 1977,1853 2023,1851 2068,1851 2113,1850 2159,1848 2204,1848 2250,1847 2295,1845 2341,1845 2386,1844 2432,1844 2477,1842 2523,1842"/>
                <TextEquiv>
                    <Unicode>gestanden, die Ime nit allein an wyn</Unicode>
                </TextEquiv>
            </TextLine>
            <TextLine id="r1l24" custom="readingOrder {index:23;}">
                <Coords points="1611,1936 1868,1951 2030,1920 2229,1964 2369,1908 2535,1927 2536,1853 2477,1889 2422,1867 2319,1897 2271,1854 2036,1905 1992,1862 1914,1902 1812,1868 1747,1905 1666,1877 1611,1905"/>
                <Baseline points="1619,1923 1667,1925 1715,1925 1764,1925 1812,1923 1860,1923 1909,1921 1957,1919 2005,1917 2054,1916 2102,1914 2151,1913 2199,1910 2247,1910 2296,1908 2344,1908 2392,1908 2441,1908 2489,1910 2538,1911"/>
                <TextEquiv>
                    <Unicode>sonder auch ann Korn Inn synem abwesen</Unicode>
                </TextEquiv>
            </TextLine>
            <TextLine id="r1l25" custom="readingOrder {index:24;}">
                <Coords points="1593,2000 1852,2025 1911,1995 2038,2013 2283,1973 2490,1989 2515,1908 2402,1950 2359,1916 2230,1964 2063,1932 1684,1955 1595,1925"/>
                <Baseline points="1601,1983 1646,1986 1692,1988 1738,1989 1784,1989 1830,1989 1875,1988 1921,1987 1967,1985 2013,1983 2059,1981 2104,1979 2150,1976 2196,1974 2242,1972 2288,1970 2333,1968 2379,1968 2425,1967 2471,1967 2517,1968"/>
                <TextEquiv>
                    <Unicode>übel hußgehalten, Ime das entfrombde</Unicode>
                </TextEquiv>
            </TextLine>
            <TextLine id="r1l26" custom="readingOrder {index:25;}">
                <Coords points="1547,2047 1652,2051 1707,2092 1751,2060 1773,2081 2105,2039 2336,2080 2492,2039 2493,1987 2416,1973 2329,2020 2249,1989 2134,2025 2089,1991 2022,2025 1702,1998 1653,2029 1595,1995 1548,2018"/>
                <Baseline points="1554,2042 1601,2045 1648,2046 1695,2048 1742,2048 1789,2048 1836,2047 1883,2046 1930,2045 1977,2043 2025,2041 2072,2040 2119,2037 2166,2036 2213,2034 2260,2033 2307,2032 2354,2031 2401,2031 2448,2031 2496,2033"/>
                <TextEquiv>
                    <Unicode>Korn zu gebracht, umb einen Ringen fenn</Unicode>
                </TextEquiv>
            </TextLine>
            <TextLine id="r1l27" custom="readingOrder {index:26;}">
                <Coords points="1571,2120 2026,2141 2076,2102 2298,2142 2434,2106 2484,2128 2486,2043 2213,2089 2116,2040 2007,2088 1956,2054 1779,2087 1750,2060 1715,2091 1652,2051 1573,2057"/>
                <Baseline points="1578,2103 1623,2103 1668,2103 1714,2103 1759,2103 1805,2103 1850,2103 1896,2103 1941,2103 1987,2102 2032,2102 2077,2102 2123,2102 2168,2100 2214,2100 2259,2100 2305,2100 2350,2100 2396,2100 2441,2100 2487,2100"/>
                <TextEquiv>
                    <Unicode>verkaufft, vnnd den gestolen wyn, mit</Unicode>
                </TextEquiv>
            </TextLine>
            <TextLine id="r1l28" custom="readingOrder {index:27;}">
                <Coords points="1559,2167 1786,2193 1857,2169 1899,2195 2271,2164 2407,2190 2455,2168 2455,2110 2298,2142 2078,2102 1996,2150 1908,2118 1794,2120 1750,2150 1559,2116"/>
                <Baseline points="1565,2157 1609,2160 1654,2161 1698,2162 1743,2163 1788,2163 1832,2163 1877,2163 1921,2163 1966,2162 2011,2162 2055,2160 2100,2160 2144,2159 2189,2159 2234,2157 2278,2157 2323,2157 2367,2157 2412,2157 2457,2157"/>
                <TextEquiv>
                    <Unicode>einanderen Verschleunt, vnd verdempt ha¬</Unicode>
                </TextEquiv>
            </TextLine>
            <TextLine id="r1l29" custom="readingOrder {index:28;}">
                <Coords points="1547,2224 1657,2243 2023,2222 2084,2252 2413,2221 2413,2190 2317,2195 2270,2164 2169,2196 2084,2168 1921,2198 1858,2172 1791,2202 1547,2168"/>
                <Baseline points="1554,2217 1597,2218 1640,2219 1683,2219 1726,2220 1769,2220 1812,2220 1856,2219 1899,2219 1942,2219 1985,2218 2028,2217 2071,2216 2114,2216 2158,2214 2201,2214 2244,2214 2287,2213 2330,2213 2373,2213 2417,2213"/>
                <TextEquiv>
                    <Unicode>bindt, vnd allso vnteinslich mit Ime den</Unicode>
                </TextEquiv>
            </TextLine>
            <TextLine id="r1l30" custom="readingOrder {index:29;}">
                <Coords points="1561,2284 1582,2270 1685,2279 1701,2293 1730,2282 1773,2311 1863,2276 1897,2296 1915,2280 1990,2293 1989,2230 1963,2220 1938,2239 1857,2242 1827,2226 1801,2247 1754,2249 1716,2238 1654,2249 1615,2221 1561,2225"/>
                <Baseline points="1568,2261 1594,2262 1621,2263 1647,2264 1674,2264 1700,2265 1727,2265 1753,2266 1780,2267 1806,2267 1833,2267 1859,2266 1886,2265 1912,2265 1939,2265 1965,2264 1992,2262"/>
                <TextEquiv>
                    <Unicode>Kerren gehandlet.</Unicode>
                </TextEquiv>
            </TextLine>
            <TextLine id="r1l31" custom="readingOrder {index:30;}">
                <Coords points="1539,2367 2408,2336 2408,2253 2355,2275 2292,2243 1968,2317 1870,2275 1734,2310 1540,2251"/>
                <Baseline points="1547,2331 1590,2333 1633,2334 1676,2334 1720,2336 1763,2336 1806,2336 1849,2334 1893,2334 1936,2334 1979,2333 2022,2333 2066,2331 2109,2331 2152,2331 2195,2330 2239,2330 2282,2330 2325,2330 2368,2330 2412,2331"/>
                <TextEquiv>
                    <Unicode>Welche deß herren von Wylers, wider</Unicode>
                </TextEquiv>
            </TextLine>
            <TextLine id="r1l32" custom="readingOrder {index:31;}">
                <Coords points="1525,2400 1726,2394 1861,2424 2051,2390 2169,2419 2224,2389 2266,2421 2302,2393 2404,2395 2404,2358 2205,2338 2169,2366 2040,2373 1918,2338 1865,2372 1769,2347 1734,2375 1595,2381 1525,2350"/>
                <Baseline points="1532,2390 1575,2391 1619,2391 1663,2391 1707,2391 1751,2391 1794,2391 1838,2391 1882,2391 1926,2391 1970,2390 2013,2390 2057,2390 2101,2388 2145,2388 2189,2387 2232,2387 2276,2386 2320,2385 2364,2385 2408,2384"/>
                <TextEquiv>
                    <Unicode>synen Müller gefürte anclagten habenden</Unicode>
                </TextEquiv>
            </TextLine>
            <TextLine id="r1l33" custom="readingOrder {index:32;}">
                <Coords points="1497,2473 1806,2453 1867,2486 1928,2450 2080,2478 2119,2443 2381,2442 2381,2395 2205,2421 2045,2394 1898,2428 1498,2403"/>
                <Baseline points="1505,2447 1551,2447 1597,2447 1643,2447 1690,2447 1736,2447 1782,2447 1828,2445 1875,2445 1921,2444 1967,2442 2013,2442 2060,2441 2106,2439 2152,2438 2198,2438 2245,2436 2291,2436 2337,2435 2384,2435"/>
                <TextEquiv>
                    <Unicode>Vr. g.n nothwendig erachtet. sonderlich das</Unicode>
                </TextEquiv>
            </TextLine>
            <TextLine id="r1l34" custom="readingOrder {index:33;}">
                <Coords points="1929,2482 1932,2482 1933,2480 1936,2480 1937,2482 1939,2479 1945,2479 1947,2478 1941,2450 1936,2450 1934,2451 1934,2452 1929,2450 1928,2451 1923,2451"/>
                <Baseline points="1934,2471 1949,2474"/>
                <TextEquiv>
                    <Unicode>2</Unicode>
                </TextEquiv>
            </TextLine>
            <TextLine id="r1l35" custom="readingOrder {index:34;}">
                <Coords points="1489,2533 1738,2506 1796,2531 1823,2509 2040,2527 2127,2501 2367,2530 2368,2444 2301,2468 2110,2455 2074,2483 1991,2457 1942,2490 1806,2453 1686,2483 1640,2452 1490,2473"/>
                <Baseline points="1496,2504 1539,2504 1583,2504 1627,2504 1671,2503 1715,2502 1758,2502 1802,2501 1846,2501 1890,2499 1934,2499 1977,2498 2021,2497 2065,2496 2109,2495 2153,2495 2196,2493 2240,2493 2284,2493 2328,2492 2372,2492"/>
                <TextEquiv>
                    <Unicode>by jetzigen Tuhren Züthen, etliche derglo¬</Unicode>
                </TextEquiv>
            </TextLine>
            <TextLine id="r1l36" custom="readingOrder {index:35;}">
                <Coords points="1451,2582 2058,2552 2310,2570 2310,2513 2267,2504 2045,2539 1972,2509 1919,2541 1830,2509 1733,2539 1686,2511 1521,2540 1451,2508"/>
                <Baseline points="1458,2550 1500,2550 1543,2552 1586,2553 1629,2553 1671,2553 1714,2553 1757,2553 1800,2553 1842,2553 1885,2552 1928,2552 1971,2552 2013,2550 2056,2550 2099,2550 2142,2550 2184,2549 2227,2549 2270,2549 2313,2550"/>
                <TextEquiv>
                    <Unicode>Müller, der Untrüw halber mächtig Im¬</Unicode>
                </TextEquiv>
            </TextLine>
            <TextLine id="r1l37" custom="readingOrder {index:36;}">
                <Coords points="1459,2616 1543,2642 1693,2607 1757,2637 1912,2608 1994,2638 2116,2604 2252,2648 2320,2616 2320,2577 2280,2568 1459,2576"/>
                <Baseline points="1466,2601 1508,2603 1551,2605 1594,2606 1637,2606 1680,2606 1723,2606 1766,2606 1809,2606 1852,2604 1895,2604 1937,2603 1980,2603 2023,2603 2066,2601 2109,2603 2152,2603 2195,2604 2238,2605 2281,2607 2324,2610"/>
                <TextEquiv>
                    <Unicode>verdachte) einen in Hr. Zeuerordnen, der</Unicode>
                </TextEquiv>
            </TextLine>
            <TextLine id="r1l38" custom="readingOrder {index:37;}">
                <Coords points="1441,2687 1775,2661 1986,2695 2057,2666 2332,2677 2332,2625 2253,2648 2120,2615 1994,2638 1914,2607 1737,2639 1442,2620"/>
                <Baseline points="1449,2660 1493,2660 1537,2661 1581,2661 1626,2661 1670,2661 1714,2660 1758,2660 1803,2660 1847,2660 1891,2660 1935,2658 1980,2658 2024,2658 2068,2658 2112,2658 2157,2658 2201,2660 2245,2660 2289,2661 2334,2663"/>
                <TextEquiv>
                    <Unicode>Den gefangnen Frantz Nagell den Muller</Unicode>
                </TextEquiv>
            </TextLine>
            <TextLine id="r1l39" custom="readingOrder {index:38;}">
                <Coords points="1453,2727 1499,2749 1644,2715 2184,2735 2286,2725 2286,2687 2145,2694 2058,2666 1951,2700 1774,2661 1719,2695 1606,2668 1453,2691"/>
                <Baseline points="1460,2715 1501,2715 1542,2715 1584,2714 1625,2714 1667,2714 1708,2714 1750,2714 1791,2712 1833,2712 1874,2712 1915,2712 1957,2712 1998,2712 2040,2712 2081,2712 2123,2712 2164,2714 2206,2714 2247,2715 2289,2715"/>
                <TextEquiv>
                    <Unicode>Wher die vom Herren von Wyler wider</Unicode>
                </TextEquiv>
            </TextLine>
            <TextLine id="r1l40" custom="readingOrder {index:39;}">
                <Coords points="1436,2794 1535,2772 1624,2810 1685,2771 1770,2770 1906,2810 2153,2772 2295,2810 2295,2731 2270,2722 2051,2743 1948,2717 1755,2752 1637,2717 1525,2754 1436,2721"/>
                <Baseline points="1443,2763 1485,2763 1528,2765 1571,2765 1614,2763 1656,2763 1699,2763 1742,2763 1785,2763 1827,2763 1870,2762 1913,2762 1956,2762 1998,2762 2041,2762 2084,2763 2127,2763 2169,2763 2212,2765 2255,2765 2298,2766"/>
                <TextEquiv>
                    <Unicode>Iene gefürten anclagten zu Marzili</Unicode>
                </TextEquiv>
            </TextLine>
            <TextLine id="r1l41" custom="readingOrder {index:40;}">
                <Coords points="2047,2836 2065,2838 2071,2830 2089,2836 2105,2823 2136,2846 2142,2841 2154,2847 2177,2846 2174,2772 2122,2793 2107,2784 2087,2789 2066,2777 2044,2783"/>
                <Baseline points="2054,2820 2079,2818 2104,2818 2129,2820 2154,2822 2180,2823"/>
                <TextEquiv>
                    <Unicode>mit</Unicode>
                </TextEquiv>
            </TextLine>
            <TextEquiv>
                <Unicode>







































</Unicode>
            </TextEquiv>
        </TextRegion>
    </Page>
</PcGts>
