2465 3014
335 68 1257 212 habe der Bür mit ime dem Müller
342 153 1297 267 dergstalt geredt, das er imme das maß korn
348 229 1255 345 sider geben muehen, Vnnd will
354 299 1292 442 also keiner wytteren diebstälen i
364 367 1288 501 gegangen zuhaben nit gestendig vn
374 445 1302 584 eieget hiemit gott und uch m gth
374 517 1308 641 vnd gnedige verzychung, vnd erbüeget
392 625 933 725 Ich aller beserung an¬
356 677 1301 824 Ist das erste mahl lahr, das ander mit dem
389 779 1322 885 kleinen tein, ds dritt mahl, mit zweit
392 853 1301 945 vnd das verche mahl Ime der dritt ouch
405 921 1289 1029 anghenct, ab nit volrkommen uffzo
409 1008 1309 1099 worden. Ist den 29. julii 1622 jars
397 1059 1321 1183 von ir g erkent, das die sach für in 9h
385 1143 1269 1258 Rhat und bürger solle gebracht werden
434 1239 1222 1575 Hanl Nagel
464 1528 1266 1640 Müller zu Munchenwyler, sunst
515 1607 1226 1703 pürtig in der landtvogthy
704 1669 1071 1782 HansAnna
398 1722 1302 1909 vff Janres Tag den 27. July diß
426 1855 1312 1948 1622 gars in by yn anhören und
474 1907 1317 2030 gegenwürtigkeit, deß ehr fromen
475 1981 1320 2119 fursichtigen Ir Amen vnd Sysenn
473 2048 1315 2159 Herren Vnwentz Spätigs dß kleinen
456 2118 1345 2224 Rhates, Sammel Sturlers der burgeren
448 2177 1312 2286 Mielans Kilchbergers Großweibells
477 2244 1366 2360 und etlicher weiblen in 9lh und obere
824 2310 1093 2383 gegenw�rstiger
461 2321 1327 2442 Dieneren hat frantz, Nagell
484 2371 1348 2499 Müller von Münhenwyler, sunst
490 2464 1348 2575 by onsana pürtig, aber alhie zu
938 2508 1375 2622 nach
487 2545 930 2639 Litschland erhogen
499 2597 1372 2712 nolgende Diebstäl, vnnd schwere mid
509 2643 1373 2764 handlung zu Marzili bekent und ver
518 2693 1373 2851 sëchen, auch mit der marter bestänziget
1517 61 2359 212 Lemlichen vnd daß Ersten, das nach
1497 171 2406 276 dem er von dem Herren zu Minchen
1514 240 2358 354 wyler ein gwüße Mühli daselbsten
1504 297 2331 435 könfflichen an sich gebracht, auch die
1517 391 2344 513 Müli nun ein zytt dahar beseßenn
1525 459 2347 579 gent disen verschinen Minger deß
1528 531 2355 651 Herren beide Knechten, der ein Vll
1522 582 2401 726 Müller, so vff dismalen alhie In dem
1520 680 2414 781 Schallenwerck, der ander Cristen ge¬
1536 763 2432 881 nampt, desen zunamen ob Ime en¬
1533 817 2397 949 bewüßt, mithin zu ime in die Mül
1557 858 2452 1012 ch Zewermen komen, habe er der Müller
1363 963 1514 1044 effen sy
1535 960 2452 1072 die beide Knechtenhangredt, er manglete
1368 1031 1524 1088 nder an
1359 1071 1467 1118 derei
1527 1026 2397 1160 reuerenter) ynen schwynen, vnd Roß
1547 1101 2387 1243 wol haber, ob s ime nit etwan umb
1539 1170 2423 1291 haber helffen könnit, Vffwelliches
1555 1231 2395 1367 wißen deß Herren Kärrknecht, Ime
2053 1312 2178 1354 1162
1549 1284 2465 1417 geantworttet, wan der, Ime demknicht
1560 1370 2408 1501 für die Roß haber gebe, wolle) er Ime
1375 1447 2440 1549 dem Müllerwol etwan etliche maß daruon weol
1554 1505 2337 1620 deeentlaßen, desen dan er d
1548 1566 2410 1681 Müller wol zu widi gsin und habe imme
1547 1636 2410 1755 diser Cristen albereit, by den 4. mäßen
1561 1702 2401 1820 werden laßen, da er dn Ime vmben Jedes
2015 1758 2414 1865 Nach demselbigen
1553 1783 1905 1898 dey batzen geben
1564 1839 2422 1950 mit habe er frantz Nagel der gefang¬
1571 1890 2395 2010 ne, I y die angeduten beide knechten
1838 1967 1922 2009 N
1567 1958 2403 2073 auch angredt,  hiemit ouch angewisen
1554 2019 2352 2131 das sy noch mittlen trachten sollint
1573 2087 2371 2187 wie sy Irem Herren vber In Kornhuß
1576 2158 2385 2257 komen, Ime Kornn daruß nemen, vi
1577 2187 2405 2324 ime hernach daselbige zu beingen könne
1402 2230 1556 2306 dem müller
1563 2267 2415 2392 dan sy die beide knechten mangleit mit
1560 2318 2411 2475 hin gelt, wan sy die knechten ime nu
1559 2422 2350 2527 hornn Zubringen werdnit, welle er
1560 2440 2407 2587 Inen hingegen alwegen gelt werden laßen
2366 2539 2400 2589 n
1556 2544 2367 2658 uff welliche deß Müllers bose andeg
1556 2606 2368 2726 die beide Knechten anlaß genomen, wie
