2602 2992
548 93 1296 227 Item so seye er ouch gestendig, das nach
578 169 1304 294 er uff ein zyth zu Rniken für lorgen
581 247 1303 378 beschickt unnd daselbsten cesusuriert w
551 310 1285 424 Das er hernach Jans Teunknerwyß
579 390 1309 501 selbigen uff lyb unnd leben getrönet
561 429 1314 557 Denne das er ouch vorgeschribne Wortn
585 525 1296 630 hren verdwanten leid ußgoßen habe,
575 580 1311 700 Es seye aber das ein unnd ander von der
589 659 1311 762 herren obervogt zwüschen inen aller
602 734 1310 855 seiths versprüchet unnd verhediget, on
612 805 1303 922 einen ersatz darumb zwüschen hnengeg
597 885 1326 978 sezt worden, Allso das siderhar der herren
603 944 1321 1059 veedwant wie auch ein ehrsam Corgrih
603 1016 1326 1122 mit ime gantz wol content unnd zus
606 1103 1347 1207 bidtet allso m g gantz demütig, dar
606 1177 1329 1279 dieselb, ann diß syn versprechen nit kein
621 1247 1332 1352 möge, die wolle vff synen Costen, Vßer
619 1307 1334 1397 disen daniden Information synes leben
627 1372 1333 1467 vnnd wesens vffnemmen, so werde mann
619 1426 1326 1546 finden, das er sich ußert disen syner
630 1495 1333 1603 gangnen fähleren, die ime von grunt
642 1565 1326 1675 ynes hertzens leidt seyendt Ehrlich vnd
625 1636 1019 1715 wol verhalten habe.
1464 24 2364 256 Janna Kaser seß.
1359 197 2266 356 hafft zu Niderbuelig khofen.
1426 356 2310 511 Als dan mng. g. E. vnd Oberen
1455 451 2335 570 verstendgiet worden, was gstalten und
1459 520 2332 668 maßen Hanns Jacob Müller und
1474 603 2378 729 Hanns Käster deß herren von Rychen
1464 673 2348 803 bachß Zwungßanghörige, fur einen
1471 759 2326 899 faltsch und betrug zu uffrichtung
1477 817 2374 947 eines brieffs vernebt und gebrucht
1471 906 2370 1032 haben söllent. Inden deßwegen
1475 982 2424 1116 Irem burger, dem Herren von Rychen¬
1491 1057 2389 1168 bach benolchen, gedachte beide Müller
1487 1128 2356 1254 vnd Käser, vs Iyner gfangenschafft
1490 1218 2372 1321 In die er sy einmal angenomen, In
1484 1290 2373 1408 zr 9. gwelt vnd verhafftung, zu
1986 1363 2022 1418 1
1487 1368 2306 1485 remittieren vnd Zuuerschaffen.
1481 1431 2304 1548 damit sy beidersyths vber ds zu
1486 1504 2328 1607 Rychenbsach wider sy gefelte Vr¬
1503 1557 2310 1643 kundt und umb iren wisent
1502 1635 2387 1744 lichen betrug und faltsch der gebur
2251 1714 2379 1782 ch dem
1511 1705 2250 1790 nach exammiert werdnit, Wa
1514 1764 2376 1884 aber gedachter Hanns Jacob Müller
1514 1837 2391 1939 den ernst, von V. g. synes bet ver¬
1514 1907 2360 2016 nebten betrugß gespürt, hat er
1509 1974 2354 2095 der soch nit ußwarten, sonder sich
1505 2055 2396 2160 Vß dem staubgemacht vnd flüchtig
1521 2119 2393 2247 hußgesetzt, also das allein syn mit
1523 2205 2389 2313 hafft Hanns Käser verschinner tagen
1532 2270 2350 2380 gfengeklichen alhar gefuert, vnnd
1539 2352 2295 2470 veringe vnd g benelch, den 29.
2235 2422 2313 2478 de.
1513 2416 2232 2538 Martii diß 1623 gars durch
1524 2471 2401 2600 Ehrenlesten etc. Herren damidt Am¬
1550 2543 2409 2671 man züscher und deß kleinen khats
1532 2619 2332 2746 In der Oberen gfangnnschafft vmb
