2128 3032
186 46 1001 176 Synen erlößten theil nun habe
228 141 1020 263 dem wirth zum storchen wegen
223 218 716 316 der imme schuldigen un
825 211 1025 324 bsprach
223 291 694 409 Vrigi hinderlegt
212 375 1035 501 So vil den Bad Keßel belanget
236 462 1038 585 so ime ist fürghalten frorden
242 539 1019 647 er nit denselbigen zu Blum
260 617 1037 724 stein entfrömbdet und hernach
254 694 1032 820 einem Kupferschmidt verkoufft
246 773 1041 888 hat er de vermeldet vnd anz
272 861 1050 964 wie das oberstäg denselbigen ve
264 944 1050 1054 untrüwret und iun einem schi
278 1010 1055 1124 nit wylt von der statt versteget
269 1091 1053 1190 habe, vnd hernach Iue augmut
272 1159 1056 1282 d wo er imme denselbigen verkon
272 1236 1058 1340 er imme 2 f lohn daruon geben
275 1318 1050 1434 wolle. Vff welliches gnnd dam
283 1390 1048 1516 ehr gefangne (by diser thüren zu
279 1466 1046 1554 auch etwas gerumen könne vs
277 1531 1062 1645 imme gefolget unnd hab nit s
260 1604 1049 1755 beidt den Reßel, dem Aupferst
268 1687 1063 1803 an dr Galtennothgassen gebracht
263 1759 1072 1885 er dan Ul die 7brisl gwig
224 1858 1069 1964 und habe er inen umb das eb ein
267 1928 1075 2058 ldi zegeben versprochen, Als
249 1988 1079 2140 r mgezwyfflet, das es i stolt
258 2077 1083 2210 syn werde habeer zuen den
284 2166 1075 2299 nit zahlen wellen, sy bringe
267 2267 1089 2397 in dan ein ordenlichen (schyn d
265 2321 1066 2483 hr gut sye, wellicher (scheit dan
250 2389 1084 2541 oierstäg dem mr zebgung sspr
249 2488 1061 2641 und daruf giweg gangen syt
1984 56 2044 115 30
1134 83 2040 224 vnnd wellent also keiner wytteren
1120 165 2080 264 unthaten noch diebstälen nit gestendig
1126 238 2090 366 syn, mit vermelden, das wan sy bede
1105 298 2073 425 nemolen zu dem Oberstag vnd
1122 375 2035 497 Stüibi, die sy zu solchem angwisen
1155 459 2068 570 kommen weren, ses Inen niemelen
1138 526 2104 637 darzu komen were, vnd battent
1159 599 2092 734 hiemit u g gantz demüetig umb
1137 690 1975 803 Verzychung vnd liberation.
1132 830 2060 969 Der man ist das j mol lähr, das
1184 914 2077 1028 and mit dem kleinen steinvff
1161 984 2106 1093 zogen worden. Vnnd diewyl de
1168 1063 2114 1172 Frome auch mit wyeters bekennen
1195 1134 2025 1238 wellen ist Ira allem mit der
1177 1207 1940 1324 marter tröüwt worden.
1175 1338 2098 1420 Dise beide Remöntschen sindt den 19
1111 1409 2097 1491 duee Novemb, mit enthen ußge¬
1218 1451 2081 1574 schmeitzt aber nit verwisen wordn
