2528 3033
2349 32 2391 87 24
433 -1 1314 144 Hierib gibt Käserman Ant: e
1463 44 2365 160 ober vff Inne schießen wolle, habe ab
459 109 1324 202 nit weniger, das nach dem der H Sch
1456 119 2366 234 gantz nüt im rtohr ghon, als ab er
467 170 1318 307 heiß von Buren, vil mehr vß racht
1444 188 2444 299 Leeman zu dem seinen großen steinvff¬
461 232 1333 373 keit, den ab von abstraffung wegen
1448 253 2396 384 gehept, vnd nach imme werffen wollen.
447 333 1313 453 Senes Kelcg Ziechers, mechtig am
1444 324 2376 461 habe er von syn Rohr fallen laßen,
1469 387 2428 512 um uber imne gezüget, sich also gegen
485 401 1321 514 allen ortten syner ampthy i
1471 476 2434 561 Imne wehren wellen, anlanget die schiruer
485 460 1333 601 len laßen Inse gfefgeblichen auf
1495 525 2413 643 so er damalen solle ußgoßen haben, zeigt
486 547 1322 672 nemmen, da er den wol gewüß
1492 601 2390 695 er an mte nit wusen, wies wytt er Im
547 615 1326 737 an er Imme zu dhendt werde, er
2094 662 2193 718 sye
1491 668 2435 768 trunck deshalben ußgebrochen, muese selbiges
496 695 1327 819 Inne nit allein vmb synes Kriei
1488 725 2372 836 an die Zeuighen lasen, so domolen, by vnd
481 786 1331 887 Ziechens willen hette wurd einfal
1478 797 2392 900 mit gsen, wo obr derglychen bschechen, bätte
496 834 1338 973 abstroffen, sonder Ime angentzern
1499 863 2289 967 er gott und n gumb verzychnng
490 922 1333 1040 zuuor vmb gring vrsach auch besche
1469 938 2395 1044 Beldnget, das er solle gredt haben als er
497 1004 1325 1112 Im In bösten thurn zete wer¬
1364 989 2406 1116 derstraß vom Joseph Leeman dem profosen er gfragt
1497 1065 2413 1166 worden, wo hin er wolle, er Ime geantwortfet
509 1067 1332 1172 lefen, vnd daselbst so lang als Ime
1487 1134 2389 1237 erfliehe, reverenter dschelmen, Ist erdihen
515 1135 1347 1244 gefellig hette verblyben laßen, da
1496 1199 2369 1300 kantlich habe hiemit den Profosen ge¬
528 1221 1345 1310 er vmb so vil geschochen, vnd deßwege
1502 1265 2401 1356 nenit, dan er Käserman erwysen wolle
514 1278 1338 1386 vilmolen an de h schicken loßenn
1833 1315 1869 1356 o
1527 1320 2063 1414 der Profoß ein solcher sr.
1487 1347 1519 1398 d
524 1349 1337 1450 dz er nit vmb so vil welle vff zu
1479 1374 2360 1478 Item als er befragt worden, ob er nit zu
540 1415 1345 1506 gathen, er wolle sich doch gutwillig
1477 1448 2385 1528 Arch Im Mirtzhuß gredt habe, man müeße
530 1480 1339 1583 by utir selbs zustellen und sich
1499 1509 2339 1604 Ime nit so lychtlich fachen, welle sach
948 1544 1020 1599 halb
548 1539 1353 1661 nes Krtegß zuge,versprechen, das
1511 1566 2343 1658 wol wehren, möge er mit der büchsen
1498 1618 2340 1697 mit schaffen, so wolle er sich mit dem
542 1607 1347 1732 aber angtwweren nit erschreßlich gsen, alß
1489 1664 2370 1767 Schwerdt wehrren, vnd dazs er nit zu deß
538 1687 1347 1794 das er von deswegen nit sicher syn mit
1504 1728 2368 1826 Schultheißen gfangenschafft welle, vnd
538 1738 1346 1859 welches den Zeine Köserman In ein
1494 1802 2334 1887 ds Kouppendichtly mueße wed Ime
551 1818 1348 1914 großen widrwillen gebracht, das er
1512 1852 1960 1953 nach syn gelt solt
556 1873 1350 1975 secher by synem ryb und kindeu
1444 1901 2344 2013 Zeigt, er ds darub an, wie das er Ja
837 1937 1024 1991 1inmaßen
549 1926 943 2054 blyben mögen,
964 1944 1360 2035 das er baldt hiez
1495 1973 2284 2077 gredt, wyl kein erbitten, an dem
558 2006 1347 2109 baldt dorthen gereißet und und
1518 2026 2293 2138 schultheisen synenthalben nüt gholffen
547 2073 1495 2175 sie er gar truncken von Arch kamshorn un
1505 2060 2376 2183 den das er im stetz nachgestelt das yendt¬
556 2143 1465 2237 da den Zum feeman, nebent aufwillen
1505 2140 2304 2247 lichesgredt, wyl der schultheiß, das
553 2199 1358 2314 Im dorff gestandi, er mit Ja solche
1486 2216 2294 2307 Tolppendichtli also vff Inne stelle
1415 2256 2355 2372 und einer gwalt an (amme bruchen dat
556 2265 1345 2388 wores gegen imme geredt wegen
1391 2331 2340 2428 begere, welle er sich weeren, wie er könne vnd
554 2321 1358 2442 Ime dan aller Oorhen ußgspächtn
1508 2393 2370 2483 möge, damit er imme mit in die hend
571 2373 1340 2508 und dan dem he anzeigt damit
1511 2467 1667 2533 werde.
581 2429 1351 2549 ine fachen konne, ouch Ime Kis
629 2504 1360 2608 n sunst by dem h stutz vertre
549 2573 1359 2654 dn hine umb so vil
556 2631 1344 2739 gerentzt, also das er In furvohr
571 2694 1361 2789 Ime gehept, vnd derglischen than
