2214 3143
83 100 1057 272 Letstlichen habe er hauptmans
178 202 1022 336 zu Langnouw, etliche kurpf
193 275 1050 417 und ander gattenzug genomen
186 339 980 461 Vnd aber daly hochlich bethuret,
979 409 1075 510 das
185 421 1022 537 zu solichen diebstälen, inne den
213 489 1040 624 große gnugte vnd mangel, ge¬
191 567 608 638 triben habe. lt
150 617 992 712 Ddise ist wägen synes wybsbrestens 2 mel här und
194 665 1007 770 einmal mit dem fleyren stein ufzogen wönnen.
628 732 729 832 man
30 777 997 909 mosnenaspar Myser aich vor
422 884 834 967 Angnouw
242 960 1074 1110 Iat nit wyters bekhendt: denn der
230 1063 1056 1166 ehwar auch zu hienogemelten
203 1137 1060 1247 Clans Schärer und Saterbärtzen
209 1201 1054 1311 komen und mit hilf derselben
198 1269 1043 1408 zwoy mas korn, schwynigs fleysch
200 1345 1009 1451 und etliches wyses möl gestolen.
240 1420 1067 1528 von welichen aber ime nit mehr
184 1483 802 1596 dann ein zuni worden.
146 1568 1009 1729 Und nachdem er auch gfragt worden
215 1674 980 1769 ußwas ursachen e nit heymzw
203 1742 1020 1849 dörffe. Hat er anzeygt, das beid
971 1818 1000 1853 1
221 1800 1066 1903 obgemelte syne gsponen ime tromtt
203 1866 1071 1980 Thalse etwas von inen ward sagen.
232 1927 1082 2048 sy inne toden und umbringen wellindt
155 1993 1023 2108 Wil also veinerr diebstalen, im
238 2080 1003 2177 minsten nit geständig syn. Und
227 2134 1040 2227 bittet also er, wie zuglych obgemelter
211 2180 1063 2297 Claus Scharer gott den allmöchtigen
227 2238 989 2360 und syn kome oberkeyt, umb
224 2307 834 2442 gnod und verzychung, etc.
641 2384 702 2462 g.
175 2372 1066 2517 Diser ms ist zum ersten mel lön
206 2471 1040 2597 und zum 2 mal mit dem kleynen
221 2529 797 2633 steyn ufzogen worden.
148 2634 1055 2755 Diser beyd sind uf ein glüpthin, das sy sich
221 2713 1066 2803 mit vernes alhar begäben wollindt, in jr grymet
220 2768 994 2868 zu irem wyb und kinderen gelasen worden.
2070 56 2150 105 121
1251 53 2046 211 Dietrich der Satteer Von¬
1139 123 1243 217 N
1310 170 1714 255 höchstettenn
1134 225 2133 367 Dmach Vli Dietrich der hattler von
1144 315 2061 459 zöchstetten, sampt syner tinnen
1144 389 2107 529 Anna, sonst genant die kuntballen
1156 448 1999 573 von kilchlindars von wagen
1177 517 2010 642 begangener diebstalen und
1172 590 2079 727 yhme getragnen zweyen ysinen
1142 652 2084 784 diechtrichen, auch andere verübten
1163 720 2044 844 ungebüren, von Jost Mose
1153 778 1999 923 dem Fryweybel zu Biglenn
1174 851 2100 981 gefänklich ynzogen, vnd alhar gfürt
1149 917 2063 1037 Alls ist e Dietrich mit syner kinnen
1172 995 2031 1111 hienachgemelt uf 12. septembris
1165 1061 2025 1163 dis 1623 jars in bywäsen und
1177 1126 2078 1242 gagenwürtigkeyt, des ehrenuesten
1162 1184 2073 1304 heren JoHans Meygers deß kleynen
1346 1258 2006 1352 Wanid Gatschets der
1161 1286 1342 1378 gthats
1177 1327 2084 1440 burgeren, vnd Vrs Lebes, Amans
1179 1396 2052 1509 abwasenheyt halbee zin Großweybel
1166 1453 2067 1577 kilchbärgers) und etlicher weyblen
1175 1513 2064 1625 myner gl. hl. vnd oberen dienern
1167 1566 2040 1693 ermag shatzedels) ernordelicher
1193 1631 2072 1755 massen examiniert. Welicher dann
1179 1699 2052 1813 nachmolgende Diebstäl vnd mis¬
1162 1766 2042 1879 handlungen zu Marzili bekhendt
1172 1836 2037 1946 auch mit der Martre ehalten und
1174 1924 1462 2020 bestättiget.
1116 2001 1982 2153 Dess ersten, habe er zu Kinitz,
1111 2068 2038 2211 einem gwusen landtman, mit
1160 2144 2025 2278 dem psinen Dietuch, syne Kaller
1177 2209 2048 2349 gröffnet und dans funf käsen
1180 2281 2041 2428 genomen: von welichen aber
1194 2333 2081 2480 syn eirnen eines schlyffers fromen
1185 2423 2051 2546 alhie Vnder der Kefi, Vie, alwagen
1189 2474 2100 2599 einen vmb 1 f verkoufft: vnd den
1175 2520 2100 2680 vbrigen aber, mit einandern verbrucht,
1151 2606 2070 2743 das jenige gält der käßgrauhdeen
1198 2681 1928 2798 noch umbezalt ußständig sye
