2440 3033
464 -1 1251 165 Thadani temie der
564 131 1251 268 Kräsmer Vßem Ormund
780 208 1022 331 pürtig
416 314 1276 472 Demnach verschinner tagen, von 1
461 440 1274 550 Ergweibel zu Wichtrach, mit
501 523 1281 652 einem schrifftlichen bricht, Thomn
479 614 1270 733 Mermet der Kramer usem O
503 683 1273 833 mundt gfencklichen alhar geschick
515 759 1284 884 worden, wegen er vnlangst zu M
524 846 1274 953 nngen uß einer weidt ein roß.
517 916 1278 1022 füert und hernach zu Allmein
525 1006 1279 1101 einem Niel Obersoldt genamp
525 1066 1279 1202 umb 58 f verkoufft, darim
530 1157 1262 1267 er Imne auch mit barem gelt
518 1233 1273 1331 zalt habe als aber der jeiigen
530 1286 1280 1424 das entfüerte roß gsin, das syne
539 1368 1278 1477 widerumb vernomen, habe er de
532 1447 1266 1549 selbige wie nit vnbillich wider
517 1534 1274 1649 zu synen handen gezogen und
526 1597 1272 1715 nihtet Nach demselbigen habe e
536 1666 1279 1791 sich widerumb begieben, dz gedacht
546 1749 1272 1850 gefangne uff Mitwuchen den
535 1827 1275 1926 dißmonats, mit etwas kram
536 1889 1272 2011 und spetzeryen widerumb ganß
550 1962 1280 2108 begen in das wirtzhuß kommen, da
545 2033 1251 2170 der gedachte Übersold, als welcher
538 2084 1265 2254 Roß von Ime erkaufft erfragt, vn
535 2168 1276 2311 troffen, imme syn ußgeben gelt wider
538 2254 1271 2390 abgenorderet, er gefangne ab zut
517 2304 1217 2456 zeigt, wie er das gelt nit mehr
1221 2366 1271 2433 se
544 2382 1366 2533 sonder daselbige zu Bastel umb Vikler
533 2452 1237 2603 vnd spetzeryen geben, Hieruff
534 2510 1276 2683 emit gesagter Abersoldt seine
523 2628 1290 2751 gebnen gelts widerumb erholen
522 2691 1261 2821 habe er dem Krämer die Wahrt
1202 2810 1251 2869 v
2246 40 2294 114 7
1376 73 2255 194 vnnd by sich habende Spetzery, sampt
1366 155 2312 276 funff Rychßthaleren genomen daruff
1366 221 2301 341 zu verhafftung gezogen, vnd durch den
1366 290 2301 418 Irgweibel gfengeklichen alhar geschickt
1393 411 1539 472 worden.
1397 428 2319 575 Weltlicher Chomsan Mermet nun uß
1393 535 2249 639 V. g. beuelch, durch den fromen
1381 599 2240 726 fürsichtigen ersammen und wysen
1396 663 2290 797 herren Johans Megger deß kleinen
1390 747 2300 865 Rhats Hanns Ludwig Ougspurgers
1374 826 2285 947 dir Būrzeren Niclans Kilchbergers
1399 932 2323 1012 Großweibels und etlicher weiblen mng
1395 984 2289 1090 h. vnd Oberen dieneren, zu Marzel¬
1412 1034 2321 1172 mit und ohne Marter examiniert
1410 1131 1811 1225 und befragt worden.
1412 1183 2291 1304 er hat nur gutwillig d bekent und
1406 1276 2277 1353 hernach mit der Marter erhalten, vnnd
1407 1330 2327 1450 bestättiget, wie das er syner handthierun
1428 1402 2240 1498 ein kramer und mit synem kram
1425 1463 2264 1581 alss Spetzery schürlitz schumer unnd
1428 1538 2289 1611 anderen kleinen sachen auch Inem Wyb
1418 1602 2289 1677 vnd kindt droben Im Ober vndt
1422 1672 2289 1781 von einem dorff zum anderen Zuche
1415 1734 2295 1845 und sich bißhero deselben mit Goc und
1430 1796 2319 1907 ehres beholffen habe, Vor etwas Zychs
1436 1865 2295 1967 nun habe er etwas geltlins zusamen
1433 1937 2254 2039 gebracht, vnd mit demselbigen daoben
1963 2007 2064 2063 alhar
1418 2011 2271 2106 von synem wyb und kinden gangenn
1416 2066 2292 2179 der meinung huet darumb Zekouffen
1416 2130 2283 2235 unnd mit syner handthierung wytters
1413 2196 2246 2298 vortzufharen, do sye er ob leider
1418 2261 2241 2378 alhie In disem Kriegß Zäppell, zu
1430 2336 2268 2424 etlichen liederlichen pprß komen
1425 2403 2214 2470 die Inne vberredt, ds er zu Herren
1419 2465 2261 2565 hauptman Zeeuder gedinget, als er
1427 2528 2215 2617 nun etliche tag vnd wuchen vff den
1434 2585 2249 2684 anzug gewarttet, habe er syn gelten
1438 2635 2250 2754 daruß er Mahren kouffen sollenn,
