3766 3100
679 -2 1684 161 nochleng truncken,
690 103 1821 277 sy die Frome gar mechtig
689 188 1800 348 worden, dan Hartman und die
712 310 1824 486 deren Ira mechtig angehalten
754 426 1837 573 also do sy heim gan wellen
748 518 1798 699 habe sy der Hartman unde
998 620 1230 711 lgder
769 625 1854 814 wirtshuß verfelt habe, sy
784 737 1853 896 lind dergstalten truncken gse
817 838 1846 991 das wo Hartman sich der that nit
814 937 1852 1099 hernach bernempt, sy nit mehr
825 1055 1854 1179 daruon gewucht zeige, sye aber
848 1132 1834 1272 Ira von grundt Ires hortzens
869 1214 1853 1382 leidt, bötte deswegen Gott, V.g
872 1314 1840 1444 vnd Jedmengeklich vmb Gzÿhr
891 1400 1840 1540 vnd habe sich sonst mit Jemandts
905 1484 1860 1609 anderen den grad damolt nit
898 1549 1854 1673 desem Hartman, der sy in trunken
928 1634 1853 1744 wyß zu disem Fal vberredt ver¬
931 1711 1858 1813 gangen, Ir Man ab, habe bis datu
944 1775 1863 1883 gantz nüt darnon gwüßt und nit
949 1832 1845 1968 anders darzu verholffen, den ß wo
965 1919 1838 2023 er sy herge laßen heimgan und
968 1966 1840 2078 nit mit imme zu das mirtshß
978 2035 1851 2148 genötet, es Ira nemalen darzu
975 2093 1357 2207 kommen were.
1024 2176 1872 2284 so vil das wyb tischen belanget, sye
989 2236 1838 2352 es also zugangen, das Ir Mat
1001 2277 1856 2392 mit dem Hartman zurechnengk
977 2330 1864 2447 sy Hartman grad domalen wirt
1002 2387 1843 2498 gsin, hab nit darnach also mit
1019 2435 1869 2570 ein anderen aller sy Ihs getruck
994 2504 1784 2615 do habe Hartman Joch etliche
1025 2546 1869 2660 chimpffred, vnd Zū gutem trū
1012 2597 1110 2677 zu
1305 2628 1849 2729 Man gsprochen, St
1023 2635 1777 2775 wer es wan di by iigner
1226 2720 1872 2848 und gh by dy der Prou
1870 1307 2009 1405 ene
1879 1389 1996 1435 s drunck
1888 1423 1997 1502 it thun
1959 -13 3369 211 Sy die Frome ob habe zme angentz
2005 100 3295 277 daruber geantworttet, sy welte
2008 224 3262 374 es mit Irem eignen Man In
2009 310 3335 483 ander leithen Hüseren nit thun, ver¬
2002 423 3259 609 geßen erst mit einem anderen
1996 539 3238 686 darub sy es allersyths beruwen
2004 631 3209 773 laßen, vnd sye dessen mit verners
1997 713 3233 867 gedacht, noch böses von Iuen ver¬
1998 840 2423 961 bracht worden.
1959 906 3126 1070 unlanget, das ir man der schäffer
1991 992 3209 1152 zu gra vff ein hyt zu dem Sterbet
1999 1078 3168 1243 gredt der Hartman habe inne vff¬
2000 1170 3116 1312 gwisen er solle zra vergeben vnd
2028 1247 3161 1391 dan ein andere grute Wit frome
2411 1334 2538 1403 wol
2015 1346 3089 1466 nemenst sye es, wahr das ir Man
2021 1417 3090 1560 es zu Ira also gsagt, sy setze aber
2018 1507 3096 1595 nit daruff, konne noch welle von
1996 1575 3084 1677 deswegen niemandts darumb an¬
2022 1626 3103 1753 clagen, habe es vom Hartman eich
2019 1696 3011 1822 nit ghört und sy beide ehelüeth
2002 1755 3008 1861 habeidt von deswegen mit desto
2025 1791 3047 1915 wirß mit einanderen glebt, sonder
2027 1875 3031 1978 ehrlich mit einanderen hußgehalten
2496 1959 2549 2053 2
2101 1972 2189 2042 gu
1930 2004 2946 2139 Als nun Ir Man Hans Schäffer zu
1987 2080 2955 2222 Iner frouwen gegenwirtigkeit
2012 2156 2987 2259 auch befragt worden, ob er von syner
2013 2191 2970 2317 frouwen begangeen hat, mit ge¬
2012 2279 2888 2365 wißt, vnd ob er nit villichter
2016 2322 2966 2429 wisenthaffter wyß darzu ver¬
2008 2376 2951 2487 holffen, vnd den hartman vff be¬
2013 2426 2907 2514 melt endthin nit allem mit
2019 2477 2903 2588 sich heimigfüert, vnd aūs sÿn beth
2017 2541 2957 2645 zu Ime vnd syuer frouwen ge¬
2000 2600 2868 2700 legt, vnd ai Morgen von Ien
2008 2643 2868 2754 beide vffgestandt, sonders auch
2004 2691 2847 2789 wol so baldt die Chroufe grad
2002 2705 2902 2845 uff ds endthin mit sich in der macht
