2232 3245
263 98 1083 310 anzeigt, er habe ein schuldt u
249 196 1013 330 vnd alle erlangete Rechte vn
223 246 1015 411 Anthom Wugners huß frou
254 325 1028 487 wan er de schuldt wolle er
253 432 1050 587 geben, vnd darumb werschaff
264 504 1007 617 gen, wan er die nit zubrfng
247 575 1000 721 Ime so vil bargelt geben.
278 654 1035 776 habe er von einem ein Re¬
267 724 1107 917 so imme auch vaß by den 6g
264 798 1044 947 so er zu wichtrach sthan lasen
265 879 1057 1023 wo er daselbige Roß vmb bo
260 951 971 1063 welle er es Ime auch geben
974 1016 1075 1106 soll
260 1029 1065 1167 es gan bhouwen, so er es noch
255 1105 1072 1232 finde vnd es ime gfalle, ingee
255 1193 1072 1305 es nemen, wo er es ob nit i
260 1244 968 1356 vnd es syn verkouffer wie
978 1329 1051 1384 ge¬
263 1328 1039 1444 nommen habe, so welle er Ine
247 1396 1039 1535 ein ander roß, das so vil würth
260 1452 998 1610 oder das bare gelt darfür geben
246 1522 1051 1659 Item so wolle er Ime leeman
245 1605 1060 1742 602 bar gelt geben das die boff
251 1697 1056 1790 mochen wurde wo er In minde
256 1743 1036 1869 gnugsamlich welle versichereme
241 1830 1067 1942 und verburgen und ein verschrybung
238 1891 1036 2009 darumb vffrichten, welle er Ime
239 1967 1051 2097 ds lasen zu komen, desen alleßß
226 2001 1032 2161 Leeman wol zfrid ihm habe
238 2096 1037 2204 also Leeman daruff Zwen bure
248 2176 1023 2279 erbötten, vnd zu einem schryber
241 2259 1032 2351 gangen vnd den b. angeben, er
211 2297 1033 2411 unnd habe aber gantz nit gewüst
227 2369 1039 2487 das das underpfandt nit mehr in deß
203 2435 1051 2551 hermans hende und das der h schilt
217 2499 1017 2628 heß zu Buren es schon zu syn
215 2582 1008 2687 handt Zogen, sonst er seich wol
206 2625 1042 2751 vor dem Leeman verhüetet hätt.
196 2699 1032 2818 Wiy nun der b durch den schryb mer
214 2757 989 2886 ferdiget worden. Habe er sind
197 2821 999 2960 vorzwüschen, vmb gelt gelagt
1261 56 2136 241 Ade Haupt un der Reformation
1241 175 2120 347 aß vor den gezingen dargezelt
1198 270 2076 434 wnde, wie dem auch beschechen, als
1216 332 2157 492 in das bare gelt dem schuldner
1178 408 2144 580 zrar einmal dargezeltt worden, habe
1832 483 1937 539 1 Ja
1186 486 2093 652 er kinder hernach deßselbige wider zu
1182 581 2100 726 ynen hande genomen, bis an 30 f
1177 645 2070 801 Iue Leeman abr In aller sylhs
1189 722 2124 873 ggeneürtigkeit die ime ubergeben
1177 809 2074 932 e Schuldt und roß daron für
1181 880 2038 1014 400 lb abgrechnet aūch 10dte
1178 944 2028 1092 für Inne alhie bezalt, vnd de
1175 1033 2023 1163 vbrigen 20 l als er Binder
1160 1115 2068 1253 b. verkoūfft, aūch geben, hiemit den
1168 1188 2080 1318 b also und nit anderer gstalten
1172 1276 1455 1396 vffgerichtet
1155 1373 2004 1503 Ien be. so er dem Aman vffem
1154 1463 1986 1597 södel solle geben haben, sye grad
1162 1542 2033 1653 diser gsin, da den der Amon Ine
1157 1596 2048 1732 den b. vnd hingegen er dem Aman
1157 1658 2046 1787 das d empfangne Roß, vnd empfoche
1154 1740 1976 1835 der ammn, werde auch syn schuldt an
1163 1813 1997 1893 einem Metzger zu Biel da er Ine
1156 1850 2022 1961 auch daran geben selbs vom Metzger
1157 1928 1363 2033 memnen
1155 1988 2005 2120 Jenne so habe er ach zwar . Geörg
1131 2065 1981 2181 Koch, einen be vff Bendicht Risen
1147 2108 2035 2266 200g zhalts bezolungs wyß geben)
1143 2187 1971 2312 dr nun hinweg sye und nit wüßen
1157 2272 1958 2391 mige, ob er daran werde mögen
1138 2306 1980 2465 hobhafft syn oder nit: er erbiete sich
1150 2384 2009 2500 ab den . darumb zu gutem ver¬
1144 2450 1945 2558 miegen Zuuerfheren, wie er dan
1142 2494 1963 2640 mit dem h schon darumb geredt
1128 2557 1958 2705 habe, vnd der Herr desen auch wol
1133 2667 1338 2753 Zufrid.
2111 56 2174 129 92
