2398 3080
26 2396 111 2481 t
121 85 1026 196 Hatt also brürte Wedi Murer
208 150 1004 258 näben anderen underschidenlichen
212 205 1029 293 und vilfaltige ime fürgehaltnen
213 254 1029 347 artielen vernelt und wytes
187 302 1040 419 hiegantz keynen wag, darus e
207 360 933 466 auch stärben) verhächen noch
206 400 1052 538 bekhennen wellen. Deme dase
192 473 1060 600 leyster zu Mesten, vor Vngehen
206 541 1061 665 14 tagen zwey Lynlachen und
205 597 1071 693 ein Hembd, so vor dene hus an der
224 660 1086 781 tangen gehanget genommen. Darumb
196 736 1062 834 e dann zu Buehebarg, allenstlich
182 800 983 892 fär. Demnach mit einem stei
200 856 1002 964 volgendts mit 2 und letstlich
209 926 1002 1021 nit 3 steynen. Wie auch zu
183 986 967 1083 angen vor etwas zyts don
191 1039 976 1160 eines gwisen könschlags wag
176 1111 1086 1225 darumb e khundtschafft reden sollen)
149 1180 702 1291 lär efzogen worden.
164 1334 1070 1459 und nachdene er auch entlichen gfragt
171 1431 1070 1532 wie lang er dem stalen nachzogen.
163 1490 1050 1601 hat er geantwortet, dye engfaren
205 1556 1052 1653 14. tag. Und habe also ußelt
213 1629 1056 1725 obegelten geringen (iebstälenn
217 1684 1065 1785 vor, vnd nach, Vnes vnd wyters
221 1747 1044 1864 malefizischs nit verbracht, daruf
203 1825 1008 1929 e damo (das dem alßo sye stärben
161 1902 315 1977 wolle
193 1997 1071 2104 st 2 malbär und das 3 mal mit
184 2071 1008 2175 dem kleinen steing ufgezogn woren
188 2255 1089 2388 Vetter Worete vßem Augstal
161 2368 1057 2486 Ist uf 15. aprilis 1624 ußgestigen, ime
183 2443 1087 2532 ein sr abgehouwen und mit dem Eyden
182 2497 950 2595 von statt und land verwisen wolen.
141 2587 214 2655 zab
1192 -2 2054 129 Hnns Billet von Konfdorf
1175 75 2117 216 Dennach Kurtz abgeloffner tagen Hans
1172 148 1995 276 sillet von Koufdorf der kilchör
1184 217 2057 317 Hurner und elsbet Zwang, hön
1184 270 1647 376 eheliche husfrauw
1657 286 2134 386 Von Melchior
1198 332 2128 455 Bugtbaum dem Eryweybel zu Bonstach
1208 393 2089 489 mit einem brichtschrybennit allein
1211 442 2122 574 pernrend und von wagen, des taglichs
1185 502 2051 625 zwuchen Inere beyden zmerwarenden
1198 558 2134 674 zwytrachts zanks und widewillens.
1240 632 2137 740 bndels ouch andere von Inen gehörten
1222 668 2134 796 un christenliche sachen und abschüchlichen
1223 734 2041 837 enthatentc. Uß benalch niglhen
1226 805 2173 912 und oberen, gwarsammlich und gehänklich
1226 855 2158 968 alhar gfürt. Deohalben nun vngde
1230 917 2083 1041 gfallen, einen uß deo mittlen
1231 988 2158 1105 zeuerodnen, berurte beyde ehemonth
1251 1053 2149 1142 zwol gmein, als ouch absündelich nuor¬
1239 1106 2137 1208 delich mansen hierüber zueraminken.
1192 1176 2128 1282 Als ist solichem ergden bevälch uf
1228 1246 2166 1339 montag den 19. aprilis diß touffenden
1242 1319 2096 1405 1624 jars ime bywäsen anhören
1248 1369 2040 1457 vnd gegenwürtigkeit des Fromen
1244 1432 2133 1541 ehrennesten fürnamen, fürichtigen wol
1217 1487 2087 1588 geachten wysen herren, s damit
1223 1549 2035 1659 Kellembärgs des Kleynen Khat
1249 1624 2133 1708 Niclans Kilchbarges Grosweybels
1264 1670 2185 1789 sampt etlicher weyblew ndge herren v dienen
1265 1725 2201 1827 alhie Im der Mannenkeli, bestelmaß
1262 1787 2130 1908 exequiert und in volg gstelt worden
1248 1907 2228 2036 und als hieruf berürter billet, allernstlichen
1273 1985 2131 2109 befragt: Was die zeiigen durch syn
1268 2037 2224 2166 Iusfrouw wider Inne ußgeschlagnen wort
1782 2092 2242 2199 hatt er geantwortet.
1279 2126 1636 2225 und reden gsin.
1266 2158 2172 2271 Sye nit ohn deme das sy inne offt, vnnd
1252 2173 2265 2340 Dik gantz vngebürlich tituliert, Vnd Insonder
1289 2285 2251 2421 heyt imme verschine zyte, ouch under anderem
1305 2340 2245 2467 jedoch ine zanß fürgehalten. Er habe
1306 2400 2259 2527 mit ira Creverenter von Bzgden z'malden)
1290 2477 2212 2593 Vnshrisfenlich ghandlet: Das aber In
1275 2523 2290 2666 Wenigisten nit sye. Damo sy Ime hochlichen
1287 2624 1490 2719 vberthan
2007 2730 2186 2811 vertat.
2177 48 2307 137 o1
