4133 3125
1075 151 1920 261 anad Sselin Zuget, wie das er von
1126 226 1911 358 ihter Elßbeth ghört, das y ußgoßen
1224 319 1906 437 d unsers Herrgocts schwantz
1111 385 1350 473 r sich tc.
1100 451 1941 601 d diewyl diß sachen vnd anclegte
1136 537 1953 658 ber na. H. den Eherichter ob Insprech
1111 601 1934 747 gepuren wollen, Habnit sy deswegen
1047 663 1933 801 deselbe an N. G. Clangen laßen, dari
1084 754 1653 855 ich dro gfallen zuhandtlen
1019 831 1947 958 Nach dem dem nun V. g. durch den Thor¬
1014 897 1922 1017 grichtlichen fürtrag, die anclag, wie auch
1020 977 1939 1123 der gefangenen Elßbeth Hoffnern versprechen
1034 1049 1897 1181 angehört und verstanden. Habent un g
1017 1115 1893 1254 die wichtigkeit syn erachtet, das sy die
1009 1206 1938 1314 frome, der angeklagten gruwlich Ghogs¬
1031 1268 1920 1379 lesterlichen reden, vnd ob sy derselben gesten
1028 1330 1841 1451 dis ynwelle oer nit mit allem ernst
1027 1402 1926 1541 befragt, vnd exammiert werde, Detwegen
1009 1471 1891 1594 dem Fromen Fürsichtigen, ersamen vnd
1028 1547 1869 1659 Wysen Herren Grath Fischer als irem
1024 1595 1870 1714 geliebten Mitrhat dise exammation
1028 1670 1879 1787 gegen der gefangnen Elßbeth Haffnerin
1025 1732 1852 1865 mit ernsthafften wortten, zuuerrichten
1025 1799 1800 1912 Vffgebundtn, welliches nun der Herr
1021 1864 1848 1995 uff montag den 22. julii 1622 jars
1016 1934 1898 2051 In by syn herren Großweibell kilchber
1022 2000 1861 2119 gerss, In der Mannenbefi, gegen Ira
1016 2070 1406 2164 Prouwen verrichtet
1010 2114 1881 2248 Die haßt anders nit wellen der worttenhalb
1031 2198 1894 2305 bekantlich syn, den dnach dem sy von irer
1019 2261 1854 2368 nachpur einer, Wüberin erst etzwan
1013 2314 1856 2427 dry e4 truchen nach dem frobidem ye
1019 2396 1855 2494 angredt worden, ob sy die Elßbeth den
1019 2445 1898 2562 Probidem auch gehört, habe sy die gefangne
1021 2499 1842 2614 Ira geantworget, ha, dan vnn der
1022 2558 1845 2686 Almechtig Gott, von vnser Sūndenn
1026 2645 1829 2754 willen straffen werde, vnnd wan
1037 2706 1907 2809 unser Herrgoch, yner Guldmer Madell
1745 2792 1870 2857 rüere
2758 161 2833 235 4.
2174 182 2920 304 ruere, so gebe es aentzmalen also
2157 264 2937 361 bidem, vnd bewege sich aentzmolen
2150 343 2868 447 Ergerich, vnnd das sy die gefangne
2156 414 2856 504 wort von den alten vil gehört
2167 484 2877 569 demnach wan vnser Herrgott Iu
2159 539 2906 660 Wadell also schnege, gutts Jar de
2170 610 2953 735 nolgendt, anders habe, sy nit gre
2171 680 2970 797 sich ouch nit anderst erfinden, zuge¬
2168 735 2982 855 thes an Goth, vnnd by Irer Sehelp
2181 807 3065 921 bligkeit zwar wol habe s vor schor
2166 872 2993 984 gricht gredt ach mißredt, das anstath
2172 951 2253 1002 sagen
2164 952 3024 1040 reden wollen, Es sy vnsers Herrgoths
2154 1021 3068 1135 guldmer Waredl, habe y gredt, er erschutte
2165 1102 3002 1192 ynen hurmien schnabel, aber das
2150 1153 3074 1268 hieuor weder deß Maal Lischs, schwantzes
2164 1222 3044 1331 noch schweiffs gedacht, werde sich vff V
2150 1289 3004 1405 neiner mehr erfinden, dan Ira solche
2145 1343 3027 1456 Gottslesterliche reeden niemalen zn sen
2144 1425 3041 1537 komen bätte auch Gott den Allmechtig
2133 1484 2966 1601 dan er sy in solche große vnd schware
2144 1556 2977 1680 Sundt nit wolle fallen laßen, vnnd
2135 1631 3045 1752 hiemit auch vngt umb gnedige verzychung
