2401 3236
177 49 1047 189 Bendicht Buwmen us der
504 149 759 233 Coupecsivyl
261 235 1091 386 anmars kurtz abgeloffnen tagen, bendicht
204 334 1105 442 Buwman der Schnöder uß der k Conpers
234 405 1092 522 wyl, von dem Heren landtvogt zu
228 466 1077 578 Trachselwald, mit einem substäntzlichen
233 523 1086 648 brichtschryben gwarsammlich und gehang
233 596 1077 711 alhar gfurt, zn welichem vnder ander
220 662 1077 753 vermaldet, was gstalt und maßen er
232 729 1079 844 gefangne bißhar dem stälen nachzogen
232 795 1035 903 vnd vnderschidenlichen pesonen das Ire
229 854 1023 981 entfrombdet: Da nun uf diß
226 931 1059 1037 end hin u gden luth Rhatzedels gefallen
233 981 1071 1114 einen vß dero mitlen zeueordnen
207 1067 1061 1172 den baurten Buwman, mit noth¬
203 1128 1069 1225 wendige marter, hieube zuexammen
193 1190 1069 1309 Welicher jr gdie benales nun uf mitwurs
203 1263 1001 1370 Den 7. aprilis dis 1624 jars jnn
236 1327 1055 1441 bywäsen, anhören und gegenwürtig keyt
208 1410 1017 1515 deß ehrennesten f f f wolgrachten
227 1451 1056 1578 wysen hrn, Her Damnel Holtzes deß
230 1517 1041 1644 kleynen ghats, Daind Bingnouwes
221 1567 1091 1686 derburgn Nichaus kilchbargs groß,
208 1644 1095 1759 weybels, sampt etlicher weyblen ndglcht
235 1702 1023 1807 vnd oberen dienern tc exequiert vnd
226 1784 776 1878 In volg gstelt worden.
203 1847 1067 1971 hat also gedachte Buwman harnachge-
205 1910 1056 2036 schribene unghandlangen und diebstäl
227 1966 1025 2074 alhie zu marzile bekhendt, auch mit
215 2016 1018 2123 der marter ehalten und bestättiget
184 2074 1086 2244 namlichen und daß ersten, da sye byd
217 2175 1090 2286 war: Nachdem er vngfar vor 15 Jaren
224 2231 1068 2346 mit einem gienssen pson ein trunk gethan,
189 2283 1091 2417 dieselbe volgendts mit ime heym zu synet
204 2348 1080 2476 schwiger by deo 2 dotzmalen hushäblich gsin,
209 2402 1088 2550 gefürt und begärt, das man ime sowol,
208 2461 1055 2588 als synen geladenen gast zu nacht gaben
211 2518 1058 2652 welte, syn husfrauw soliches mit gutem
188 2565 1045 2696 willen thun, die Schwiger ab dasselbig
192 2617 1105 2758 zie keinen wag gestatten wellen. Habe e
178 2690 1057 2841 sy leyder übel tractiert und geschlagen,
2080 -2 2155 61 181
1196 8 2091 175 weliches er sich dozmalen von hin
1193 88 2150 231 In das Wallikland gelaßen und daselben
1196 153 2108 290 mne ouch zne Lureerpiet, vnd ander
1198 230 2021 340 gethen siderhar, vmb ein anderen
1212 299 2084 408 ynene sehnsdehandtwark und den
1198 369 2075 487 horben nachgezogen, entzwüschen
1200 424 2085 551 abe syn wys, vnd kind, daheymen
1193 496 2108 614 Weyslos sitzen laßen und sich ungefar
1194 560 2105 656 vor anderthalb jaren, an ein verloffne
1194 613 2102 739 hirnen gehankt, mit der er biß uf
1190 694 2085 818 dise stund herumb gezogen vnd by gra
1212 744 1955 855 im vnehlich kind erzuget habe.
1187 868 2121 1016 Demnach, Als er vngfarlich vor einem
1191 940 2076 1058 Jar, abermal Inn wallis kommen, vnd
1203 1020 2115 1129 zu einem waber (so sich Joachim nambtet)
1193 1072 2066 1190 und zu welichem e thundtsame gmacht
1192 1153 2088 1262 komen: habe Inne derselb vß fänstern
1211 1225 2039 1313 tänglinen, etliche Instrument vnnd
1174 1294 2077 1393 dietrich zuzeüsten underrichtet, mit
1190 1361 2012 1452 welichem er nachmolgende dpychen
1170 1422 2074 1512 und Kallel nächtlicher wyl geöffnet
1159 1543 2081 1666 Als erstlichen zu Gumiswald im Graben
1191 1625 2022 1743 ein dpychel ufgethan und darus
1191 1670 2078 1809 6. Leyben brott, 5 hembder,, wulhembd
1179 1760 1992 1881 dey wyberrök, 1 e hosen und ein
1187 1818 2049 1945 magshaing, wie ouch den p schu
1189 1934 1413 2024 gestolen.
1161 1990 2055 2161 Denne vffen Wasen by Sumiswald
1185 2082 2034 2207 Einem gwussen Landtman auch ein
1177 2148 2031 2287 spych ufgethan und uß dem selbenn
1193 2197 2028 2342 erstlich 1n mantel, demnach 2 rök,
1191 2285 1970 2397 2. ell zwilchm triltuch 6 p schu
1175 2324 2058 2483 by maß nydlen und ein stuk lader
1206 2435 1421 2532 entzukt
1142 2456 2108 2634 zu Züsel Lurener gebiets, einem wät
1194 2525 2090 2691 us synene käller 7. leyben brot 4 maßs
1191 2602 2009 2737 aufen und ein sibenmaßig fäßi
1204 2691 1734 2806 vor trusen genomen.
2209 62 2301 157 7of
