2146 3021
109 347 208 427 lich
205 62 1011 176 Vnd will also im nunsten nit
214 150 1020 266 stendig, noch bekantlich syn, das
248 237 1020 363 gewicht, das syn schwäger untring
244 305 1003 446 inem Hren soligen hußgehalten
236 397 1009 492 vnd Im od etwas Vnntriret
215 460 1015 589 habe, sonder habe synem furgeben
236 532 1005 654 geglapt, das der fy selig ime
229 626 1020 738 die 1000 lb vergabet habe, auc
239 696 1035 817 werde, es sich nit erfinden, vnd eh
238 763 1011 879 riert sich also synes läbens undwüsen
237 836 1021 943 halber uff sne nachpüren und erpütet
234 896 1016 979 umb all syn haab und gut und wie er de
236 957 1008 1055 sy vberkomen vnd eroberet, rechenschaff
218 1042 367 1134 heben
461 1031 1011 1129 Ist allein Lar vff zog wor
247 1150 1017 1256 so vil deß vhgerißnen frouw belan¬
260 1206 1022 1313 get, die zeigt an, wie das sy wolm
261 1288 1017 1391 hin gespürt, das es mit irem mo
647 1351 743 1417 snit
251 1366 1013 1466 In deß hn sölig hußrecht zugange
252 1425 1022 1546 dann sy mithin vil hüpsches gelt
260 1511 1015 1614 hinder zmr fundt, darumb sy den
246 1570 1008 1692 inne mechtig beschalten, wo har er
266 1632 1005 1751 mit komme und das es nit recht
262 1720 1018 1833 ime zugan werde, er ober gradt
263 1797 1016 1905 rumb schlechten gheidt geben, wo
248 1860 1014 1985 sy darumb zufragen habe, vnd
237 1932 1010 2045 habe sy vilmalen darumb ges¬
248 2012 995 2127 vnd vbel tractiert, also dazs
258 2080 734 2195 nüt sagen dörffen.
156 2149 1017 2314 Belanget die büche, zeigt sy an
204 2265 998 2396 das er etliche bäch unlangst sals s
239 2342 998 2444 ein 14 tägige kundtlechers
249 2411 986 2528 auch gstehauß gan Bigle
251 2485 989 2627 Ins s de wirtschafft gebracht
236 2549 1010 2704 als sy ab dieselbege gsechen, hab
246 2608 1005 2788 derselbtigen mist wellen, mit vt
255 2698 982 2831 efelden, das es mit ime nit recht
2034 56 2099 116 33
1150 73 2094 172 gange, dan man wiße wol, das Iuen
1155 147 2127 256 nit derglychen sachen zu haben gepurmt
1149 235 1996 305 noch es zu Irem vermogen sye
1124 274 2148 388 daruff habe er die böch wider Zurstln
1143 369 2061 461 haußtragen, wohin er ob mit
1152 436 2098 554 kommen, wie sy nit dan sy diesel
1140 487 2014 638 ben hernoch nit wygers gsechen.
1150 604 2079 731 Vnnd wil also Im minsten nit ge¬
1140 675 2049 813 stendig syn, das er ira gelt under die
1159 746 2057 858 hendt geben noch sonst zubehalten
1150 835 2049 954 geben noch das sygwüßt, wie vil
1166 901 2013 1023 er dm h. verūntrūret, Den
1154 991 2068 1101 allein habe er vff ein zyt In deß
1150 1042 2126 1182 h. söligen Maßen, Inen stalschlußl
1154 1137 2077 1244 verloren, dassy fundt, vnd dar¬
1161 1215 2086 1324 mit, wan er Ir Man nit anheinsch
1142 1284 2041 1392 gsen, In dstol Evnd vber syne
1167 1358 2112 1467 sachen komen können vnd also dertz¬
1154 1415 2041 1530 molen wol gsechen dz er mithin
1157 1495 2058 1601 gelt ghan, das ime nit ghört habe.
1157 1581 2065 1673 und das er daselbige nit rechtmäßig
1145 1636 2098 1756 werde vberkomen haben, von wel¬
1159 1710 2084 1825 hei B Ime dn mithin genomen
1153 1758 2081 1880 damist sy sich vnd Ire Fleine Kudt
1141 1846 2093 1981 desto baß sy der thur erhalten könne
1142 1924 2018 2039 dan er sy gar schnödt und unwort
1148 1993 2059 2131 ghalten und jta und der kinden wenig
1148 2077 2040 2196 geachtet, sonder hurgegen, wan sy
1131 2151 2051 2276 Ime anzeitt er solle lugen, was er
1139 2233 2066 2331 mache, er sy darub euch tractiert
1141 2296 1993 2411 vnd gschlagen habe. bieget also
1153 2363 2011 2485 wo sy hierdurch verfült, das sy uß
1152 2425 2082 2553 forcht die sach nit ehe anzeigt unge
1148 2508 2064 2611 gantz demietig vmb gnad vnd ver¬
1136 2585 2061 2673 Zechung, dan sy Ires Mans vn¬
1127 2640 2077 2763 truw keinandere schuldt trage.
1114 2715 2053 2838 des meit beid end siester sindt uff
1139 2790 2015 2930 abtrag eostens ledin gloßen worden,
