2438 3185
177 75 1103 196 Was aber beurten Maffli anträff.
233 135 1081 236 und belangen thüre, habe er
206 204 1074 299 vo disem, zn Zächen Jaren nit
227 272 1072 373 gsachen, ouch weder mit ime,
239 331 1104 429 noch mit einichen endten personen
235 394 1078 497 vsbert obanzognen diebstolen so
239 455 1122 564 er Bürki allein und einzig verbracht)
245 515 1095 616 niemale mihit böses verbringen
233 586 426 650 hälffen
200 701 1118 809 Und nachdem er auch gfragt, was
250 787 1104 874 iderhar syn begangen schafft ouch thun
237 831 1074 934 und laßen sye, und wormit ser
251 906 1086 986 sich dame bishar ehalten? Hat
244 961 1095 1058 er anzeygt, wie das er nit allein
221 1022 1129 1119 zu Gez Im Gubernement Allen:
254 1081 1146 1181 sonder auch anderschwo Solpeter grabt
245 1144 1035 1245 und hiedurch syn wyb und kind
249 1210 1089 1311 ehalten und durchgebracht habe.
194 1294 1121 1414 Bittet also Vngdie gantz flachenlich
253 1375 1140 1471 umb gnad und verzychung. Deß
250 1443 1143 1541 versprächens, Ihals er gnad elang
260 1512 1083 1593 möge. Er dergstalten arbeyten
227 1564 1048 1657 welle. das vogde synethalben.
254 1618 1088 1714 nit mehr molestirrt würden solle.
127 1742 1104 1849 D diser bendicht Bückhi ist 2 mol
229 1807 1118 1891 Lär und das 3 mul mit den
238 1873 1086 1981 kleinen steyn vfgezogen worden.
115 2072 1104 2207 en se 17. hornuns 1624. Ist obgmelte
220 2143 1107 2232 bendicht Bürken mit rüten ußgehmen
235 2197 1132 2305 volgendts mit dem lyd fürs bürgeen
52 2268 158 2359 y
217 2266 746 2365 zil gewisen worden.
2080 50 2182 120 142
1236 -1 2015 150 sei Kester ser Schmis von
1393 76 1691 174 Walkringen
1201 159 2154 310 sgmyner hoch Ghrenser herren den
1218 260 2117 384 Eherichteren zngenomenen, vnd wzgde
1205 311 2138 422 überschikten bricht, Uli Keßlers des
1229 371 2117 476 Schmidts von Wolkringen verubten
1240 426 2144 531 gägnerwärks gagen lüten und vych
1238 476 2154 605 so er nun ein gute zyt dahar getriben
1256 544 2106 645 Ist ermelter kesler, durch den
1229 603 2117 719 ehrennesten from fürn Lürsicht
1239 663 2141 780 volgeachten wysen herren, H Johans
1227 738 2075 841 Megger des kleynen sthats, znn
1253 792 2185 904 bywäsen herren groweybel kilchbärges
1260 845 2110 949 saumpt etlicher weyblen eng heen und
1260 915 2190 1038 oberen dieneren, in der mannenkeli
1260 976 2191 1098 vmag shatzedels nachmolgender gstolt
1262 1037 1804 1131 edominiert woden
1241 1129 2167 1254 und als er erstlichen bekragt, ob e die
1262 1203 2151 1311 Jenigere prasthafften Ros, welche
1269 1271 2162 1368 Ime allwägen zuglürt worden nit
1259 1328 2133 1412 wider Gottes des heren wat vnd
1259 1392 2088 1498 christenlichr oberkeyt datzungenc.
1264 1465 1510 1553 versagnet.
1260 1538 2204 1639 at e geantwortet. Wie das teyder
1292 1614 2204 1702 nit ohn, dern das ja dem also sye
1280 1671 2167 1761 vnd er Vilmalen das sägnerwark
1283 1731 2196 1829 In solichene thal triben, vnd Vrubt
1300 1808 2142 1892 und mit namen also so ein roßs
1269 1860 2175 1967 das Buchwe habe, Vnd vmb den
1282 1933 2175 2048 Kopf geschwullen sye; bruche er
1286 2008 1946 2111 dise nachmolgende wort
1240 2076 2221 2200 Die wort die syen vber dich armes
1301 2150 2242 2269 ros ouch gesprochen, Die gottder
1303 2222 2263 2329 herr uber des clyassen tochter hatt
1324 2293 2232 2393 gesprochen. Innamen gottes des u
1296 2366 1979 2459 deß 3 und des h Grysts
1296 2412 2306 2535 Denne solle man 2. Vatter vnser botten
1295 2479 2245 2588 Vnd einmal den glouben sprachen
2054 2525 2296 2616 er lieb
1328 2549 1902 2647 und vernes also sagen.
1321 2601 2291 2725 gott gäbe glük zu mynen worten.
1324 2665 2271 2786 gott well das ich ein gute glickhofftige
1346 2732 2337 2833 tund getroffen habe, und gäbe gott
1319 2782 2331 2920 dem puren glück zu synem haab und
1343 2855 1443 2921 gut
1333 2908 2304 3032 volgendts solle man den ros antzienen
1349 2977 2310 3100 und aberswürte im füter zläben gaben
2280 80 2353 155 74
