2577 3005
555 -16 1294 123 In das wirtuhuß gefuet
567 38 1300 194 daruff von Jra hinwegge
586 121 1297 242 sind sy by dem Hartman
577 188 1300 331 laßen, Hat er hoch by
552 269 1319 411 Seel vnd saligkeit betüfe
584 345 1319 477 er von syner f. vnd deß
584 431 1331 540 mans mit eifanderens Vbro
589 488 1325 626 Hury gantz nüt gewüßt nat
598 588 1315 699 wenig darzu verholffen, vil¬
593 674 1326 764 auch den Hartman als er ei
596 728 1331 848 lig gsin zu also in der nachts
602 805 1345 932 gfüert und an syn beth gelegn
604 886 1356 972 vnd do hernach sam morgen
613 941 1345 1045 Inen vffgstand, dan er dem
610 1006 1362 1118 man so wol alss syner froun
610 1076 1358 1184 anders mit dan alles ehren vn
620 1151 1355 1251 guts zutrunret, sye auch kein
618 1225 1362 1310 anderen meinung dan allei
630 1281 1374 1376 reverent syn noth zunerichte
626 1353 1367 1437 gstandt und angentz wider zu
621 1421 1383 1516 komen, also das er nit glouben s
627 1487 1381 1592 das sy derglychen sachen hierzu¬
639 1551 1380 1658 mit einanderen eegnit verbet
622 1585 804 1669 können.
612 1644 1387 1807 unlanget, das er sy in der nacht
638 1747 1392 1875 uß irer Mutthliß vom kiltke
628 1819 1366 1928 In das wirtshuß gfüert sy
645 1891 1389 1990 wahr ab keiner bösen mennet
992 1960 1051 2018 ab
632 1949 1389 2082 bschehen, als er, von Inen K
648 2025 1397 2140 weg gangen, habe er vermeint
648 2075 1395 2220 wurde zue angentz nahm b
638 2157 1398 2301 dan er domolen gar trunkke
645 2218 1414 2362 wo nir domolten etwas böser
647 2317 1402 2430 schen syner E vnd dem Harde
635 2373 1408 2507 erichtet werden wüche er gat
649 2451 1403 2598 dernen, vond füeße es zu
638 2512 1409 2676 salder zu dlichen r
626 2585 1430 2734 viche shen bin Ihr meingls
646 2652 1283 2791 spürt nich zu trineet.
2248 -2 2336 78 75.
1403 19 2247 163 Antreffent, 3 Hartman vffein
1638 100 2326 205 Sy mit einanderen grech¬
1409 132 1633 258 zys als
1433 186 2324 289 net, vnd darnoch eintrunck Than
1423 246 2336 386 schimpffswyßdt deß tüschs
1433 322 2334 447 irer wyberen gredt je wahr
1434 377 2326 501 aber nüt anders noch bösess dor¬
1451 464 1833 574 nach erūolget
1418 563 2298 693 Item dz er zu Igner frouen
1463 646 2303 769 solle anzeigt haben, das hartman
1451 732 2321 825 Inne vffgwisen Ira Zuuergeben
1469 789 2375 901 könne er sich gantz nit erzineren,
1460 860 2282 963 noch vil wenig dazs er derglychen
1479 928 2361 1035 worg vom Hartman ghort habe
1448 1032 2399 1181 Nach disem nun Ist Sebastian Hart¬
1491 1136 2339 1247 man in gegenwürtigkeit beider
1495 1194 2354 1317 ehelüten aūch verhört vnd ernstig
1493 1269 2324 1374 die warheit Zūbekennen vrmant
1502 1340 2379 1432 worden, sonderlich ob der schäffer ime
1500 1400 2352 1499 nit etwan zu synem vernebten
1495 1451 2340 1570 Erbruch und verfellung eyner f
1521 1559 2009 1641 anlaß geben habe.
1463 1574 2394 1731 Der hat nun anzeigt wie das er sach
1538 1658 2403 1795 Aderhar bemit, vnd sich er Inneret
1524 1719 2364 1835 as er sich nit domalen mit deß
1537 1811 2416 1930 schäffers froūen vergang), wie er
1531 1870 2452 2001 Inne mit Ime henngfūert vnd a
1536 1955 2434 2093 n beth gelegt habe, dan domalen
1531 2026 2446 2140 mit böses von inen verbracht worden.
1554 2089 2424 2218 sonders hernach zu Mirtshuß,
1550 2172 2439 2275 als sy mit einanderen getruncken
1549 2247 2448 2367 vnd sheingen wollen, vnd geleid
1553 2302 2474 2415 also gangen wie durch die frouwen
1562 2385 1975 2476 anzeigt word.
