2483 3287
173 106 1104 264 frag. Als so uf ein zyt nachts die
231 215 1082 359 die flucht zu Rut Brumgerters
235 293 1027 390 hus genomen, Was dohzmaleie
224 342 1126 480 die Vrsach gsin, das sy so sehr geschrewen
256 424 1087 534 mann solle doch touffen, vnd Ira
218 452 660 561 die thür offnen.
134 539 1063 675 antwort. Das nachdene sy beyde
252 638 1066 730 vorschinen zyth mit reverentz vor vge
224 692 1030 791 zmälden) ein khn alhar gfürt
200 755 1113 865 dieselbe umb 14 l verkoufft, volgentz
257 815 1008 919 mit einanderen ein trunkgethann
247 879 1053 977 vnd daruf heym gangen: habe
254 940 1039 1036 er das elösste gält sovnse aber nit
237 998 993 1091 wo) verloren, vnd soliches syner
222 1063 1047 1172 husfrouwen getruwet, deßwegen sy in
263 1121 1041 1218 zinlichen widerwille vnd aneianderen
233 1173 1043 1278 komen syendt: Vnd diewyl sy die
257 1253 1038 1353 streychen sehr geförchtet und entsäsen
241 1308 1043 1414 habe sy sich vor derselben wagen, In deß
230 1382 1063 1487 Boumgartes ires nachpuren hus begäben.
204 1581 1057 1679 Vnd nachdem e Billet abgetrattenn
240 1647 1047 1768 und syn hufrouw ouch befragt, was
229 1713 1047 1812 für ergerliche wort sy gagen irem
219 1766 1054 1868 eheman ußgosen. Da hat sy diß
217 1822 1070 1936 bcheid hierüber gäben, nammlichen hittenmel
246 1892 1065 2022 sy dem Torne hefftigklichen vnderworffen
221 1931 1076 2083 habe sy beyder Ine horn, vnd vnbedacht
202 2046 458 2152 Wyß gredt
176 2078 1041 2229 Erstlichen, er sye ein fuler mürder
225 2144 1039 2284 und habe sy wellen mürden, er sye
244 2237 1052 2338 ein fuler niturfendter mann, und
214 2290 997 2413 handle nit mit Ira, wie es einem
219 2325 1045 2462 ehrlichen manne zustande, und er sye
229 2398 1029 2517 ein füler ehrnergäßner wälen. unnd
228 2443 1075 2569 nit wärt, das inne die h sonn anschyne,
211 2504 1082 2663 also handle er mit Ira: Vnd er bruche
193 2557 1106 2715 sy nit an denen orten, wie ein biderman
221 2613 1080 2758 ein wybbruehe solle, das wolle sy mit
202 2674 1059 2838 Irene lyb erzeygen. Vnd das thuye er
207 2742 1064 2875 von desswegen, das er nit kinder von
203 2792 1071 2946 ira überkömme. Daruf er zu jra
998 2831 1104 2927 gredt
1199 -12 2151 208 gredt, dy leigen mit lob vor mgden
1217 83 2107 261 zmälden) wie ein babylomsche
1186 160 1801 338 kind Bodomptische hur
1206 219 2204 418 hiib sy zum bscheid gäben. Er habe
1222 311 2171 494 so darzu gmacht, sonst ware sy nit
1234 358 2169 526 in solche e. Vnd diewyl er Abmol
1219 447 2164 631 gelougnet, habe sy anzeögt. Wann
1204 529 2139 677 bas nit war sye. So solle jca
1212 585 2181 742 gott nit dadannen halffen . Syn
1228 656 2183 792 abe alles imme grosten zorn und
1210 727 2153 896 zum theyl zu trunkner wys beschächen.
1205 803 2165 952 und habe imme wider alle billigkeyt
1234 890 2109 1014 überthann, dittenmaln sy mit
1231 957 2142 1074 anders von Im wuse dann alles
1214 1022 2044 1163 ufrechts ehren liebs und guts
1127 1235 2153 1421 Vnd nachdeme sy endtlichen gegen einanderen
1228 1332 2122 1462 Confrontiert, vnd befragt: ob sy by
1246 1406 2154 1537 solicher bekhandtnus blyben. Habend
1241 1473 2112 1609 sy beydpte anzeygt, ja. Sy aber
1239 1535 2087 1680 insonderleyt hoch bezüget, das sy
1242 1618 2127 1740 imme allenklichen überthan, dann
1242 1685 2078 1799 er ein ufrechter redliche und eine
1228 1721 2151 1877 Bidermanne sye, anders könne sy nit
1236 1809 2123 1955 zügen und wille daruf stärben.
1445 1900 1768 2020 Bittet Ecl.
1355 2124 1973 2257 Margret Bruggimen
1248 2194 2087 2329 von Konfdorf. ist den 21. aprilis
1252 2260 2120 2391 1624 wegen 3 begangenen ehebrüchen
1176 2325 2053 2474 id vom statt und land verwisen woden.
2275 22 2339 84 1
2321 79 2369 167 4
