2404 3039
496 -2 1137 175 Auna Puter
1172 103 1248 196 E
455 150 1190 260 Dienstmagt purtig von
504 206 902 317 Schnitznach
341 294 1228 401 Demnach hieuor etwas zyohs von
310 355 1243 448 herren zu Belpp in h. den chorn
401 424 1227 504 deren clagt worde, wie dazs ein die
393 471 1235 605 magt, so by dem wirth zu Belg
397 542 1238 654 gedienet und Anna Zuter genam
401 616 1228 726 von Schnitznacht pürtig, eines k
397 695 1228 813 sye genäsen vnd dieselbige Irefe
380 758 1216 867 glych nach der guist, In die Gür
386 838 1227 948 alda fes auch fundt worde, gewe
962 896 1103 964 daruff
373 909 1214 1020 haben Vnnd sich aber ouch, port
370 971 1128 1079 hinweg gemacht haben solle.
367 1052 1214 1167 hieruff wolermelte in. I die Cho
369 1114 1213 1241 richter anordnung gethan, das deg
367 1179 1203 1303 dachte Wybsperson ergriffen vn
373 1255 1203 1379 In Ire gfangenschafft gebracht wor¬
329 1326 1200 1429 Sy auch vber die anclag exammis
344 1396 1189 1520 da sy den bekantlich worden, das s
355 1460 1199 1572 ermelt ir kindt, welches abrtod
359 1524 1183 1647 worde, In de Turben geworffen
343 1586 1174 1700 zu haben. Deßwegen m h. de
355 1667 1180 1765 richter in der sach nit verners hand
349 1732 1177 1859 sonder dieselb und g fürtragen laß
313 1791 1169 1928 die nun gut befundt, das ermelte
318 1876 1174 2008 Wybsperson In die Obere gfangt
318 1940 1174 2061 schafft gelegt, vnd daselbst nochmil
319 2027 1159 2137 mit ernsthafften wortt Vs di
305 2093 891 2209 gethat, befragt werde.
1023 2116 1153 2219 Das
306 2159 1154 2313 nun uff Montag den letsten septer
294 2245 1147 2400 diß 1623. Jars durch den Ehren
271 2289 1149 2467 hromen fürsichtigen ersamen v
268 2360 1154 2545 Wysen h. damidt aman deß s
274 2443 1144 2589 Sehnt vnd h Großweibel Aulh
268 2551 953 2688 gegen irn verrichtet worden.
2263 67 2310 112 2
1337 81 2295 193 die hat nun mit wemenden anges auch
1383 146 2322 229 einrendem hertzen blent vndver¬
1366 200 2325 309 Jachen, wie das sy zu Belpp In Oberen
1342 265 2331 383 Mirthshuß i ein yslang gedie¬
1382 329 2345 445 net ada sich dn ein frömbd Mül
1366 393 2301 508 ler knecht sesem furgön pürtig
1261 466 2292 576 auch zugezogen, der sa vff syn falt
1369 511 2291 655 Ihes furgeben lei verfelt vnd be¬
1369 580 2249 719 schlaffen habe, vnnd nach dem der
1376 653 2313 772 gedachte Müller vermeint, das sy mit
1356 717 2329 836 dem Kundt gan werde, habe dersel
1367 785 2220 914 bige Verschinnen Munters, an
1371 827 2281 974 einem morgen, als sy in den Ofen
2090 915 2215 966 1hrol
1366 921 2274 1035 gfüret vnd daruor gespunen, ein
1354 990 2286 1099 tranck, welches er gesotten, vnd an¬
1336 1059 2253 1165 zeigt das zug darzu zu Fryburg
1348 1132 2283 1241 kaufft haben zu truncken geben, aber
1353 1200 2263 1298 Ira domolen, nit anzeigt, was es
1355 1256 2224 1360 fur ein wurckung haben solle
1337 1299 2326 1416 sonder dazs es am morgen gut zutrinkk
1343 1381 2322 1488 sye, Welches sy dn vff syn furgeben
1312 1437 2278 1550 getrunffen habe. Sict demselbig
1349 1519 2236 1611 Drauff nun sye es ga vilmolen
1339 1559 2273 1674 ankommen, ds Jra, reverenter, dr schweiß
1346 1633 2251 1734 dergseen ein dergstalten vssgangen
1336 1693 2283 1807 das ira ir houpt bachnaß worden, y
1294 1747 2274 1865 vnnd vngfarvor 9 wuchen, habe es
1314 1817 2256 1926 spa zu einer nocht abermalen dr¬
1310 1882 2262 2013 gstalte) getriben, das sy zum drichen
1328 1942 2269 2058 mol vffgstandt, vnd zum Brunnen
1322 2024 2246 2141 gangen trincken vnd vmb daz huß
1319 2089 2240 2190 vor angst vnd noth vmbh. gangen
1315 2156 2273 2278 vnd mechtig geweinet, welches den
1313 2225 2218 2339 das volck im huß wol gehört, sich
1328 2265 2284 2412 ob niemandts gegen zra gebuntet,
1316 2363 2196 2472 endtlchen wider zu Eyn Cameren
1312 2433 2214 2538 gangen, sich wider nidergelegt, und
1304 2498 2199 2626 eines Eindts genäsen, welches ob
1300 2578 2215 2692 todt worden sye, welches kindt
