2444 3276
206 118 1108 277 der schwuren, vnd andere Vßge¬
204 229 1125 359 stuwten lestenngen halb. Ist
228 304 1151 483 dirchus bekhandtlich, mit vermeldg
234 380 1084 492 dieselben (leyder) Im trunk
243 451 1129 601 und umbsieter wys gredt worden
243 538 1123 672 spindt. Bätte aber zuuorde
216 595 1104 733 Gott deme Heren, vnd dennon
249 669 1095 802 sy fome oberkeyt, jünigkliche
242 753 1089 869 Vmcb Gnad, vnd Verzyehung
182 901 1109 1098 mmurend die jenige schältent
253 1056 1109 1201 so er wider syn stieffmutr sölle
245 1152 1119 1275 gredt haben. dico ist e nit bekhant,
218 1209 1106 1356 lich, sonders zeygt an das sitten
208 1286 1091 1419 emal sy gredt, e ein kind solle
245 1368 1113 1501 vedeben hälfen. Habe en geant-
232 1462 1059 1573 wortet: das, do gwusser das
240 1510 1107 1658 gethan, also gwüß, sy ein kindts
204 1601 1089 1724 urdebeen sye etc. Und das e
228 1690 1073 1837 ußgosen, er wolte, das sy ine
244 1763 1059 1886 eine burde strau stäkete
263 1834 1100 1954 vnd darum verbonnen müse.
209 1889 1060 2053 Iste nit geständig, noch auch
220 1980 1069 2133 Vilweniger bkhandtlich, das er
245 2045 1101 2197 sya die striffmater) ein haxen
244 2096 1079 2273 genamset habetc.
240 2187 1097 2327 aber betraffendt, (wyl dieselb alle¬
214 2248 1082 2401 erstlich mit sehelmenbeynen zu
229 2320 1052 2501 imme gewaffen) hab e sy ja
218 2390 1029 2538 doch im zan) ein häpen
222 2515 577 2644 gescholten.
194 2545 1079 2738 Ober synem vatter by nacht und
237 2648 1086 2794 näbel zu underschidenlich malen
229 2702 1056 2883 mit steynen zum Fänster
216 2781 1054 2944 zmyngewaffen. hat e
926 2801 1101 2938 beheind
1210 8 2168 209 hekhendt war sye: das er ja b
1227 94 2075 263 nacht für steyn, uuch das
1214 176 2115 370 henstelfgagen dem gaßli
1222 238 2155 432 gewoffen, solichr wurf aber
1221 337 2144 471 sie allei uf das end hm beschahen,
1197 384 2143 580 damit er das husysind erwelte
1189 496 2163 626 und ime die yuschne durch solich
1221 573 2020 689 mittel ofgethan wurde.
1174 701 2132 876 sonsten clagt e sich traffenlich.
1190 782 2126 940 das anderen synen buderenn
1220 863 2096 1004 mehr (uß syner elteren gut)
1208 914 2138 1060 werde danie Ime: Vnd könne
1206 997 2115 1145 andes nit funden, deie das
1210 1070 2154 1241 son stieffmuter, deßen allesin
1212 1159 2032 1287 ein ursach sye etc. Daby auch
1184 1219 2117 1365 anzeygt das wann schon so
1205 1303 2113 1457 syn vatter mit übrigen synen
1206 1380 2102 1512 buderen, des einen seindt.
1187 1455 2046 1586 sy die Stieffmutr) alsdann
1196 1527 2062 1659 Inne, offt, vnd dik, einen alten
1193 1613 1689 1741 Sehelmen mamse
1151 1659 2049 1881 Diserson Bekhantuus, vnnd
1199 1812 2031 1932 verantwortung. Ist einem
1182 1857 2062 2003 ehrsammen Hhorgrieß übergäben
1177 1986 1397 2090 worden.
1177 2123 2001 2269 Vff 15. Septemb. 1623. hatt obgemeltet
1182 2195 2033 2341 da it wegen synes rübt
1174 2256 1986 2405 Nachtfrafels, das er synem Vatter
1195 2318 2001 2439 in pfonste gworffen Ußgeworen
1180 2364 2002 2503 namlich, statt und Land ist ime
1172 2413 2083 2572 zil gäben bis künfftig sambstag
2316 98 2346 169 4
