2125 3059
263 144 992 268 sich nachuolgender gstalt versprochen unnd
262 231 978 344 gein unnd ander wahr syn bekent, wie
238 406 1007 540 estlichen seye nit wenige unnd leider ri
265 496 989 595 dunquar vor 11 jaren, er mit Han
175 561 992 689 Schefese im Wirtshuß den gantzen tag
280 643 986 737 getrunken unnd wyl er domalen ein
249 708 1002 820 Withlig gsin, habe gedachter Schefer zen
272 770 1013 892 am abent mit sich shenngefurt, vnd Im
265 835 1010 957 Inn syn beth da er schefer und syn frou
354 915 996 1017 en glegt, seyen allso alle den die
265 982 1004 1084 nacht by einanderen verharret, Morger
263 1049 971 1145 vor tag nun, habe er gefangne den
351 1110 994 1209 ey angredt, er solte uff stan jnn
276 1175 974 1280 dorff hinuff gahn, vnnd sechen ob die
260 1248 1022 1334 witfrouw, die er hartman hernach ge
447 1314 1004 1391 sëye, uff welliches er schäffen
279 1362 993 1468 angentz uffgstanden, hnßd hieweg gangen
279 1427 997 1529 unnd syn frouwen by ime Bartmann
279 1479 1010 1582 ligen laßen, hierzwüschen habe er sich lei
407 1542 994 1654 en vergangen, er gefangne können
374 1618 995 1712 anders nüt erachten, denn das et
295 1678 994 1767 Schäffer, inne untwilligklich zu sölchen
333 1740 1007 1822 hl gereitz habe, vnnd das solliches vor
285 1793 999 1901 beiden ehelüten ein angleit, spil gsi
297 1875 740 1959 seye.
302 1924 983 2037 souil Hans Füllis frauw belanget,
300 2004 1001 2098 seye leider ouch nit weniger deme das er je
285 2038 1022 2165 trnnknerwyß fra der uneren angente,
279 2129 1008 2223 sy habe aber ime nit verwilfahren welen
286 2182 992 2282 allso das nüt tädtlichs seye verbracht
271 2265 629 2345 worden.
280 2304 993 2415 velanget deßvogt Schladterss zu Gütz
268 2381 997 2479 Dochter, seyel ouch nit weniger denn das
267 2436 1010 2561 er den schappf und trunketwwyß u
264 2498 1026 2619 gredt en seye ein witlig ob sy jene zurt
279 2540 1036 2698 möchte und sy hiemit der ehe halben angestre
265 2632 1017 2752 unnd seye leid, ja uff das endt hin beschecht
263 2704 400 2796 er sy be
446 2700 962 2813 affen könnte, sy habe aber
264 2773 308 2819 de
352 2775 399 2834 ein
471 2758 1001 2861 och anderen verwilharen we
1085 182 1926 305 Allso das nüt städtlichs zwüschen inen seye ver
1150 261 1935 379 richtet worden, unnd werde sich ouch meiner
1134 327 1925 444 mehr erfinden, das er Iren einichen haller
1151 373 1959 500 oder pfennig daruffhin geber, nach das er durch
1136 424 1940 557 gemants fra einichen rychßtalen zugschickt
1153 501 1940 618 habe, wol seye wahr, das nach etwas ziths
1135 557 1962 672 darnach der dochter bruder unnd nach einanderen
1142 615 1929 729 rer zu ime gan vilnacheren kommen und jnne
1138 670 1964 807 beschalten, mit vermelden, was er hienor mit
1157 754 1945 886 synen Schwöster machen wollen, da er aber
1148 816 1954 949 hetz seche, das er wyb unnd luüt habe, wann
1161 899 1951 1011 aber er hartman, ime etwas gelts geben.
1166 956 1934 1070 sowelle erschwygen unnd nüt us der sach
1153 1005 1937 1118 machen, daruff er Hartman inen beiden
1162 1070 1970 1188 8 ger geben, die sy genommen, darmit zend
1162 1133 1991 1260 wirtshuß gangen und als sy dieselbigen nit theis
1163 1198 2025 1324 leinkönner, sy darumb einanderen geschlagen.
1154 1258 1977 1382 Allso das die sach domalen seye uskommen, anderst
1168 1341 1506 1446 seye es nit ergangen.
1174 1406 1982 1514 nlangent, das er zu Brug als ein ehebrech
1185 1463 2022 1568 abgestrafft worden, habe es sich also zugetragen
1164 1536 2016 1634 das er zu Beugg im wirtshuß by dem wyn
1184 1588 1987 1694 gsie unnd möchtig truncken worden, do seye
1187 1653 1936 1754 einen gwüßen haffners frouw vor dem
1169 1702 1982 1817 wirtshuß überen gseßen unnd gspulet, er
1180 1777 1921 1883 zu Ira gangen unnd etliche schmipfreden
1181 1811 1977 1925 mit ira gebracht, souch entlichen der ueer
1181 1873 1982 1990 den angmütet, sy ime aber nit verwilfare.
1182 1933 1922 2043 wollen, seye allso darumb für corgricht
1174 1990 1967 2108 beschickt, vnnd Ime vonn dem herren Deca¬
1183 2071 1976 2159 fürghalten worden, das abglyschwol er die
1159 2129 1887 2219 Dath im wärck nit verrichtet, jedoch
1174 2176 1909 2296 die wärck ge thun ins sin ghan, seye es so
1193 2243 1892 2362 als wann er dieselben verrichtet had
1181 2318 1910 2413 habe allso von dßelbigen wegen inn
1181 2377 1821 2490 pfargenschafft albüheen müß.
1978 63 2066 136 62
