2428 3236
85 77 1083 241 Denne so habe er den Kasten, vor
224 198 1129 337 herren hauptm und Grafenrirdts shud
227 277 1074 394 mit syner schlüßlen gröffnet unnd
209 339 1065 468 darus 8 käsen kleyn und groß, by
236 403 817 509 nächtlich wyl entzukt
169 684 1083 836 Dennethin vngfar vor einem Jar¬
206 803 1068 914 Meyster Haumel Ror dem metzg
238 872 1061 993 syn schäfftli in der schal mit einem
245 936 1089 1054 synen schlußel vfgethan, und darin
229 1006 1085 1128 byzächen pfunden usin geicht steinen
221 1095 455 1214 genommen
182 1254 1083 1400 So sye ouch war das er vngfarlich
239 1353 1071 1432 vor dryen wuchen an einem morgen
231 1405 1061 1539 Früy, underem zytgloggenthurn
242 1479 1079 1592 aber mit synen schlüßlen ein schäfftli
236 1534 1075 1660 ufgethan und darus ein fätscheyn,
256 1607 1058 1731 sampt zwoyen Capnnen gestolen
247 1659 988 1805 bß welchen e 19 batz glößt habe.
206 1799 1074 1980 Bernes so habe er hr Cinral Stäk
252 1908 1077 2040 vor etwas zyts ein zeygUrli abge-
209 1989 1100 2117 nomen, vnd dasselbig Volgendts, einem
224 2060 1064 2174 Wullenkräme alhie an de Mattenn
243 2121 1067 2256 umb 90 b. verkoufft: weliches er aber
231 2193 1033 2327 Imme h boniraten bezalen und
243 2307 684 2400 gutmachen wolle.
243 2373 1094 2521 vem mr Hans zmr Hof dem metzh
229 2478 1075 2612 by e pfund gwichtsteynen, wie an
233 2536 1060 2658 einem anderen metzger uß synen
229 2579 1134 2747 schäfftli (so er mit sönen schlüfel ufgethan
220 2652 1063 2800 by 12 lb gwichtsteinen nächtlichn wöl
237 2716 1075 2856 genomen: vnd selbige haren Hauptm
223 2798 988 2932 jenner das l6 umb 2 b verkoufft
2133 1 2193 49 149
1188 7 2156 183 annethin sye nit ohn denn das er
1213 98 2186 271 uß h Anders Trongsens Käller, allenacst
1215 165 2137 343 sy der kilchenn (so er aber mit dem
1222 250 2112 409 schlußel vfgethan Einer gwaßenn
1216 320 2175 453 frouwen, ein stuk lynn, ein stuh
1227 374 2125 551 sals und ein stuk bleykts thuch
1227 517 1455 621 genömen
1181 710 2092 851 Demnach so habe er vß dem oberen
1200 806 2105 924 Brätechüsli naben der Fleyschal, ein
1205 878 2101 1000 blater mit fleysch, wie auch zwei
1215 963 1731 1072 bratstiß gestolen
1181 1146 2128 1339 Uß gr Rudolh und Bonstettens kesten
1228 1271 2144 1381 vor dene hus zwöy mas haber genon
1192 1406 2104 1577 Uß h jost von Dießbachs kastenn
1224 1488 2122 1640 so er mit synen schlüßlen ufgethan
1224 1571 1808 1697 ein mas krüsch entzukt.
1178 1695 2124 1855 Abermalen vß H Cronysens Käller
1216 1783 2110 1913 noch ein hun, vnd ein Carnen vre¬
1189 1870 2040 1988 untrüwet und solches daheymein
1234 1944 1867 2062 mit den synen verbrucht
1184 2124 2163 2276 Demnach vor etwas zyts, Inn Herren
1215 2226 2128 2342 Bammel Holtzers kasten, welchen
1237 2301 2149 2420 e auch mit syner faltschen schlüßlen
1229 2357 2107 2488 uffgethan) zwen stök anken, ist
1230 2426 2158 2591 ungfarlich ein lentner anken entwant
1831 2574 2007 2682 vertat
2278 86 2326 139 4
