2500 3194
32 73 1057 218 Hans Heinrich Lyser ✳ von
229 151 1105 312 gaßigkofen zo den hochen güchten
38 212 176 274 wendthat
32 238 97 296 n
201 219 1085 375 hatt vber hieuorgeschribene, durch
241 304 1144 433 jemer und synen gspag begangnen
190 355 1076 476 diebstäl, mizit überol weder
235 418 998 540 bekhenneen noch verzächen well
190 484 1038 635 Diser ist en mal lär und das
129 591 1042 712 2. mal mit dem kleönen stei
227 651 700 753 ufzogen worden
184 749 1066 872 Bittend also beydsamethafft
248 817 1043 930 vnd ein jede Insonderheit
238 887 1034 989 Wßgdde junigklich vmb gnad
247 936 736 1050 und verzychung.
210 1104 1063 1238 Dise Heinrich Lysen und syn gspan
137 1181 1087 1294 I Gtörg Graf, sind mit ruten ußge
205 1250 1077 1358 schwungen mit dem buchstaben
228 1300 1124 1409 gegehnet und volgendts mit dem
232 1363 1141 1472 Eyd von statt und land verwisen
193 1432 1060 1529 woden, vf 20 octob 1629
1096 1705 1186 1803 syne
171 1685 1096 1821 ans Luhwig heren, ist von
235 1782 1137 1876 vngeburlichen groben Vrbrathens
218 1843 1081 1925 vermag chorgrichtlichen brichts) uf
247 1877 1201 1988 sonderen gnaden vom mynen g herren shäten
246 1940 1222 2032 und bürgeen, jedoch uf schynbare bepenngen
867 1992 914 2037 4.
247 2003 1196 2100 von jr bden statt und land verwisen ward
191 2056 928 2170 uff 22 novembris 1623 jard
83 2223 142 2317 H
204 2240 1129 2356 Elsbath Warri von Löüwpingen. ist (wägenn
1101 2291 1144 2365 3
236 2294 1090 2423 so sich mit hury groblichen vertiefft, vf
212 2355 1123 2478 decembris 1623 mit rnten vgestricheng
230 2395 1148 2529 und volgendts mit dem eyd von statt und
73 2433 137 2510 2
215 2489 756 2586 land verwisen worden.
41 2489 205 2571 alias dis
39 2562 253 2636 ketzlinen.
1191 -2 2103 184 Jaus Faußi von Wattenwyl
1177 106 2116 275 Seinars kurtz abgefloßner tagen, von
1197 196 2158 337 saren Bänne und spittelvogt zu Thun
1193 251 2119 403 Hns jenebi im Grieht Vtendorf, mit
1206 317 2152 443 inem brichtschryben, gfänklich alhar gfurt
1201 389 2148 511 in welichem vermaldet wirt: Wie das
1220 465 2160 552 ergefangne, dem stälen nachzüchen
1210 510 2097 621 und biderben ehrlichenlüthen das jrig
1222 578 2203 686 nammen und entfrombden thuge. dergstolt
1216 638 2124 737 und massen er veursachet worden,
1229 695 2184 803 Gittenmalen vngden die hoche herrlicheyt
1238 761 2176 863 zustande) inne gfänklich alhar zuren
1555 811 2170 910 Vf welich vnd hin dame
1207 814 1459 929 zlaten e.
1208 880 2170 993 Ungden huth Rhatzedels gefallen, einen
1226 940 2196 1023 uß dero mitlen zeuerodnen, mit bemales
1213 1001 2219 1113 die uberschikte mitsif und bylag zuerderen
1238 1062 2207 1169 und berürten haußi darüber mit gebürnd
1232 1127 2172 1223 marter zu examnieren Welchen
1244 1212 2184 1299 ir gden benälch nun, uf sambstag den
1247 1257 2215 1349 24 jennes dies 24 jars ime bywasen
1259 1319 2157 1431 anhören und gagenwürtigkeyt, deß
1246 1376 2251 1500 fromen ehrennesten fürnamen fürsichtg
1255 1443 2256 1561 wolgeachten wysen herren, herren dami
1265 1510 2147 1619 von Bürens des kleynen bhats,
1256 1580 2253 1687 Hans Jukhes der Burgern und Niclans
1257 1644 2259 1750 kilchbärgers grocweybels, samptetliches
1256 1703 2296 1803 Weyblen in g heren und oberen dieneren
2011 1762 2260 1861 Hatt also
1278 1784 1980 1881 statt und gnug beschachen.
1279 1850 2293 1946 hievorgemelter haussen harnachgeschubene
1268 1914 2292 2017 diebstäl vnd mushandlunger alhie zu
1268 1969 2296 2080 Marhili bekhendt, auch mit der marter
1258 2054 1982 2143 erhalten und bestättiget
1253 2105 2252 2259 Dets ersten. Als er Vngfarlich vor
1301 2219 2293 2311 8 farewe mit einem ros und schlitten
1299 2278 2246 2393 von Bäri ufhin, heymwarts gagen
1279 2327 2384 2457 Wattenwyl glaren. Habe er undenthalb
1298 2400 2372 2537 genant iur stupfärrig) einene so Nydegg
1283 2466 2263 2597 beyßt, ein schlittlin höuw genommen.
1279 2516 2356 2647 Als aber er darob funden, vnd vor dem
1305 2588 2387 2716 H ud Wottenwyl verclagt worden. Habe
1315 2659 2387 2789 er Inne gfänklich annamen, vnd zn yser
1331 2723 2340 2852 rochen laßen, volgendts aber (wägen er
1324 2772 2337 2919 die marter enthäfben durch mitel eines
1328 2864 2394 2981 m�sers, so ime erst alhie von den weyblen
1339 2933 2403 3042 gnommen. uß der gangenschafft dober, grißen sye
