2489 3281
242 85 1077 309 Also das Ime dulberger sollichen
202 200 1002 350 Zedel nit In die hendt gfallen
222 288 1131 462 Will also keiner vernueren Verfeltschen
261 349 1058 501 bekandtlich syn Im übrigen
239 428 1152 589 hat er vermeldet, das näben obgemeltem
241 507 1044 643 Aügli auch Wilhelm Altorffer Basehi
220 565 1056 704 Gelmundt unnd Hanns Jacob Jeger
244 636 1076 794 von Biel, Ime Anzeugt das Meister
229 704 1009 830 Ballethyns sohn mit derglychen
243 774 817 900 verfeltschung vmbgangen,
211 892 931 1029 bittet gott unnd jr g etc.
344 1209 948 1341 Andres Züricher
459 1310 776 1417 von Erißwyl
232 1476 1080 1647 Als dan Anders Zuricher von Echris
202 1591 1074 1702 Uß ursuchen er zu Rügsoach in einem
205 1662 1053 1769 Spycher uf diebstahl funden, gfäncklich
610 1730 689 1786 eßhalben.
225 1730 1081 1835 Alhar gfurt, vnnd vr g. luth Radt Zedel
245 1803 1083 1910 gefallen, inne mit nothwendiger marther
236 1867 1096 1967 deminieren zulaßen. Der hat nun in
242 1938 1090 2051 beywäzen, anhören unnd gägenwürtigkeit
203 2007 1068 2105 Der edlen ehrenmesten fromen fürnemmen
241 2073 1052 2185 fürsichtigen, volgeachten wysen herren
175 2140 1113 2253 Daind amaus deß kleinen Rhaths, Cunradt
205 2202 1091 2316 Kilchbärgers der burgeren, Niclaus Kilch¬
223 2269 1005 2382 bergers großweibels sampt etlicher
226 2339 1004 2444 m gl. Hr. vnnd Oberen dieneren
227 2379 1140 2511 harnachvolgende diebstäl zu Marzili bekendt
213 2473 1000 2577 auch mit der wartter erhalten unnd
215 2554 449 2647 bestättiget
182 2626 1116 2812 deß Ersten Nachdem Inne Danil Fuchsten
151 2729 1159 2874 sein Seins von Röthensach Vngfar vor 13 Jare¬
1195 2150 1237 2212 18
1202 999 1251 1099 6
2186 62 2291 112 156
1264 82 2293 232 heißen mäl suchen, damitt sy küehlen komnet
1347 176 2228 283 sye ergangen und habe dem fryweibel
1238 240 2268 369 zu diglen uß einem scäfftli 300 lbb fl gnommen
1253 322 2139 443 uund sölliche ermeltem seinen zutragen
1252 395 2187 496 wellicher aber selbig gält, wyl es ein große
1261 453 2248 556 sein gewäßen nit empfachen, sonders verschaffet
1255 527 2259 641 das sölliches ime fryweibel restituiert worden sye,
1447 629 1508 690 sye
1256 630 2237 764 Denne er am wöttenhofftn ein käler
1208 722 2210 840 ebrochen, vnnd etwas ziger vnnd kös daus
1273 804 1461 905 gnommen.
1279 922 2193 1049 Isem zu Rügsoach, habe er zwey stuck
1290 1014 1980 1115 fleiß uß einem spycher gnommen.
1229 1136 2152 1281 Demnach uf der schönieg uß einem käller
1280 1226 2220 1322 ein Stuck Käs, Ziger, vnnd ein Anckenballen,
1204 1317 2186 1473 Wytter zu Sumiswaldt uß einem källen
1269 1422 2061 1536 ein stuck käg unnd ein leib brodt
1207 1548 2228 1693 abermallen nach an der Schonegg uß einem
1262 1643 2208 1761 Küller ein kübli mit ancken, sye aber nit
1253 1729 1452 1824 vol gsin.
1241 1812 2170 1961 Brnners Im Rugsauw graben habe er
1273 1919 2157 2034 andtwendt ein barschu, vnnd einleib broth,
1265 1990 1656 2099 uß einem K�ller,
1234 2094 2227 2219 So habe er mit hilff synes vetteren welcher
1260 2187 2227 2302 Zürichers uf einem hoff, das holtz genamht,
1277 2269 2259 2352 gestollen, ein wöllen thuch, vnnd ein Silbernen
1256 2345 2252 2448 Bächer, sye im aber mir by zweyen eronen
1259 2415 1635 2494 daruon worden.
1217 2510 2241 2612 Denne zu Arburg, mit hilff synes vetteren
1255 2605 2206 2717 Melchers uß einem spycher by 15 eronen
1282 2669 1508 2772 entzuckt.
