2564 3001
272 772 439 867 nd n
401 5 1236 141 Er daßer abr vermeldet
468 101 1265 250 Vatter Hanns Laßer gheißet
436 201 1274 337 sye ob vor langest von zof
437 261 1256 397 hinweg und den krigen nach
434 348 1274 459 zogen und sye jetz letstlich an
454 421 1259 550 In Bundten vmbkomen, er a
463 498 1266 616 sye hievor 3 jar bim Ryne
439 579 1271 689 zu Arburg vnd bim Siri
443 671 1257 766 zu Obhofen auch ein Jar v
443 740 1250 865 disen verschinnen Herpst dem
437 826 1241 935 Iost Meyer zu Niderpib byde
437 906 1248 1035 I Muchen getroschen, vnd sec
442 1000 1253 1114 jederbegen ehrlich gehalten, sd
453 1087 1228 1186 har ab, wyl er kein mr nit
450 1152 1242 1274 find können dem Almusen
455 1216 1016 1344 noch Zuchen muesen,
429 1313 1263 1434 So vil den serbel belanget, hab
459 1413 1256 1500 er dnselbigen nebet einer Bu
456 1476 1250 1590 am herdt ligent funden, welchen
449 1549 1251 1665 er vffgehept, vnd in hofensock
431 1633 1242 1740 gestogen, das den igmme keidt sr
436 1717 1236 1816 bittet ab Gott vnd V. g. v.
420 1803 1236 1912 verzeichung. nd will als
430 1866 1237 2003 Keler wygeren unthaten such
419 1960 1218 2081 diebstälen nit gestendig
396 2031 1241 2211 Ist da 1. mel lar, das ander n
401 2161 1245 2286 dem kleinenstein vff Jogenw
2150 0 2336 121 43
1359 118 1999 297 S sili
1529 253 1987 384 Von Riggisperg
1396 413 2247 578 f Montag demn 3 Horūng diso 1623.
1398 513 2215 624 jarb zun bywesen annhoren unnd gegeht war
1397 590 2213 681 tigkeit, deß Ehrenuesten fromen, furnemen,
1393 635 2273 748 fürsichtigen unnd wysen herren, Hanns Rudolph
1401 709 2192 817 Horns, deß kleinen Raths, S Rudolph vonn
1388 770 2212 890 ehrlach Heferen zu Riggisperg der Gurgeren
1403 838 2195 925 selas kilchbergers großweibels unnd etw
1401 891 2197 993 licher weiblen m g h unnd oberen die
1386 957 2219 1054 neren ist Hanns Graf, synes fürgebens par
1386 1028 2203 1113 tig zu die dießbach unnd seyen syne elteren
1385 1091 2185 1197 zu Stefistburrg dahenmen gsin, jehunder aber
1419 1154 2193 1246 eye er gusiggisperg mit huß, so hienor et-
1402 1217 2178 1315 was zyths mit hilf Cristen schröters synes
1404 1281 2207 1365 gesponen zu Röütingen nachts in ein kellen
1400 1331 2223 1448 gebrochen, daruß acht Käß vnnd etliche furt
1400 1405 2225 1495 auken entfrömbdet zu Marzili mit und
1401 1467 2144 1560 ohre Marter wegen verneren gezigen
1412 1519 2103 1620 examiniert unnd befragt worden.
1358 1569 2265 1724 Der hat nun nit verners bekantlich syn wollen,
1377 1677 2202 1772 denn das er mit obgemeltem schröfer synem
1410 1735 2202 1822 gshanen in gesagten keller zu Röütingen
1413 1790 2190 1875 ynbrochen unnd 8 käß sampt 8 lb anck
1387 1842 2157 1922 daruß entfrömbdet, die kesen in zwey
1392 1900 2175 2002 Schürli versteckt, wellche aber dem jängeen
1387 1956 2163 2063 deßen sy gsin, biß ann den einen wider
1389 2020 2193 2109 worden, denn aunften aber syner frouwen
1407 2085 2225 2159 heinbracht unnd dero fürgeben, das ime num
1407 2144 2182 2231 ynem gspanen derselbige vonn einem zu
1393 2201 2177 2317 kun, welchem sy gearbeitet zu konseye geben
1388 2285 1580 2356 worden
2005 2365 2142 2463 Htem
