2418 3041
740 48 836 121 dem
368 98 1190 212 Deme seye er auch Nichgll Fuleg zu
364 171 1269 276 Schwanden hum syn huß gangen, einen schlyßel
344 230 1257 326 Der ungferdt hin der stuben uff einem banck
396 299 1270 402 glegen genommen, ein trag damit groffnet
384 350 1290 476 unnd zwen frütz dicken daruß vermntemest
574 477 681 529 dem
370 486 1280 603 Wylhers habe er Bartlome Stäli vonn Oberhofe
395 557 1276 666 us einer weif ein zilig lehli gestolen, seyn
399 634 1159 713 aber demselben widerumb worden,
344 705 1269 848 Nehr seye ervß hunger, Hannß Suhen hun de
375 823 1278 902 Weinlt hum ein Stafell brochen, demselbigen
408 874 1288 988 etliche eßige pyß daruß genommen unnd die
391 955 575 1047 genoßen,
362 1014 1296 1163 Wasbelanget, das er etlichen personen solle gen
395 1126 1290 1206 tröüwt haben ihnen ire hiser anzestechen oder
394 1193 1269 1282 das er inensonst uff den dienst gewartet
394 1253 1075 1368 habe, will er nit gestendig syn.
344 1353 1278 1464 Enntlichen hadt er auch bekent, wie das hme
401 1419 1284 1519 ein gwüßer krämer ein (fiegel verkauff
395 1487 1291 1603 der hime uberret, das derselbige zum falte
399 1556 1271 1673 pilen gutt seye, welchen er auch zumselbes
406 1640 671 1721 gebrucht habe.
362 1700 1302 1846 Vff wetliche deß genampten Jacsb Buldes, hacht
402 1817 1270 1917 vnnd schware Wißhandlungen, vnnd das er
390 1876 1266 1986 ime morgende wfarnung unnd züchtigung
386 1957 1281 2062 unnd die hme bewißne gnadt nit soudl zu
383 2018 1296 2106 hertzen gehe laßen, denn das er sich nit alle
383 2081 1287 2194 mit einem meigendt unnd noch mit wylhe
370 2151 1300 2268 Diebstälen vertiefft, Labendt hochgonan
379 2231 1301 2333 in ghr schulidtheißen räth undd Burger, de
367 2297 1298 2417 Stadt Bärr uff Iren Eidt zu Nachterkent vn
387 2383 1294 2484 gesprochen, Das man Inne dem Na¬
395 2461 1293 2566 richter benelchen, Der hmne mit zurut
379 2521 795 2626 gebundenen händen,
1142 2550 1291 2642 uffgn
369 2582 1297 2726 liche richtstadt füren, Inne alda mit de
2279 68 2323 112 13
1426 96 2262 225 estrangen vonnläben zum solt nach
1403 154 2316 284 keiherlichem sychtsmechter unnd dem aufft
1388 254 1754 333 beuelchen solle.
1364 352 2327 469 Der Ihnne Obenuß vffgwonliche Richtstadt
1415 415 2335 538 füren ime ußgnadt unnd darinhertzigkeit, syn
1414 483 2220 604 haupt abschlachen unnd allso mit dem
1406 550 2240 659 Schwärdt vom läben zum todt, nach
1412 611 2166 714 reiserlichem rächten richten sölle.
1371 768 2367 897 Ist den 13. augusti 1622 von mig
1387 848 2390 948 h. Rhäten vnd buegeren k zue al¬
1433 918 2401 1012 malen Iyn verwurcft läben geschenckt
1409 979 2349 1088 und erkent worden, das er mit rüthen
1441 1058 2271 1179 solle vsgschmißen, vnd mit dem
1434 1113 2399 1241 eidt von mn g h statt und landt
1422 1211 1740 1311 Serwisen werde
1623 1305 2373 1430 Ist angentz an Ime erstattet
2171 1407 2389 1476 word
1427 1637 2322 1788 auin
1499 1760 2226 1843 ein gmeine verluffne Tirnen
1501 1816 2353 1925 weiß nit wo yeigentlich dahennen,
1345 1847 2379 1991 Ist der 16. tag Augsten 1622 Jars
1455 1957 2397 2083 wegen behangnen Dritten Fhälers
1420 2030 2364 2134 vnd Ehebruchß der Eidt nach ver¬
1444 2102 2379 2213 magt der Sahung von Statt vnd
1427 2154 2027 2298 Landt gebn wordn.
