2474 3041
461 -3 1181 127 In das Wirtshuß gefuert
466 72 1195 217 darūff von Jra hinweg ge
551 154 1199 281 sy by dem Hartman
479 220 1212 363 laßen, Hat er hoch beit
455 305 1229 445 Seel vnd öligkeit betüke
494 386 1235 526 er von syner f. vnd deß b
510 475 1237 599 mans mit einfanderensv. bros
502 540 1242 679 Hury gantz nüt gewüßt, nah
523 638 1249 754 wenig darzu verholffen, vil in
521 708 1248 819 auch den Hartman als er ein
525 787 1252 901 lig gsin zu also in der nachts
530 864 1266 994 gfüert und an syn beth gelegtn,
528 942 1272 1039 vnd do hernach sam morgen p
535 1006 1266 1099 Inen vffgstand, dan er dem
539 1065 1287 1177 man so wol alls syner frouw
542 1141 1274 1244 anders mit dan alles ehren vo
551 1211 1274 1313 guts zutrunret, sye auch kei
561 1294 1278 1370 anderen meinug dan allen
563 1348 1296 1443 reverent, syn noth zunerichten
564 1418 1305 1520 gstanden und angentz wider zuzu
572 1480 1306 1579 komen, also das er nit glouben fr
576 1559 1311 1654 das sy derglychen sachen hierzw
587 1601 1316 1719 mit einanderen eegnit verbeth
574 1652 742 1733 können.
561 1707 1323 1869 Anlanget, das er sy in der nacht a
593 1810 1317 1937 uß irer mut hliß vom filt
584 1883 1309 1990 In das wirtshuß gfüert sy
603 1955 1320 2056 wahr aber keiner bösen mannt
916 2022 1006 2080 ab
602 2016 1332 2143 bschehen, als er, von Inen S
621 2078 1329 2204 weg gangen, habe er vermeints
623 2134 1342 2281 wurde Iue angentz nahm s
611 2199 1346 2347 dan er domolen gar truncke
611 2272 1345 2413 wo nir domolten etwas böseis
614 2369 1324 2475 schen syner fi und dem Harb
607 2426 1365 2553 vrichtet werden, wache er get
623 2483 1364 2641 darnon sonder üeße es gut
635 2567 1367 2720 s aller hab dglichen vß
623 2641 1362 2773 mehr schen vn Iha meingls
622 2687 1228 2826 spürt noch zutrineet.
2158 -2 2238 68 79
1307 28 2149 190 Antreffent, ds Hartman uff ein
1313 116 2226 276 zyn als sy mit einanderen grech¬
1334 200 2257 332 ret vnd darnach ein trunck Than,
1341 271 2183 417 schimpffswyß gredt, deß Lnschs
1342 349 2246 476 irer wyberen gredt je wahr
1350 400 2224 541 aber nüt anders noch böses dar¬
1354 497 1742 606 noch erūolget.
1323 583 2189 736 Item daz er zu Ihner frouwen
1296 678 2204 813 solle anzeigt haben, das hart man
1369 768 2228 870 Inne vffgwisen Ira Zuergeben
1387 832 2283 948 könne er sich gantz nit erzineren
1391 906 2186 1012 noch vilwenig das er derglychen
1384 972 2277 1085 word vom Bartman ghört habe.
1339 1084 2301 1237 Nach disem nun Ist Sebastian Hart¬
1410 1190 2245 1299 man in gegenwürtigkeit beider
1409 1244 2259 1374 ehelüten aūch verhört vnd ernstig
1414 1322 2232 1438 die warheit Zubekennen vermant
1422 1386 2282 1488 worden, sonderlich ob der schäffer ime
1436 1455 2283 1561 nit etwan zu synem vernebten
1414 1507 2239 1652 Erbrūch vnd verfellūng yner f.
1440 1615 1916 1698 anlaß geben habe.
1397 1653 2307 1792 Der hat nun anzeigt wie dzs er sach
1456 1705 2319 1860 siderhar bsiit, vnd sich erIiūeret.
1450 1776 2277 1902 das er sich nit domolen mit deß
1463 1870 2323 2005 schaffers frouwwen vergang), wie er
1454 1906 2371 2056 Ime mit Ime henmgfiert vnd an
1466 2014 2343 2150 son beth gelegt habe, dan domolen
1474 2078 2350 2198 nüt böses von inen verbracht worden.
1488 2132 2326 2271 sonders hernach znWirtshuß,
1480 2225 2339 2329 als sy mit einanderen getruncken
1482 2287 2348 2420 vnd scheingen wollen vnd geleid
1487 2349 2378 2471 also gangen wie durch die Frouwen
1493 2437 1863 2564 anzeigt worden.
