2718 3039
604 65 1298 182 hnnreg vnd heimikrochen
1339 98 1374 180 de
853 129 978 200 mechti
595 132 1344 246 den die magt kranck word
606 221 1307 364 sten ob sy die gefangne
635 319 1400 453 grad derselbigen magt vershi
617 399 1403 554 pfingsten drü jar gsin ein
638 504 1394 649 verkaufft, vnd als die Magt¬
651 588 1401 714 denselbigen zalt, sy der magt
657 681 1410 792 rechte handt gnomen, vnd tei¬
659 761 1407 870 als nūn die Magt heimikome
666 855 1409 971 das derselbigen die handt angfangn
677 931 1368 1059 geehe thun, Inmaßen wie
686 1007 1411 1144 am abent in der schüren des vy
692 1107 1413 1207 melchen wellen, s nit konnen
518 1167 683 1244 inderselben
704 1180 1415 1291 wegen Ira die fingershann
527 1226 636 1314 handt
700 1262 1419 1353 gstarret worden und das wehes
692 1312 1420 1446 uß der handt in den ellbot
694 1412 1416 1524 und achßlen und von danne
696 1481 1425 1600 hinab In die hufft geschlagen
707 1548 1428 1660 daruon großer schmertzen erlic
711 1611 1437 1724 ob nit villechter sy gefangne
713 1682 1424 1806 selbigen magt, das ein und and
703 1749 1084 1863 anhethan habe.
586 1813 1437 1996 Antworen, sy wüse hiernon 1
712 1946 1431 2055 nüt keine diessvagt nit, hab
705 2017 1434 2131 verglychen vor irem zieiß mein
705 2078 1429 2216 weder sehen niderfallen noch vffst
674 2147 1432 2269 das ander betraffent, das sy hrde
698 2237 1443 2352 magt, als sy zra ein rock aber
714 2305 1440 2428 kauff die handt sölle gend
710 2384 1424 2486 und getruckt haben, daruon
707 2442 1437 2552 den sölle wehrthumb erlanget
665 2510 1440 2624 daß will sy von deinselbig undr
734 2566 1455 2708 eitzit grnhen und in mh
738 2655 1384 2765 it gestendig syn, das so ein
1145 2716 1236 2766 1habe
1252 2708 1439 2805 noch 3
719 2704 1252 2829 etwas bises angethans
728 2770 1205 2879 glychen sachen könne.
1465 43 2420 184 frag. ob sy nit uff ein zytt ein
1546 139 2488 243 Suppen kohen wollen, vnd als ob
1517 200 2488 333 Ira dieselbige über und in das fhür
1535 262 2513 416 gloffen, habe sy gfangne gschruwen
1540 363 2469 496 vnd gredt, (Gott behnete vns
1535 432 2515 560 lauff das dich all Luffel angangnit
1553 518 2457 643 lauff, lauff, das dic derselb neme
1540 553 2476 730 lauff, du bis doch mir ein fule
1541 703 1771 786 Sūppen.
1527 810 2447 919 ant, sye nit weniger den das sy jr
1564 871 2461 992 vff ein zych ei Suppen Eohenn
1572 945 2497 1059 wellen, vnd alssy sach ein wenig
1554 1021 2480 1140 in irer btuben gesumpt, sye dar
1568 1085 2495 1225 Zwüschen Ira die Sūppen vber vnd
1571 1169 2511 1284 In das fhur gloffen, Do habe sy Ja
1582 1250 2498 1354 wol uß umbsindte und zorn gredt,
1583 1329 2529 1437 wegen sy sonst nüt anders domalen
1578 1410 2480 1502 Zuäßen gehept, lauff In aller
1577 1476 2537 1587 Tüffel namen, Ich sab Jetz, reve¬
1582 1540 1977 1660 renter gfrögen,
1982 1530 2040 1619 C
1548 1636 2407 1769 fras ob sy nit unlangst in e
1543 1739 2417 1852 Vlrich von Bonstettens, end In
1578 1798 2469 1900 h. Niclans von Grafenriedts
1591 1862 1990 1969 hiß gwandtlet
1540 1958 2478 2088 Nnt. wil nit darūon wüßenn,
1614 2032 2343 2141 noch desselben gestendig yns
1574 2108 2476 2249 frag es sy nit ungfar vor 10 jaren
1607 2207 2440 2327 mit einer anderen Wybßperson
1589 2265 2451 2368 zu nacht oder am abentspat im
1612 2342 2469 2433 Schallenholtzli von ehrlichen bür-
1612 2396 2372 2509 geren fundt worde, da sy den
1619 2462 2403 2580 mechtig gschrūwren, vnd als s
1616 2538 2448 2635 beiden uß dem Holtzlin und dem
1618 2596 2454 2711 gstrupp vßen, gegen der straß zu
2472 -6 2526 52 55
