2126 3026
197 30 977 208 Hanns Diethtem
290 146 975 261 von diesbach Burtig Jetz
326 216 969 335 aber H. Thyßenn huß¬
516 306 693 359 ndn
164 332 1003 468 Vff donstag den. 22. Novemb.
185 425 1005 519 1622 jars in bywasen an
231 483 1020 594 ren vnd gegemeurtigkeit deßse
240 559 1004 674 men Furnemen Fursichtigen
231 648 1007 735 und Wysen Herr Rudolff Horn
216 704 995 810 deß kleinen Rhats Dauidt von
228 788 1017 882 Burens der burgeren, Wielaus
240 857 1035 973 Kilchbergers Großweibels, vndt
245 946 1069 1045 etlicher weiblenmn g f und
225 1022 1020 1121 Oberen dieneren, gat Hanns
210 1086 1022 1190 Dierstem von Ober dießbach spürt
231 1151 1014 1261 Jet ab In h Lieihart Thyßenn
211 1232 1017 1352 Metten wonende, zu Marzili¬
245 1307 1024 1420 und ohne Marter wegen insth
246 1393 1019 1491 In Herren Nenner von Merdts
245 1452 1020 1570 Matten vnd entfröuldung etw
245 1536 1002 1646 korns bekent und verzogen.
203 1614 1026 1774 Semlichen wie das er vor acht tos
227 1736 1011 1832 alhie uß der statt heim gan woll
231 1814 1026 1917 vnd vndwegen zurs Vennerv
221 1862 1011 2001 Werdts Matten vnd schüren fo
233 1964 1016 2073 sie er daryn gestigen und wolle
246 2042 1023 2136 allein lugen, ob der Herr nochv
234 2113 1023 2240 darin ze tröschen habe, damit w
233 2178 1003 2289 der Herr ime wolte verdingt
241 2270 1024 2385 e das verdung deston bas mit de
227 2356 1017 2461 Herren treffen könte, als er in
233 2420 1014 2542 hinge komen, habe er zu eint
228 2474 1022 2625 Stall hwen segek mit korme
229 2575 1015 2671 sthan, da inne den leid die thr
213 2648 868 2780 gyig und das er mit synem
1997 60 2070 108 35
1124 70 2049 188 vilen kleinen Kunden, nun ein ggt
1139 161 1995 265 dahar groß hunger und mangel lyd
1138 193 2042 335 mueßen, dahin gebracht, das er die
1129 288 2048 396 ihnren inwendig geoffnet, das körne
1131 362 2048 491 für die schur uihm gestelt, die schür
1141 420 2044 547 Iiwendig widerumb vermacht, vnnd
1139 487 2127 607 an dem orth da er jngstigen wider
1145 589 2094 700 umb ufgstigen sye und darnach gegen
1126 647 2029 760 abent das kornn Heime zu synes h.
1125 713 2022 836 Margen getragen habe, daruon er
1135 791 2031 930 den vngfaren by einem halben mit
1143 870 2051 988 angentz zumahlen geben habe, dz
1153 934 2057 1069 anderhab sye dem h. alls er mit
1131 1020 2008 1128 den weiblen hinuß komen und im
1151 1082 2124 1207 gfengeklichen angnommen, alles widerumb
1155 1150 2107 1274 worden. Vnd wil also keiner wyne
1152 1228 2127 1316 ren Diebstälen noch mishandtlung.
1154 1310 2090 1428 nit gestendig syn mit vermelden, das er
1163 1380 2062 1462 nit nit der menung, das er etwas
1157 1445 2081 1556 entfrömbdt wolle, zugstig se als er
1151 1504 2068 1624 aber das korz ungfürdt darin gsechen,
1143 1585 2047 1696 und er mit ynem wyb und kindt
1148 1656 2056 1759 und dise gestzie thur gedacht, habe
1157 1715 2047 1855 er sich leid umb so vil vergeßen
1146 1798 2053 1914 bittet ab Goth, vnd V. gh. ganntz
1149 1871 2082 1991 demmetig umb gnad und verzychung.
1130 1975 2044 2081 Ist zweymal lahr, das ander mit dem
1157 2037 2018 2178 kleinen stein uffzogen worden.
1108 2132 2005 2284 Ist vff einstarck censur vnd
1094 2238 2037 2358 vrmanung Zur arbeit ledig
1138 2318 1531 2423 glasen word
