4032 3024
2068 1004 3115 1144 Als Vor Ehwas Tagen Damuell Sell¬
2053 1108 3139 1219 ematten der Schumacher seines Alters bi 29.
2059 1168 3110 1296 Jahren, begen begangene Nächtlichen Ein¬
2045 1236 3043 1359 ebruchszn Hhm Suchhrn Hibanrs Laden
2046 1301 3055 1422 nebendt Vector Meyn dem Schloßen In
2072 1379 3057 1488 allhiesige gefangenschafft gebracht worden
2057 1445 3151 1536 sindt sy Volgandts ds prt dito trafft hoch ober¬
2035 1513 3134 1646 akkeitlichen beselch, durch Mhhlen, Rathshl.. Bur¬
2038 1586 3141 1708 stenbergen Hen. Großleibel Stücte, In beisig
2062 1661 3131 1784 Mohler Hrn. Comendant Thormans von ao¬
2044 1719 3154 1862 burg, Hen. Wogt von Wehrts von Arberg, Hrn
2051 1790 3112 1928 Schaffner Grubers, S. Frantz von Wattenbyls
2039 1871 3069 2001 Hen. Hanß Rodohoß Wurstenbergers, undt
2058 1945 3151 2086 Vbrige Mhlen, der bürgeren mehr, Ernstbährtig
2058 2025 2716 2150 naminiret worden wie olget E.
2047 2093 3023 2228 das Ihne zu disen leidigen That geteiben
1953 2106 2036 2228 E.
2043 2175 2221 2280 habe .
1936 2234 3131 2371 R. Es habe Ihnn ein Ehrende geselschafft zu Vabern
