4032 3024
664 1868 758 1952 2
702 916 737 984 1
704 1484 748 1548 4
707 2241 770 2347 3
760 2202 790 2242 e
736 938 1894 1148 enmz oi. 1702 Wwar das Peobn
763 1061 1863 1243 In Vmegfungenschafft Enthaltene Elßobeth
780 1173 1892 1316 Gerbne von Langnaus, durch Mssrn Ehrunger
799 1246 1904 1400 hischen Vb Schmaltz Vberh. Mohlen Obeist Engel
794 1344 1862 1480 Verükten Viebstahl Eraminiert wie volget E.
790 1448 1891 1591 daß als Einmahl die Erb. Oberstig Ein Schuf dt¬
787 1529 1898 1658 laßen, Vn seyn Es In den Keller gangen, und habe¬
775 1613 1894 1740 selbigen halb offen vnd halb verschloßen gefunden
784 1689 1909 1814 Wylng es aber Etbelden eyn Vbel Manglete, so habe
783 1773 1357 1893 Es hin halbmaß genomm.
789 1819 1869 1974 Sagte Es, Es sege Gradt be von Kallen Einlach
801 1911 1891 2047 Da seyn Es an Einem Sontag Morgens hingangen
802 1974 1909 2125 und habe protiert, ob Es kamne Vnthun, dasey vnr
779 2052 1891 2203 Kellen Vfgangzen, Es seyn aber nicht mehr als ein Ein¬
798 2158 1413 2277 niches mahl darin gelaßen.
802 2223 1905 2396 seyn es einmahl Vff den Abendt mit Hlen. Obeists
786 2286 1885 2445 seiner Tachten zu d. Kellw ganz, undt habe Vor¬
1721 2370 1839 2485 dar
2039 993 3192 1127 Ine Tochten durgleichen gethan, als wan es den Kallen
2043 1079 3153 1216 beschloßen häte, habe Ihnn aber halb offen gelaßen
2076 1154 3193 1276 vnd seyn Darusf Morgens daryy gangen, und In einer
2052 1241 3144 1362 Keußlen wie genommen, die Kraußlen aber seyn mit¬
2026 1326 2389 1441 Woll gebüßen e
1985 1412 2064 1512 E.
2095 1367 3161 1510 Ven Kuß betraffendt so seyn zu vun Kaller mit mahr
2080 1467 3146 1583 als Ein halbpfundt gelonßen, welchen es auch geßen
2072 1555 2180 1641 habe.
1996 1562 3160 1737 di ben den Entbandten lassel sagte es, Va eb ein¬
2042 1682 3121 1805 imahl vor dem huß gewuscht da habe es den Lossel
2063 1746 3130 1873 Sthil, allein zu vne Wuscheten gefunden, undt Ihm
2065 1822 3158 1956 gian Meidtl, nahment burgdorffer bab, zu Ver¬
2048 1895 3186 2042 aussen geben, habe aber disen Eossalsthil bey 3. d
2068 1975 3185 2109 Zagen In der Kuchi behalten, Ehr undt bevor Er selbigen
2084 2050 3153 2194 Verkauffen laßen, undt wan zumandt in dem huß¬
2083 2137 3174 2277 nuch Visun steiht, gefragdt oder geklagdt häte, daß¬
2074 2204 3173 2354 Einen Wahr Verlohren ganzen, so hute es selbigen
2085 2280 2421 2410 widergeben e:
