4032 3024
694 878 743 945 18
701 927 769 1037 6.
709 1488 775 1570 7.
808 934 1919 1108 daß eb auch Johmahls zn Mhhlmn, Eregtfiscges
783 1016 1927 1194 Hauß, mit vun Els von höchstetten Ehlas Entadt
782 1118 1912 1242 habe, sagdt es heiter Rein, undt wüste auch nicht
802 1202 1906 1358 war es möchte gethan haben, dann Wan es schon
788 1286 1904 1433 Abes dar von Raden kondte, so köndtenes solchs
796 1364 1357 1495 Kirgendts hinbrngen
814 1453 1889 1594 daß Es Einmahl nach dun die EFrbe. Obresien Vhr
1861 1552 1898 1596 S
1738 1559 1771 1612 is
784 1556 1878 1691 Metiger Cß Zahlen laßen, Ihnn noch Varfessitt.
747 1633 1884 1763 Chleisch das geldt geben habe, den Matzer Var¬
747 1709 1873 1866 mit zu zahlen, dises geldt aber bis gegenbertig
776 1773 1894 1945 bey sich vehalten habe, seyn wahr, wolen es den Alch
747 1860 1900 2017 e gei sithen ninmahlen habe antessig können, selbiges
775 2002 1213 2129 Ihme zu bezahlen
771 2016 1894 2228 Endtlichen undt zum laßen, daß mans Anklägen
784 2130 1900 2290 Der Hrb. Obristig ullen Entbandt zu haben
770 2216 1911 2379 gibt es daruff gentzlichen Nan, mit zuthum man
1987 2183 2038 2254 4.
2056 990 3132 1150 habe gar Vil von Ihme gesagdt aber Es werde.
2075 1070 3156 1193 dns antag kommen, diß Ist nun die Vergricht
2053 1154 3133 1274 so Ewigut: hirmit hinderbracht wirdt Acta:
2062 1251 2322 1358 nt Supra.
2014 1307 3112 1495 Ihn Vortsehung deß Mit dem zu der
2062 1426 3126 1559 gefangenschafft enthaltenen ElßErth Herber
2064 1504 3160 1643 angefangnen Eramen, Vnderschidenlich verdächtigen
2208 1578 2359 1648 Obtthu
2057 1588 3172 1717 diebstahls ehr Mahl. Eynunger Schmaltz, mit zu¬
2060 1669 3151 1799 Thum Mlohlen, Ober Vogt Eugelb, die Crafft hoch¬
2043 1740 3150 1865 oberkedtlichen befulchn von 14ebr. 1702. aber¬
2063 1821 3152 1948 mahlen zn die gefungenschifft begeben, undt durch
2045 1894 3158 2007 Recterceste obig und Vernere gekruekte Fragen Vol¬
2033 1975 3113 2106 igund, Vnrgicht und bekandt uzugenübung der
2047 2058 2672 2192 Marter Her vorgebracht x:
2069 2138 3190 2293 da es Einbmahls mit deß . Obristen Richten In dem
2027 2224 3118 2362 Kellen grngen, undt da sy selbiges mahl widerumb
