4032 3024
814 999 1874 1169 33 gehabt, als wan es in gröser ohnmacht währen
920 1117 1825 1237 allein ohngefehrt 4. stund hernach hatte es
926 1181 1882 1307 wider angefangen mit den scharpftrichter selbst
915 1266 1825 1379 zureden, da dan Noff. Eraminator auff solches
923 1325 1892 1439 vornommen, sich nochmahlen alsobold zu dem Annell
901 1402 1756 1510 verfuegt, vnd Ihns nochmahlen ein weng
929 1480 1876 1584 ruaminirt, allein es wolte von obiger gothanen
924 1547 1865 1638 bekandtnus gar nit abstahn, deßwegen man e6
927 1593 1911 1728 by disem Soeamen bewend laßen, So hiemit E. G.
929 1692 1519 1799 gebührend vorgebracht wirdt
