4032 3024
993 1008 1407 1144 Information.
872 1131 1807 1295 Meines wohlEhrwürdigen Herren Tolffer
883 1247 1853 1404 Ruechts dienstmagt. Maria Scheller
915 1343 1146 1437 betreffend
970 1502 1877 1658 ach deme Ihr Gnoden vorbracht worden
966 1611 1834 1723 wolcher maßen Mwohl Ehrwürdigen Herren
978 1667 1871 1791 solffer knechts dienstmagt Maria Scholler
950 1742 1828 1853 von Rahn Muhli bei sinderlachen, Sontags
983 1810 1852 1909 nach mittag als d. 2. b Ab1703 eines Kendt
966 1865 1883 1970 geneßen vnd selbiges dem ansehen noch boß¬
972 1923 1871 2031 häfftiger wiss vorwahrlosen wollen, haben
983 1997 1863 2120 elbige beiden Mh. de Heimblicheren vnd Ihrem
965 2072 1891 2194 dieuor dem Grichtschreiber beselchlich auffgetragt
978 2136 1887 2262 furderlichst diher sach halben genennde Information
962 2204 1810 2312 auffzunemen, welches dann auch d. 3. t. eber.
965 2276 1915 2400 geschehen vnd wolgenden bericht eingenomen worden
2156 1035 3075 1164 Erstlichen sagte die Ert holfferin daß dihera
2155 1114 3095 1233 magt, seitharo liecs meß by Ihro in diensten
2137 1187 3053 1295 zu vor abdr habe sich gedienet Eyy herr Mußl¬
2155 1252 3147 1376 so zu Spoftiß Burg ein Gutt hab, vnd in wahren:
2149 1320 3146 1448 der diser Zeit, habe sic die Fraunk helfferin, nichts
2153 1393 3122 1509 anders als im großer eisfer zum Gochsfarcht
2162 1475 3111 1571 vnd ein stilles lttwesen an diser Ihrer magt
2161 1528 3101 1646 vorspurte deßwegen meinahls im Gringsten
2156 1589 3081 1708 emnighen bbsen Arzwohn oder derdacht, diser
2170 1668 3046 1762 machs halben getragen, denoch seye Ihro anoch
2163 1721 3090 1841 wohl bewust, das disere magt gleich anfangs, bei
2171 1787 3092 1910 antritt des dienst, einen großon bauch gehabt
2172 1860 3126 1986 vorgebend Ihre Menses eine langezeit mit mehr
2175 1925 3073 2054 verspurth zuhaben, welches Ihro dan große
2173 2009 3108 2125 chmerbz vnd angelegenheit vorursaches thäte
2169 2072 3014 2193 vnd weilen diser machs Hauch, seitharo siben
2177 2146 3117 2256 monat, sich JederZeit in gleicher große befande
2159 2215 3125 2334 auch die bruß mit gewachsen hatte si die fies¬
2159 2276 3124 2416 holfferin vormeint, daß demne alßo, das die magt
