4032 3024
750 1005 839 1095 212
856 1046 1838 1128 arein zulegen, dann Sie von seinem begange
838 1108 1728 1206 nen diebstahl gantz und Gar nichts gewußt
837 1179 1869 1275 Solchem nachward auch vorgelaßen Peter Maßli
878 1241 1827 1333 von Ambsoldingen ein Stadt Soldat so sich eine
821 1291 1827 1390 Zeit daher im Comerci-hauß mit Wullen kammen
832 1349 1769 1442 aufgehalten, seines Alters ohngefehrt bey
829 1399 1783 1503 22. Jahren, selbiger bekanndte mit bezen¬
830 1451 1827 1543 gender Renw, daß Er leider diesen diebstahl
810 1509 1818 1598 so in einer namhaften anzahl Zucheren bestan¬
826 1555 1821 1654 den) mit hülff und zuthun deß Christen All¬
836 1622 1824 1703 richs (: als welcher Ihne darzu veranlaßet:) ver¬
1000 1668 1159 1712 Freydalgt
828 1666 1809 1773 schinnen Eaagtag in der Nacht begangen; vnd
846 1712 1813 1810 das auf vollgende weiß; Es habe der Christen
855 1770 1856 1871 Allrich Ihner offtmahls gefragdt, ob nit dahinden
845 1822 1763 1926 Auch oder etwas zu bekommen wäre, Er habe
860 1886 1827 1988 etliche mahl bey den Pfänsteren tuchligen Zeihen
860 1955 1846 2058 welches wohl zu bekommen seye, solchem nach Ihne
859 2012 1858 2123 Mastl angemahnt, es nur zuwagen; darauff
863 2087 1776 2151 Er mit dem Allrich, welcher einen großen
1505 2131 1675 2177 freyt du
863 2133 1864 2228 Starren mit genommen, Verschinnen freitag nachts
878 2194 1781 2283 ohngefehrt umb 40. Vhren als mann bald die
881 2236 1805 2334 Vorten im Comerci Hauß zuschließen wollen
877 2306 1807 2407 sich hinein begeben, und beyetlichen daselbst
1688 2369 1866 2466 befindt
2922 932 3027 1012 243
1954 974 3059 1119 befindtlichen faslenen biß gegen 12. Ihren still
1979 1045 3049 1179 gehalten. Vollgends habe der Vllrich ein Sayl vmb
1999 1088 3065 1216 den Sparren und die Gätter gemacht und selbige
1994 1143 3027 1275 darmit auffgewogen, Er, Masli, aber hinein
1987 1191 3076 1335 gestigen und dem Allrich die Tücher heraußgereckt
1987 1258 3029 1402 Nachwerts habe der Ullrich mit dem Sparren
2005 1318 3051 1458 einen stein bey der Zeimblichkeit außgewegt
1988 1370 3053 1493 und ein Loch durch die Maur gemacht, Er Mastl
1997 1430 3067 1566 darauff die Tucher durchs Loch außen geben welche
1998 1476 3037 1628 Sie nach und nach biß zum Kohrnmarckt auf¬
2016 1538 3036 1675 einen stein und von der in 37 mahlen Vnder
2002 1590 3069 1723 Der Gerweren Lauben durch, in deß Allrichs Wohe¬
2015 1652 3073 1774 ung getragen. Deß Allrichs frauw habe gesechen
2016 1699 3035 1848 wie sie deß morgens zwuschen 3. vnd 4. Vhren
2029 1762 3037 1898 mit den Fücheren ins hauß kommen, und seye dar
2018 1820 3045 1961 bey gsin, als Sie selbige in trog gethan. Nach
2033 1881 3047 1996 dieser Verrichtung seye Er Masli mit zweyen
2011 1950 2942 2065 stückenen Auch, einem Blauwen vnd einen
2024 1999 3017 2129 schwarzen, welche Er mit seiner Cassaggen Ver¬
2050 2047 3079 2159 eckt gehabt, mergens zwuschen 4. Vnd 5. zum
2036 2100 3050 2240 thor auß und nach Ambsoldingen gangen, welche
2030 2174 3071 2285 stücker such noch daselbsten seyen. Dieses nun sey
2064 2229 3070 2327 die bloße wahrheit, welche Er auff begehren dem
2923 2281 3070 2387 Schriten
