4032 3024
693 930 756 1030 1.
863 957 1923 1132 Antbort Er habe solche zu senen Voppeleten Schlißen
893 1047 1912 1195 wan man Ihne In die Zußen beschiefft, solche mit
875 1130 1885 1273 gradt habe Vff thun können gebraucht, und seyen
848 1216 1864 1355 Zlen Parunden die Er dem Hen Vamielleyß ge¬
836 1298 1882 1429 "macht habe zu seinen Gardten, In der Zeith dahr¬
859 1386 1830 1518 Jahlen Wagt hellenbargs Huß Vohnhafft
877 1464 1912 1599 wahen 1 f zua Vbrig Schloßer haben auch Vrgle
856 1529 1905 1696 Wenißt der Hr. Wyß zn gegenbahrt daß ies
862 1651 1854 1763 auch befragdt worden, ob Er Ihme zur einihe
878 1717 1887 1842 dugleichen Schlüßel gemacht habe, so hn H.
878 1779 1896 1925 weyß mit nei beandtwortet, Er habe Ihme die
822 1869 1896 1991 Ntag seines Lebens nichts gearbeitet, wohl aber
876 1948 1871 2092 sage Er aismahls zu Ihnekommen, und Ihme
869 2021 1880 2172 4. Inninandarin geschloßen Schlußel ge¬
855 2107 1854 2252 n Zeigdt, da Er Ihme Meynr alsobaldt Ver¬
856 2196 1836 2330 deutet, Er begahre solcher Schlußlen nicht
878 2288 1880 2436 sy sollen nichts, Er solle sorg tragen, sonsten
2111 999 3156 1142 werde Ihme ein Vnheil widerfahren, Disers alles hate
2117 1092 3131 1210 Er Mager Ihm Ehen, dyß anfangsgelangeet, und in
2113 1158 3149 1274 der Martur beharret, daß E. Ihme Vrgleichen
2115 1243 2704 1352 Schlußel gemacht habe :
2113 1294 3135 1430 Ob Er niemandtn anders der gleichen Schlüßel In
2129 1383 3123 1509 Nachs abgetruekt, als dem Sellmatten, woll en¬
2089 1452 3090 1581 iner gelußen Ihrb. gerbern, Sie Jhaninen solchen
2104 1518 3144 1668 Schlußel zumachen In lann eingewucft zu seinem
2090 1578 3147 1738 huß gebracht habe, daß Er aber Vernere undt mehre
2098 1660 3086 1794 we bekandtschafft mit den Sollmatter gehabt
2103 1741 3093 1882 als gendt zefundt beVisen gemachten Schlußel
2101 1837 2815 1952 solle gehabt haben sey, gur nicht .
2084 1909 3142 2050 Ob sinn hrbe. Ihme mit Pheule zugeschrauben
2084 1981 3156 2116 by den Gfangenschafft, wo E dir wrey Schlüßel habe
2089 2079 3153 2192 solle solche nit her vorgeben, sonsten mochtens Ihmen
2106 2146 2365 2261 Vbelgechen E
2090 2208 3112 2343 außE. geandtbortet sein Ehrte habe Ihm durch
2113 2285 3143 2412 einen Gewaßen Kobi Anders nichts zugeschrauben
