4032 3024
845 1021 1841 1146 darüberhin an die Marter geschlagen und an¬
848 1093 1851 1190 sänklich mit einfacher nachwerts mit anhänck
845 1147 1791 1251 ung deß 25. 48. t steins Zimblich scharpf ge
826 1199 1871 1303 feckt worden so wäre dennoch selbiger in seiner
842 1249 1773 1355 Verstohung so verhartet, daß Er ohngeachtet
845 1302 1830 1401 instlichen Zusprechens und Angewendter Mar
827 1358 1820 1457 ter zu keiner Anderen bekandtnuß gebracht
833 1415 1114 1492 werden könte
821 1505 1820 1598 etstlichen ward auch zuredgesetzt deß Ull
857 1565 1859 1657 ichs Weib Barbl Müller, welches mit vorweiß
842 1617 1859 1691 und Betröunung der Marter ernstlich ermahnt
841 1666 1877 1762 worden, auff diß mahl die Wahrheit zu bekennen
833 1727 1824 1811 oder derselben gewährtig zu seyn. Aber Ver¬
848 1790 1867 1872 gebens, maßen selbiges durch auß nicht gestehen
848 1834 1804 1928 wollen, umb diesen diebstahl einiche wüßen
836 1891 1834 1974 schafft gehabt zu haben, weniger die Tücher
842 1949 1581 2036 helfen abnemen und in frog legen;
1618 1943 1822 2045 bestuhnde
854 2000 1854 2103 auch Vest darauff daß es dem Mathli am frey
841 2061 1820 2163 Tag abends an der Freutz Gaßen den Schlüßel
838 2117 1119 2198 Zumtrog geben
836 2163 1793 2267 Auff befragen, aber wie solches seyn könne,
850 2249 1845 2335 Sittemahl als die Herren im Commerii- hauß Ihme
859 2291 1602 2373 den Schlüßel zum Troygeforderet;
1635 2305 1803 2384 Es zur
1657 2364 1828 2430 Antwort
1979 1013 3022 1145 Antwort geben, Es wuße gar mit von dieser sach
1987 1059 3012 1181 der Mahtli habe den Schlüßel bey sich; Eine stund
1992 1131 3051 1229 her nach aber habe es den Schlußel dem H. Großwei¬
1977 1190 3072 1291 bel bracht, und zwar ehe und bevor der Maffli wider
1981 1271 2151 1349 hier Gsin
1973 1299 3072 1408 Antwortete Es hierauff daß als der Mahhli Ihm
1989 1351 3035 1446 den Schlüßel an der Freutz gaßen abgeforderet
1980 1383 3034 1498 habe es Ihm gesagdt, Er solle Ihn hernach wider zu
1992 1442 3039 1550 dem Pfensterlin bey der Kuche legen, damit es Ihn
1993 1517 3036 1597 allda widerfinden können solches habe der Maghli
1993 1547 3072 1662 gethan und den Schlüßel zu dem Kuchi Pfensterlich
1999 1614 3080 1728 gelegdt alda es Ihn auch gefunden vnd dem H. Gros.
2000 1679 2319 1770 weibel gebracht.
2031 1718 3074 1822 dieses Alles aber ward von dem Mafhli welchen
2044 1777 3014 1899 Ihme vor Augen stuhnde heiter Widersprochen
2014 1843 3020 1923 mit betheuiren, daß Er den Schlüßel zu dem
1948 1889 3036 1995 wog niemahlen weder geforderet noch gehabt, sonderen
2012 1939 3040 2035 es vnd sein Mann habend die Rücher in troggethan
2013 1999 2515 2082 Vnd den Schlußel behalten
2006 2053 3018 2170 Ichle Letstlichen ward es auch befragdt, wann es
2017 2107 3043 2225 zu letzt bey seinem Mann ghin vnd mit demselben ge¬
2026 2188 2207 2259 redt habe
2035 2209 3074 2320 Nach einichen Außfluchten darauf zu Antwerten
2876 2285 3044 2374 Andte es
