4032 3024
935 1006 1847 1129 in einem Gefelch de dato. 28. t. gbris Meinem
916 1082 1871 1188 hochgl. Herrn Examinatoren überschickt worden, vor
913 1122 1850 1265 gewisen, vnd darüber befragt, ob es disen Brieff
931 1216 1834 1343 nit kenne vnd nit wüse war Ihn geschriben
910 1276 1805 1422 hierauff es disen brieff begehrt selbst zusehen
893 1350 1831 1472 vnd zur antwort geben, es seyn wahr, es habe
904 1416 1826 1529 auff sein anhalten die frams Stedleren, dero
908 1491 1830 1591 man ein Gurtler seye, Ihme iin Brieff an H
896 1535 1837 1663 Puchsli geschriben, allein es glaube mit, das es disen
909 1608 1851 1744 tye, E dann selbiger seinem beduncken nach, seye
886 1708 1822 1804 mit so leyd geschriben gsin, allein als man Ihme
890 1760 1829 1862 den gantzen ihalt des brieffs vorgelesen, bekente
893 1828 1786 1927 os, G os ein solchen Brieff dr frs stettleren
895 1877 1801 1978 anbefohlen, an de H. Fuchbl. zuschreiben, allein
886 1957 1829 2029 weilen os in disem Brieffmeldung thue von einem
878 1992 1795 2098 mörderischen anschlag so man wider Ihns gehabt,
883 2053 1786 2162 hat issl Examinator von dem Anneli begehrt
850 2114 1807 2221 zuwussen, was solches dan gewesen seyn, hierauff es
865 2187 1855 2295 geantwortet, ob seyn auff eine Zeit bey des H. altstiffe¬
1992 1018 3030 1131 schaffner Jnners serlige garten hinder de Spicheren
2004 1103 3010 1207 alwo ds collegium gehalten wirdt, der H. fuchsl. zu
1996 1160 3030 1269 Ihme kommen, deme es etwas gelts geforderet, vnd habe
2010 1215 3033 1312 Ihme damahlen nur einhalben Guldt geben können
2011 1268 3014 1406 Da Er Ihme dan getreucht, wan es sich nit wolle Johre
2014 1339 2993 1462 machen, so wolle er vnd der Hl. Steck Ihns laßen
2026 1411 3033 1505 einmannen, oder an ein orth thun das mans nit mehr
2035 1468 3030 1556 worde finden, vnd als es von Geuff wider zuruck
2014 1545 3030 1636 anharo kommen, habe die Cabri dis zu Ihme gesagt, ob
2032 1596 3054 1697 olle sich fuhrt machen, sonsten worde es Ihm übel gahn,
2013 1650 2901 1769 dan der Hr. Fuchbli werde Ihms wohl machen.
1999 1758 3066 1865 Denne wurde es befragt, ob nit der Guetler stottler
2038 1816 2676 1921 151 hurenlohn fur Ihns einzogen
1973 1878 3036 2001 Rp. har nichts, allein es seye zwahr wahr, der Stettler
2079 1957 2988 2066 habe von Ihm einen brieff gehabt, dem H. Fuchbli
2046 2022 3018 2132 zuuberbringen, so er aber ins gethan, sondern Ihme
2041 2084 3056 2191 Anneli gesagt, er habe mundlich mit H. Fuchbli geredt
2051 2151 3053 2248 vnd kein gelt von Ihme bezogen, Im übrigen seyn es
2041 2207 3066 2309 wahr das diser Meister Stottler vnd sein frauw, Ihns
2035 2264 2595 2364 jederZeit auff gutes gemahnt.
