4032 3024
742 1377 823 1460 noch
784 988 867 1081 227
834 1052 1852 1167 keinem Menschen etwas veruntreunbet vnd
841 1139 1803 1236 von denen Ohrten, da Er sich außgehalten, habe
835 1180 1342 1264 Er Ehrliche attestionen
819 1210 1852 1332 Gnangesechen nun dieser Vllrich eine Zimbliche
838 1286 1779 1377 wegl mit Bezeugung heftigen schmertzens
833 1346 1801 1420 an der Marter gehanget, auch überdas, Ihnen
1228 1386 1353 1426 rlnden
834 1385 1765 1468 mehrers zu einer freyen bekandtnuß zu be¬
855 1440 1825 1531 wegen, auß Befelch Moshl. Examinatoris die
832 1493 1782 1570 Grosten Gewichtsteinen hervorgestellt, mit
830 1557 1762 1642 Betröuwen Ihne mit Jedem derselben be¬
839 1596 1789 1677 sonderbahr aufziechen zulaßen, wann Er
834 1668 1792 1738 die wahrheit dieser that, die auß allen vmb¬
843 1724 1855 1790 standen, insonderheit aber deß vor augenstehen
826 1756 1788 1846 den Mafflis so offt widerholten und an der
836 1816 1810 1911 Marter erhaltenen Bekandtnuß, sodlar am
827 1864 1806 1965 Tagseÿe, nicht geständig seyn wolle. Ist den
844 1926 1789 2019 noch selbiger bey dieser seiner Verneinung
835 1979 1771 2065 beständig verbliben und zu keiner anderen
832 2029 1542 2124 Bekandtniß zu bringen gewesen
848 2095 1845 2198 Nach Obigen beyden ward auch barbli Müller
881 2160 1818 2243 deß AllrichsVeib, auf den Marter Bauck ge¬
869 2217 1789 2301 setzt und weilen selbiges deß ernstlichen
872 2262 1861 2353 zu sprechens und angewendter confrontation
1634 2347 1833 2427 ohngeacht,
2937 945 3030 1050 224
1949 1022 3049 1158 ohngeacht Alles so wohl in ansechen der Vmbständen
1969 1082 3033 1198 nit her Vorgebung deß Sayls, pßloschung deß Liechts
1957 1127 3049 1254 auch Abnemmung der Tücheren s gäntzlichen Verlang
1961 1200 3042 1312 net, einmahl lähr aufgezogen, und mit heftigem
1952 1248 3014 1374 Geschrey ein Zeitlang Hangen am Seyl gelaßen
1959 1291 3049 1406 worden. Blibe aber beständig darauff daß deß
1958 1343 3034 1466 Mathlis Anklag unwahrhafft, und Ihme dardurch
1967 1404 3008 1533 gröblich unrecht gescheche, Wolle darauff leben
1988 1456 2994 1574 und sterben daß es hierinnen gantz unschuldig
1985 1527 2973 1630 und umb diesen diebstahl gar nichts gewußt
1976 1576 3059 1689 könne auch durch eine widrige Bekandtnuß seinem
2769 1625 3043 1707 den Schlüßel
1977 1638 2608 1756 gewußen nicht unrecht thun
1981 1683 3031 1818 zum trog betreffend, stuhnde es nochmahlen Vest
2950 1742 3003 1802 in
1983 1743 2953 1853 darauff, daß es selbigen am Freytag abendt¬
1987 1789 3023 1912 der Kreuzgaßen dem Maffli auff sein begehren
2488 1851 3038 1954 en, weilen es Opfel im frog
1970 1869 2439 1988 zugestellt mit Verde
1985 1907 2996 2022 solle Er den Schlüßel zum Kuch Pfunster legen
2007 1973 3005 2085 allda es selbigen als es hernach seine opfel her Vor¬
1997 2010 2772 2138 nemen wollen) gesucht und gefunden
2030 2081 3015 2197 In Ansuchen der Gerweren Wihrtin klagen
1971 2148 3057 2245 entwendten sachen halb, sagdte es, daß das hieder
2028 2205 3031 2299 Ihme gefundene Leinlachen von einem gewußen
2008 2254 3074 2355 Menschen erkaufft, welches es zeigen und stellen wolle
2854 2317 3000 2395 dass
