4032 3024
938 1019 1845 1149 anß Gyger betreffend keue er selbigen nicht,
926 1090 1561 1195 und wuse dor ihm nichts zusagen
911 1132 1788 1262 Alli Brachbuehl der Sachen kühier zu Rorswyl
925 1219 1798 1320 zengete, es seye der Jagge Grachbuohl sein Bruder
920 1273 1838 1400 am Erystag zusohr, ehr er in paar tagen hernach
917 1334 1890 1454 in die gesangenschafft komen, obends ohngefehre umb
927 1379 1836 1500 4. Uhr alser und sein bus gefuteret, by ihnen zu
917 1428 1850 1561 Röhrswiel angelanget, alwo er verbliben, und in
918 1497 1857 1618 dem Soll Ey seinem huben übernacht Isin, vnd
916 1555 1853 1682 des morndrigen tags habe Er mit Ihnen zumorgen
921 1623 1888 1745 Jehen vnd gegen 8. hr seye er in den Wald gangen
907 1673 1887 1807 Ast zu reiffen zuhauwen, volgends habe er da gantz
915 1747 1489 1873 Sambstag drußen gearbeitet.
894 1811 1778 1968 Niclaus brobst, Ruhierknecht zu Körißachgl.
913 1926 1829 2033 gengehe gleich seinem Meister, daß der gefangene
927 1971 1848 2098 brachbuchl feytag abends vmb 4. Uhren auff d tag
916 2023 1832 2137 die obgemelt hinauß gahn Körtwegl komen, alwo
909 2076 1830 2211 Ey übernacht gsin, dasmorgends darauff seye er
918 2140 1809 2266 gezoug mit ihme in der wald gangen, Ist fur reiffen
906 2203 1845 2338 zuhaunen, vnd da gantzen tag durch habe er, draushen
896 2259 1860 2403 gearbeitet, und auch mit ihnen draußen zunacht geshen
1998 1035 3129 1170 Disem noch sind auch des Engemeisters zno Tochtere
2069 1129 3136 1233 angehordt worden, wolche wolgenden bericht ertheilt
2092 1194 3117 1324 Anna Barbaro Vonwerth Sagte auß, daß
2063 1292 3134 1385 am intwochen vor darbter that an ihrem Vatter
2069 1332 3110 1440 Si des Frachbuhls knecht ing holtzei tauli hauwend
2072 1406 3103 1503 angetroffen, welcher zu ihre gesagt, ihr Vatter solle
2069 1455 3089 1558 ihn Jetzund widerumb bey Mhhl. Herren Saukhemen
2075 1512 3110 1622 verklagen, wie ei vohr mahls gethan, welches er wohl
2064 1564 3154 1680 hätten konnen vnderwegen laßen, erwerde nichts darmit
2061 1632 2972 1746 gewireen, by wollend Ihms noch einträncken
2050 1703 3080 1806 warauff Sie ihm vordeuthet, ihr Vatter seye zu dem
2059 1730 3131 1870 Kind betediget, das ei dergleichen sachen anzeigen Solle
2060 1785 3096 1942 habe er geantwortet, dem seye wie es wolle, er gebe
2037 1844 2857 1971 demmahl nicht mehr als en halber guld
2071 1939 3160 2074 Eßbath von Wworth Sagte, es Seye hetst verwichenen
2058 2023 3137 2134 ambstag abendt. 14. nächt gsin, das siy mit ihrem Vatter
2063 2064 3119 2177 abendt spaht, ein liecht in einer papyrenen Vaternon
2069 2110 3139 2230 abend, auß der statt nach haufs gangen, im vorbygehen
2066 2184 3131 2288 einer ladenwand, nechst Sy herr Risen maßen, seyn ohn¬
2060 2234 3100 2328 vorsehends eine große mente steinen vnd bangel, ihnen
2062 2287 3121 2406 nachgewoeffen worden, das sih dehr angst nit gethust wn sich
2056 2344 3133 2471 ir der eil hinfliehen wollend, wnder anderem soigt in
