4032 3024
857 1009 1827 1140 zu Aenff bezahlten dischgelts, waße so auch mit
861 1081 1810 1202 wor selbiges bezahlt  den H. fuchtli be¬
872 1145 1841 1270 langend bleibe es by seiner pöhrigen bekandtmas
871 1211 1749 1330 vnd khnne es gantz und gar nit eigentlich
876 1281 1849 1403 wußen, ob er gsin seye so Ihns by der finsteren
866 1360 1777 1468 nacht auff der Gaßen einmahl beschlaffen
855 1414 1828 1547 Es heygeIhns die tag seines lebens nemand ander
863 1501 1837 1631 beschlaffen, als leider H. Baucbherren schreiber
1084 1566 1341 1645 von eblich Jahrn
862 1592 1875 1698 Willading seelige 2 mahl, vnd disere vnbekandte
866 1661 1785 1762 ein nahl, vnd sein dißmahliger hochzäter von
858 1731 1802 1839 deme es vermeine dißs mahlen schwanger zu sein
865 1804 1768 1938 hierungs Mhgl. H. Examinator ersehen das
847 1893 1882 2015 welen alles harte treuwen vnd krefftige zusprecht,
880 1969 1766 2080 disers Anneli Sreiman zu keiner fernorent
879 2039 1803 2141 bekandtnus hat bewege können außert das es
896 2104 1820 2196 och gesigt, war etlich Jahren habe Ihns H vmb¬
878 2154 1769 2266 geltner schreiber Steck, H Willading sorlich, vnd
878 2215 1845 2340 Juncker Gabriel von Wattenwyl, des Juncker
1960 936 3074 1158 Handtrogts von Morte sehn, des nachts zu der dysemin
1995 1044 3008 1220 geschickt, Ihro anzuzeigen, das siy solle in des Junckern
1989 1122 3031 1262 von Watennrse hauß komen, vnd sagen si wartind
2001 1184 3033 1341 alda auff syy, hierauff die disener zur antwordt
1990 1260 3054 1428 gesagt, es solle disen herren sagen sywolle also bald
2003 1329 3086 1484 komen, darauff disere drey H. Jeder Ihme 15. b
2013 1399 3037 1559 fur sein lohn geben, vnd eim andersmahl seyind
2022 1477 3072 1604 disere 3. Herren des nachts zu Ihmer zu seinem Hauß
2012 1539 2993 1706 komen vnd gesagt, es solle die feutigenen und
2034 1639 3070 1787 hagelsteinin in sein des Junickern von Watten¬
2050 1686 3010 1831 wils hauß heiß kenen allein dazumahlen
2050 1762 3014 1894 seye es kranckgsen, vnd seye nit gangen. Ist
2034 1829 3031 1981 also das Janige waß bey disem anderen bkamen
2030 1889 3113 2048 vorgangen; so hiermit 6. Gnad gehorsamlich vorgebracht
2030 1949 3060 2079 wirdt Indesen aber istdisere derhaffte persohn
2031 2020 3075 2188 zu besberete Vorwährung, auff dr Schnittstuben in die
2016 2120 2561 2244 Hätter stuben gethan worden
