4032 3024
788 970 859 1072 214
846 1030 1801 1142 Christen Vllrich und er augen erhalten, auch
872 1096 1842 1206 darauf leben und sterben wolle, daß selbiger
858 1154 1864 1268 und kein Anderer Ihne zu diesem diebstahl Ver¬
865 1209 1667 1312 anlaßet, und solchen Verbringen helfen
857 1266 1817 1380 Vf das hin ward auch zured gestoßen mehr
1593 1342 1694 1390 rüber
881 1345 1800 1439 zemelter Christen Ullrich und Ihme deß
845 1385 1882 1472 Maslis bereits gethane Bekandtnuß umbstandt
875 1453 1853 1539 ich befragdt. Der Aber guadterend gar in keinen
874 1501 1834 1599 weg geständig seyn wollen dem Mastli im
878 1561 1861 1660 wenigsten bey diesem Diebstahl geholften, noch
873 1614 1833 1713 einihe wüßenschafft darvon gehabt zuhaben
859 1665 1837 1771 mit betheuwren daß Er selbigen Abends nicht
857 1728 1864 1822 auß dem Hauß kommen,sonderen die Gantze nacht
866 1781 1846 1877 im Betth gelegen, auch Zeit Osteren keinen fnß
859 1835 1845 1933 im Comerci-hauß gehabt, vnd theie der Maßl
857 1909 1869 1976 als ein /: rev: Eugenhafter 9sell Ihme hierun
858 1957 1867 2054 gröblich unrecht; Er jeye aber in der Hand einer
851 2003 1865 2103 hochen Oberkeit habe ein guht gewußen und Ver¬
857 2054 1785 2170 hoffe sein Vnschuld werde noch an Tag kommen
859 2117 1828 2236 Ihngeacht nun diesem Vlleich hierüber krefftig
862 2200 1867 2294 zugesprochen, anbey auch die große Unmöglich¬
862 2244 1803 2335 keit vorgestellt worden, daß der Masli den
869 2292 1847 2386 Diebstahl allein verneben, und die entwendten
1617 2370 1800 2473 bücher stc.
2971 977 3023 1058 21
1997 1034 3079 1139 Tücher ohne sein wüßen in seine wohnung bringen
1998 1106 3065 1185 können beharrete Er dennoch auff dem Laugnen
1990 1131 3064 1234 steis und Vest, derowegen Muhhl. Examinato¬
2004 1183 3074 1296 den Masli nochmahlen hervorbringen und dem
1985 1234 3045 1338 Alleich vorstellen laßen, welcher hierauff seine
1995 1318 3074 1402 Gethane Bekandtnuß widerholet und dem Ullrich
1993 1342 3059 1459 under Augen gesagdt, daß Er Ihn zu diesem dieb¬
1989 1405 3076 1517 stahl erstlich angemahnt, hernach Ihme denselben
2013 1477 3049 1576 verbringen helfen, der aber dismahl, wie zu vor¬
2013 1527 3036 1632 illes zeuplichen pegiert und gelaugnet. Weile
2000 1569 3046 1683 nun Muhhl. Examinator gesehen daß mit diesem
2007 1651 3059 1719 diebs Gesind in der Gihte weiters nichts vorzunemme
2002 1700 3069 1793 hatt Ers auff dießmahl, Vmb solches E. Gul. Zu dero
2030 1742 3060 1848 Verneren Erkandtnuß zu hinderbringen, bey diesen
2001 1792 2973 1889 Examen bewenden laßen. Actum Vorstaht
2102 1864 2196 1948 tes
2099 1879 3025 2001 Examen mit hievorgemeltem
2028 1964 2362 2064 Veter Masdl
2024 2045 2376 2104 Christen Vllrrich
2020 2080 2429 2191 vnd Barbli Müller
2110 2180 3037 2275 Demnais Muhll. Heimblicher May
2065 2224 2110 2287 2
2068 2277 3037 2351 sub 2tn Octob Letsthin mit zuziechung Ihr
2847 2332 2989 2432 An.
