4032 3024
802 2129 893 2231 d
835 2203 898 2290 H.
972 1018 1899 1167 Gehaltenes Cramen. d. 3. t. Aprellen. 1703
1005 1085 1483 1211 Mit Els beth Müller
946 1209 1816 1340 Nachdeme vor etlich tagen zu Galizgewird
946 1276 1831 1382 Ambtsfrauwbuinen rauth herren Landtogts
951 1340 1836 1428 schreibet, vmb mitternacht alda, drey dieben in
940 1389 1829 1499 einen Spicher eingebrachen, vnd gleich hierrauff
946 1440 1832 1551 Ihres disbstahls vorsagt, auch sy zuerhaschen über ein
921 1485 1851 1609 Weld biß in ein wald nachgeeilt worden denoch von
937 1542 1848 1655 disem Scholmen solck keiner hatte könen erhascht
928 1612 1878 1722 werden, als die dißmahl von herren Handtogk frisch
940 1657 1889 1772 überschickte vnd hier in der Oberen Gefangenschafft
946 1717 1840 1812 itzende weibs persohn, so auch mit disen Sieben
943 1766 1862 1886 ber das veld dem wald zu, geflohen vnd nechst bim
920 1841 1859 1926 wald erhascht worden, welche dann dato durch
943 1886 1871 1989 b. Gnadt dienere Herrn Großweibel Sturker vnd
949 1951 1883 2059 d Grichtschreiber in bysein Miögl. Juncker Frantz
941 2015 1889 2118 den Wattenwyls nach gethanem zusprochen examinirt
943 2061 1376 2151 vnd befragt worden.
947 2119 1366 2224 Erstlichen, wie syh heise
962 2193 1843 2318 Elsbeth Müller von hollickhoffen vnd Ihr man
958 2260 1870 2372 Seye der Christen Roth auß dem Grinndelwald
2120 1032 3118 1141 auß waß ersachen sein man vnd es vor ohngefehr
1989 1024 2085 1141 d
2121 1119 3145 1200 funff Jahren alhier seynnd gefangen gesetzt worde.
2125 1177 3046 1289 sein man habe etwelches Zeug gestohlen gehabt
2010 1188 2075 1298 H
2121 1239 3143 1354 deßwegen es vnschuldig in ein bosen verdacht kommen,
2117 1320 3142 1387 auch vondeßwegen seye der Man mit ruthen außge¬
2120 1365 3154 1470 schmeitzt brandzeichnet und des hands verwisen worden
2110 1436 3127 1528 Ihme aber wegen seiner unschuld seye nichts wider
2112 1482 2247 1575 fahren
2003 1551 3044 1678 I. wo siy beyde hernach von hier seynd hingangen
2077 1650 3114 1775 In das bischoff bioth vnd von dar nach Elßaßhaberen
2010 1674 2073 1761 R
2129 1722 2834 1814 alda sy in de raben helffen arbeithen
1987 1785 3100 1899 2 wo dann dißmahlen sein man seye und sich auffhalte
2006 1861 3148 1970 c. Er habe boßhafftiger weiß, Ihro unwußend ein andere
2113 1926 3092 2027 Ert genommen von beytnau gebührtig, vnd seynnd
2110 1983 3099 2074 mit ein andere Ins Elsaß hinandergangen, habe sy
2099 2055 2669 2138 also elender weiß verlaßen
2015 2103 3060 2232 D. ob sch dan von disem man kind habe, vnd wie vill
2018 2189 3133 2312 R. zwey, allein habe selbige im Zurichbieth hinderlaßen
2108 2270 2767 2356 wuße aber nit an welchem orth¬
