4032 3024
802 975 862 1073 20
895 1015 1886 1125 Huuf, In die Stuben kommen, habe es also balden
901 1094 1887 1205 den Schlüßel ab den bustrit zu Im Stuben genommen
910 1164 1879 1279 und seye widerumb hinander In den Keller gangen,
898 1233 1880 1359 die Kellen Thur grössent, und In Ethas Zeiths her¬
885 1306 1868 1424 nach Inden Kaller gang Woruß es das halbige
911 1367 1882 1509 findt Kaß und Ein halb maß beyy genommen undt
890 1458 1891 1587 solches selbsten geßeg und zeuneen Im Vbeigen seyen
888 1536 1874 1663 Es diemahlen als grad damahls Jnden Keller
889 1621 1910 1734 geleßen, und habe auch niemanden von dem genommen
889 1687 1859 1822 wyy kun Tropf gegeben. Bntreffendt dan din
883 1772 1876 1899 In der Wuscheten gefundmnen Lussel stihl sagten
890 1851 1913 1971 es das es solchen mit Alß den busfet genommen, sondern
899 1923 1889 2038 din Verdaut solche, Vff der Gaßen Iu dnn Wuschetn
902 1991 1861 2116 gefundn, habe aber Wohl geleußst, daß solcher daß
893 2049 1859 2187 Hen Obristen seyn, ohn angesachen, deßen aber solchen
905 2136 1878 2261 min gebußen Mudtli Nechmens Elßbath Ind.
892 2211 1884 2329 gegen by Mhhlen Vnnner Vachelhoffdes hus Versich
1963 1746 2008 1817 2.
1958 1865 2021 1969 5
1957 2106 2023 2218 4
2024 996 3173 1134 haltet zu verkausfen geben, welchen Es Hihlen. geldt
2016 1078 3171 1202 eschnidt Ernst, gegen Einem Craub Ring vertuscht, welche
2028 1145 3163 1293 Ihrer noch die zu so es huaußgegeben, Va Ihme vnd aber
2031 1228 3137 1350 widersprochen worde, daß Es solchenmit dem bedauten
2036 1305 3115 1449 Epbath zu Vertauffen geben, sondern es habe solchen
2016 1374 3157 1531 selbsten den Hn. Eonst verkhaufft, welches Es zu Erste
2027 1459 3142 1604 gelaugnet, hernach aber gestendig worden solchen salb¬
2022 1551 3118 1667 nsten Vmb fin Tenus Ring welchin es noch habe Ver¬
2153 1637 2273 1712 1e
2023 1651 2302 1761 zuschet haben.
2031 1714 3151 1870 Ob Er auch mit Vin Andern Verlohrnen Gssel auch ge¬
2045 1805 2470 1897 nomen habe Neigee
2030 1867 3142 2000 ob Es die Zweg emsachen es undt das Mühl mit ge¬
2001 1947 3157 2061 enomen habe, oa aber obes nicht wüße das solches ge¬
2010 2004 2943 2126 thag habe, Mein ue von Wüßers garnichts e.
2029 2093 3113 2218 ob Ebnzu Necht deß Hhen. Obristen Ehrl. Wolen es ge¬
2026 2171 3090 2298 wißt daßsi hundt. Schlahfe und Vber gehöre, mit
2027 2244 3001 2374 die Schlusel V derig genomen habe, Nein
