4032 3024
772 1017 1867 1128 WWaß ins doch bewogen, auf der 5k Heimlichkeit
862 1080 1882 1178 kindts zugenesen vnd nit anderst wo, dan daraus heiter
856 1148 1852 1242 zu ersehen gsin, weilen es die vndtswehe verschwigen,
862 1214 1873 1325 vnd alß Vnbarmhertziger Weis das Vnschuldige vnd in
850 1272 1857 1392 die ehr hoche Zeimlichkeit hinunder fallen laßen, es
858 1344 1899 1447 danzumahlen Vermeint gehabt, diesere Schandthat darmih
874 1429 1134 1529 zuverluschen.
820 1496 1885 1627 E.Es seye nit zu dem End vff dies k) heimlichkeit ge¬
890 1552 1900 1675 deßen, etwas Soses zethun, allein die große angst der
878 1628 1910 1754 Alzugeschwinden genißs, seye ihns solcher maßen über
876 1710 1716 1827 fallen, daß es nit gewußs was es mache
827 1814 1884 1950 Warum es seiner nebens magt, als es kindtsge¬
915 1870 1878 2010 nösen, vnd neben ihme bey der Heimlichkeit ge¬
890 1936 1848 2056 standen, seine gnißt nit alsbald geoffenbahret,
911 2019 1885 2121 sonderen verschwigen, vnd ich in die Euchi fuhren
919 2070 1894 2201 laßen, und aber mahl nichts gesagt, biß ein gube¬
888 2139 1881 2261 cyl hernach, als die nebens mags, das blut von
903 2208 1911 2337 der Sh. Heimlichkeit hab abwöschen wollen, vnd des
1642 2282 1854 2378 greiesc
1980 958 3023 1110 Breines eines vndts gewahr worden vnd solches
1979 1020 3100 1166 Mwohlerwürdigen herren helffer Knecht mit erschrot
1995 1081 3078 1235 nem Hertzen anzeigen müßen, Er h. Hllffer Ihme
1991 1135 3094 1316 ein solches mit trefftigem zusprechen erst hat bekant¬
1995 1201 3063 1376 lich machen können, Ehender es die bozethet bekans
1994 1369 2238 1435 sei wollen.
1940 1367 3105 1566 Rpts seye wahr, daß die nebensmagt, als es kindts ge¬
2025 1443 3135 1593 nesen neben ihme bey der Sh. Heimlichkeit gestanden,
2017 1509 3099 1659 allein warumb es ihme mit von der gnißs gesagt,
2026 1579 3081 1733 seye gin aus alzugroßer forcht, es möchte das Kind
2019 1643 3148 1809 etwan übel gefollen seyn, daß es aber biß auch in dar
2008 1713 3131 1861 zurückführung biß in die Sucht noch gleich hernach Ihren
2025 1796 3085 1927 herren die sach nit alßobald geoffenbahret, seye ihme
2014 1850 3115 2009 hertzlich leid, und seye aus alzugroßer Verstockung
2024 1916 3133 2072 geschechen, dann die gebuhrts Schmertzen vnd nochwehe
2025 2001 3083 2138 habend ihrs solcher maßen geängstiget, daß es mit
2025 2073 3105 2209 gewußt, was es mache oder sage, allein es hätte die
2023 2149 3130 2283 soch in verschweigen wollen, sonderen gleich her¬
2025 2213 3132 2339 nach selbsten anzeigen, vnd weilen ins die nebens
2922 2281 3132 2398 magdt
