4032 3024
734 904 777 996 4
819 946 1918 1124 ein zunemmen, Vberlelches hin Er wider hinuß¬
826 1032 1903 1211 und nach huß gangen, allda Einen Splahen, und zley
811 1119 1915 1251 blöchlig geholt, die blöchlig angespehrt, umb dem
813 1201 1896 1337 Spahren Vmgebicht zugeben, undt dardurch mit ge¬
799 1270 1892 1411 wahlt die Eisen von Ein Anderen gespehrt, damit¬
805 1355 1904 1479 aber solche mit wider zusahmen fallen möchten, habelen
821 1431 1908 1572 einen Screntzel Zwuschen die Eisen gestchan, woriß Er
811 1507 1899 1637 auch Vnderzwayen mahlen In taden gestigen, daß Ersten
821 1583 1891 1716 mahl seyn Er Vngeschaffeten sach widermb hinuß,
784 1676 1876 1796 egangen, In ansachen Ihm Veinen ein solcher frost undt
809 1753 1908 1889 Schuden Ankommen daß Er nicht zu bleiben geluhrte
812 1830 1879 1964 habe, Das andern wahl aber habe Ihme der bösen
806 1890 1895 2041 Pindt ken Raß gelaßen, sondernn Ihne Vß seinen
802 1985 1895 2098 anteib verleitet, dan Diebstahl zu Verrichten, sonich
1512 2048 1635 2109 BJuch
805 2058 1884 2192 beschechen und bi qrod. rb. stüeten, 5ioder 6rpahr
810 2127 1890 2277 strumpf, undt Etlas angeldt, als 14 r. zu Much
813 2201 1860 2353 und 9. thaler In speiie genommen, das Auch Vß
1681 2308 1795 2397 den
2010 1402 2080 1517 E.
2100 997 3178 1112 dem laden In hoosf haruß gelorffen, solches alles
2112 1076 3153 1197 ohne Zuthun einiches Mentschen hulff, Zeimb
2121 1152 3169 1278 in sein hußgetragen, alllor alles samathafft mit dem
3084 1240 3124 1281 len
2104 1215 3087 1344 geldt widerumb gefunden worden; Ihn Vberige
2107 1290 3191 1413 habe Er die Tag seines lebens mit Ceyters gestohlen
2119 1362 3192 1476 Ob Er mit Eismahls In Mehlen Ratsherr Tillies
2090 1463 3129 1570 Vndtrrn Stübli, mit M. brugger dam Schumacher
2075 1519 3151 1642 Sprrachsbyß gerndt habe, da der brugeen zu Ihme
2101 1593 3141 1720 gesagdt, Es seyn dar frauben von Wattenleyl oben,
2090 1659 3189 1799 nZuchen Vill gestohlen worden, E. Ihme dauß geandtbor¬
2089 1735 3167 1866 ihet ZaEr habens hören sagen, und das Er beuggee
2098 1817 3134 1950 gesagdt, es seyn seinen Zusehlen auch Villgestohlen
2104 1886 3123 2009 worden, woriß Er Ihme solle gnandt bertet haben
2109 1970 3180 2088 die Reichen lauth Vermögen es beßer zu Verliehen
2099 2034 3150 2162 als die komen, auch Vyters zu Ihr bruggeg ga¬
2080 2119 3166 2244 nendt, ab seyn hing In Mhhlen. Rathsherrn huß¬
2099 2198 3069 2319 Liechten einen zu steigen als aber In der
2875 2298 3038 2418 Erl.
