4032 3024
2895 941 2997 1038 211
2268 1036 2323 1129 Ien
2022 1039 3031 1202 en 30. Septemt 1704. hatt Muhhl
2001 1114 3032 1263 Seimblicher May mit Zuthun Ihr Grl. die
2030 1162 3022 1310 neren H. Großweibel Sturlers und Mein
2031 1223 3035 1355 deß Grichtschreibers, die wegen vernebten
2031 1284 3049 1401 Namhaften Diebstahls in dem Comerii Hauß
2027 1335 3064 1469 gesancklich eingezogene personen, Namens
2035 1397 3045 1530 Veter Maßli von Ambsoldingen, Christen
2029 1444 3064 1588 Allrich von Guggisterg und Bärbl Munchen
2034 1517 3032 1626 sein Eheweib; mit Vorhergangener kreffigen
2035 1553 3027 1690 Ermahnung Gott und einer Zochen Oberkeit
2034 1600 3034 1748 die Ehr zugeben die runde Wahrheit und her¬
2035 1666 3046 1815 gangenheit der sach zu bekennen Jedes ab¬
2059 1717 3057 1863 sonderlich ernstlich examiniert und befragdt
2099 1783 3000 1908 darauf volgende Bekandtnuß erhalten
2056 1857 2496 1960 betgeunung der Marter
1938 1886 2044 1952 A mit
2067 1875 3051 1977 asbli Müllehen deß Allrichs Eheweib
2072 1934 3055 2034 bekanndte daß der Maßdl. Verschinnen Frey¬
1978 1984 3050 2110 Dostag Ihr den Schlußel zu einem Trog in Ihrer
2036 2033 3044 2143 Wohnung abgeforderet, mit Verdeuten, weilen
2044 2088 3054 2201 Er auß dem Comerii-hauß weg, wolle Er seine
2035 2114 3066 2247 Kleider darein thun, welches Sie geglaubt, und
2055 2197 3070 2307 Ihme den Schlußel geben, nit wüßend daß der
2043 2244 3049 2359 Mastl. Vorhabens seye emniche entwendte sachen
2866 2305 3035 2380 dDarein
