4032 3024
745 1291 852 1382 vill eicht
835 1033 1898 1151 Weilen Ihr großer Hauch schon vor Siben Monat
863 1102 1855 1207 vnd seithar jederkeit in gleicher Größe gue
836 1156 1837 1270 sie schondt zumalen vorhabens gein, diß böse
886 1227 1839 1331 orhoben ins Verck zubringen, vnd der Bauch
888 1287 1884 1389 nit kumpen oder anderen sachen überzogen, damit
877 1356 1824 1453 bey dder Zeit der guß sie nicht verdachtig
867 1416 1291 1513 gemachte Werdey
843 1465 1866 1600 diß ist alß das jenige, das Maehrwürdige
876 1552 1811 1660 H. hoster Krechts fraulo Ehegeliebte
883 1604 1902 1713 vnd die Vermelten Nebendmagd barbli Brichts¬
874 1681 1833 1775 weis in guten treuwen angezeigt. Actum
880 1741 1339 1870 de 3. 76. 1703. 1
2986 964 3080 1064 10
2213 1022 2633 1138 Continuatio
2016 1069 2941 1220 Hanns Blauters von Jegistorff
2067 1167 2821 1285 Consrontation mit Hrn Johann
2062 1205 2894 1324 Acheret und Jean Costot von Sollo¬
2289 1281 2425 1366 thurn
2053 1391 3113 1524 u Vorthsetzung der mit dem in Ober¬
2040 1467 3142 1573 keitlichen Banden enthaltenen Janns Blauser
2053 1519 3114 1616 und denen von Löbl. Standt Sollothurn allhero
2034 1584 3070 1682 gesandten zweyen Kauflruthen Namens
2019 1628 3073 1732 Johannes Acheret und Oean Losiot anbe¬
2020 1684 3133 1767 fohlenen Confrontation; hatt sich Muthl. Rohts¬
2019 1730 3126 1837 Herr Willading mit Zuthun Ihr Hrl. Diener
2026 1782 3130 1899 deß Brichtschreibers den 9ten Rovb. abermahl
2027 1849 3145 1952 in die Befangenschafft verfuegt und in gegen¬
2024 1902 3148 2005 warth Mrichen E. alt Spittahl meister Wytten
2016 1954 3121 2048 bachs, Ihr Wolffgang von Mülenen, H. Subst. Seckel
2007 2018 3112 2136 Schreiber Jenners und etwelcher, anderen Meiner
2019 2070 3101 2174 Herren der Bürgeren mehr, vorgemelten Hanns
2022 2119 3109 2247 Glauser mit ernstlicher ermahnung die Wahr
2023 2184 3093 2291 heit anzuzeigen und mitfaltscher Beschuldigung
2845 2229 3133 2330 beyden Kauf¬
2019 2245 2823 2358 Niemanden unrecht zethuns denen
2908 2288 3018 2374 uthen
