4032 3024
809 999 884 1066 22
934 1044 1771 1146 Es seye wahr, daß als er ebliche tage hier
822 1036 923 1129 Rp.
886 1109 1777 1221 gewesen, habe Ihne ein feutsches weibs bild, so
896 1180 1805 1288 guth französihh rede, des Abendt freiner weiss
880 1258 1774 1370 auff d gaßen angereck, welches er darauff
881 1336 1846 1436 etlich tagn als in 1h.) fur gebraucht vnd erhalten
881 1400 1829 1513 vnd disers seyt die porsohn, so Ihme disers buch
889 1468 1838 1571 amb Ein daler verkaufft gehabt, vnd also habe
875 1535 1784 1650 erb mit gestohlen, man thue Ihner daßwegn
882 1602 1020 1679 vnrecht
794 1663 1696 1781 R. wo dann disere dienen hier wohne vnd sich auffhalte
817 1756 1790 1856 Rp. wohl enden ander schaublatz gaßen, und er wuste das
870 1820 1798 1914 hauß gar wohl zufinde, hatt auch noch gestern als den
863 1868 1857 1970 26. t. sebrt. von der Gfacgenschafft hin ander, das montsch
866 1945 1362 2034 auff der goßen sehen, gehen
814 2004 1739 2131 G. Ob er nit auch zum Halcken etliche sachen genommen
857 2073 1783 2167 vnd entwendt, als hembder, strumpff vndt
850 2127 1272 2224 andere sachen mehr.
820 2199 1227 2307 R. Nin. gar nit
3005 952 3096 1028 725
1957 1022 3097 1176 R Auß Waß Ursachen Er sich bey der Neu
2114 1094 3097 1191 wenbrugg mit Gewaldt von dem provo¬
2096 1142 3069 1255 sen habe ledig gemacht, als Er Ihne
2085 1215 2307 1319 ergriffen
2147 1277 3033 1394 Solches seye nur darumb geschechen
1994 1295 2092 1399 H.
2133 1346 3085 1435 daß Er besorgete es möchte Ihme wegen
2146 1385 3075 1486 der Obvermelten dirnen, welche Er fre
2110 1458 3051 1551 quentiert, etwas Leidts darumb wider
2096 1526 2246 1614 fahren
2167 1540 3078 1671 Varumb Er dann selbigen Tags Ihren
2125 1612 3091 1727 zweyen so im Nachzagen Ihne aufhalten
1992 1631 2049 1734 3
2119 1675 3072 1773 wollen die geladene pistolen an leib ge¬
2088 1724 3113 1827 habt und loob Brennen wollen, welches aber
2106 1778 3069 1889 durch die Vorsuchung Gottes Verseydt und
2088 1863 3099 1953 atso Mißlungen, dann gewuß daß diesere
2100 1898 3056 2023 pistolen mit einer Rugel und Vielen
2098 1965 3022 2068 pulver geladen, Wie auch Pulvern
2103 2026 3076 2134 auf der Zundtpfannen, so Ihglsthor
2102 2085 2675 2189 gesehen; d hefft knecht vnd
2427 2134 2700 2206 selbst gesehen
2121 2123 3094 2228 Er habe mir dergleichen gethan dann
2131 2202 3064 2316 Er habe wohl gewußt, daß kein Pulver
2133 2273 3024 2366 eis der Zundtpfannen seye, und wann
2102 2317 3083 2431 der Jenige, so Ihn aufgefangen mit den
2027 2150 2099 2298 E.
