4032 3024
808 2005 861 2095 d.
1072 1002 1185 1068 es x
988 1007 1081 1103 4
1113 1050 1456 1132 Camen
880 1100 1803 1226 Mit Lonys George de Vienne
880 1185 1810 1303 Alß Mihhl. Examinator Im Bookf
880 1258 1843 1334 sub 11. Kujis sich mit Ihr Brl. dieneren
875 1317 1821 1395 Hrn Großweibel und Grichtschreiber zuvolg
876 1361 1812 1448 reiterierlichen befelchs wierumb in die Ge¬
880 1410 1827 1499 fangenschafft begeben, und in Gegennsahrt
883 1457 1802 1549 Mridhl. Alt Landtogt Tribollets, H. Vmb¬
881 1516 1827 1605 Geldtner von Brafenriedts H. Maior Mor¬
893 1553 1823 1651 lots und anderen Mrghl. der Burgeren
890 1623 1882 1705 mehr, den in Oberkeitlichen Banden enthalte,
898 1670 1840 1762 nen Lonys George de Vienne anfengtlich
910 1719 1840 1817 mit ernstlicher Betröuwung volgendts mit
914 1775 1817 1863 Anwendung der Marter und Anhenckung
1151 1832 1194 1866 die
913 1823 1780 1920 deß 60. th 2 steins examiniert und
904 1880 1772 1972 befragdt; Ist vf dißmahl vollgende be¬
913 1933 1771 2033 kandtnuß von Ihme erhalten worden.
895 2001 1842 2099 Seye Ermit zum Alegee einem Conducteur
899 2055 1843 2146 des Cheveara und anderen Vßem Sauoy über
899 2106 1797 2195 St Bernhards berg, nach Alen und Vivis
910 2161 1795 2243 kommen, zu Alen habe Er die dißmahl an
910 2203 1837 2295 habende Casaggen Vnd zu vivis wie auch zu
908 2249 1779 2348 Lausannen an Jedem ohrt ein Leinlachen
1536 2308 1757 2388 entwendt
1979 2053 2031 2126 2
2011 980 3082 1120 entwendt von da seye Er mit hen Bretton biß
2028 1057 3082 1163 auff Wiblisfurg kommen, allwo Er den Mann im
2014 1092 3115 1216 blauwenrock mit zweyen Wibs bilderen angetroffen
2024 1141 3113 1271 kundtsame mit Ihnen Gemacht und sich verabredet
2033 1212 3080 1330 zu Murten ynzubrechen, Daselbsten nun sey
2051 1244 3107 1361 der Blauw Rock hinauf gestigen, vnd Er deviene
2054 1282 3060 1404 aller nechst darbey Schildtwacht gestanden da
2046 1339 3041 1454 habe dieser sein diebs gespahn ein schwartze
2047 1376 3098 1521 assaggen zu Ihme herauß geworffen, und dar¬
2046 1430 3106 1576 gegen seinen Nasenlumpen begehrt den Er Ihm
2043 1486 3117 1625 geben darauff selbiger das Tischtuch vnd Einiche
2054 1539 3083 1668 Leirlachen darein gebunden. Ander wegs in
2065 1580 3112 1696 einem dorf habend sie den Nasenlumgen auf¬
2052 1629 3095 1768 gemacht und die entwendten sachen besichtiget da
2053 1679 3089 1809 habe Er de Vienne dem Blauwrock 3. thrl. 6. R.
2057 1741 3005 1852 für das tisch tuch vnd Leinlach geben; von
2061 1778 3132 1906 Dannen seyen sie alhero kommen da Er Devienne
2088 1830 3090 1973 dlhier Sim Storchen logiert, sein Camarad in
2066 1880 3061 1999 Blauwen Rock sanst den zweyen Weiberen
2073 1933 2909 2067 seyen draußen vor der Statt gebliben
2101 1989 3100 2123 so habe Er zum distel zwang alhier eine Kerid
2480 2049 3037 2142 zum falcken ein pahr
2097 2080 2386 2167 ung und Such.
2099 2097 3077 2223 roht seidene strumpf, 5. grauattes vnd ein
2085 2138 3131 2249 hembd. Zum Schlußel 1. Granatte, 1. hembe
2081 2193 3094 2304 1. pistolen, Ein Meschenen degen Vnd endt
2075 2255 3132 2354 lich in einem Großen Hauß alhier ein Jahr lader¬
2069 2294 3087 2404 hosen und ein halben thrl. entwendt. Weiters
2094 2337 3061 2446 diebstahl habe Er hier im Land nicht begangen
