4032 3024
836 1065 1870 1167 Allrichs Weib dazzugegen Wuße in seinem Herzen
864 1134 1858 1221 wohl daß es das Jenige sayl, welches der Allrich
850 1173 1796 1260 bey anbindung deß Sparrens an die Gätter
853 1224 1797 1315 gebraucht als sie hinderen gehen wollen, auß
1118 1277 1230 1322 her Vor
844 1277 1821 1381 dem Schäftlin geben, Vnd dasurs auch selbsten
844 1341 1830 1437 dieses Sayl zu vor an ein anderen geknupft
839 1394 1851 1487 Verners als sie das Erstemahl mit einer Burde
833 1449 1806 1539 tünheren zuruckkommen, seye es mit einem
842 1506 1827 1586 Liecht auß der Kuche Ihnen entgegen Gangen
844 1558 1807 1630 der Allrich aber Ihme alsobald befohlen das
843 1609 1843 1705 Liecht zuloschen, darauf es geholften die Tücher
845 1673 1843 1755 abnemmen und in trog thun; das letstemahl
845 1719 1803 1811 aber als Sie widerkommen, habe es die Tucher
835 1775 1856 1864 Ihnen im Haußgang abgenommen Mit helfen hochen
800 1835 1839 1927 betrarung, daß Er Ihnen mit so thaner Anklag
842 1905 1846 1980 im Geringsten nit Unrecht thuge, Ruffe Gott
836 1943 1832 2035 im Himel deßen zu Zeugen an, vnd wolle dar
833 1995 1300 2082 bey leben und sterben
827 2060 1839 2142 ierauff wardt auch der Christen Alleich
1368 2130 1414 2163 end
836 2129 1799 2219 an die Fortur geschlagen neben ernstlicher
848 2191 1809 2250 ahortation Gott und einer Hochen Oberkeit
857 2229 1829 2325 ermahlen Eins die Ehr zugeben und die runde
832 2303 1851 2387 Wahrheit zu bekennen, mit anhentung deß
1706 2355 1839 2427 457.
1975 1035 3068 1154 45. t6.  steins aufgezogen, der aber alles zusprech¬
1989 1105 3061 1195 ens und angewendter Marter ohngeachtet darauf
2007 1163 3050 1246 Vest bestuhnde, daß der Matfli mit seiner Anklag
1923 1191 3000 1315 ihme gröblich unrecht thuge; mit hocher Betheur ung
2007 1254 3073 1349 Er habe umb diesen diebstahl die geringste Wußen
1993 1300 3052 1410 schaft, und darmit weder noch viel nit zuthunge
1995 1352 3034 1457 habt, getröste sich hierinn seines guhten gewus
1997 1403 3041 1500 ens, und Rusfe Gott seiner Unschuld wegen zu
2002 1447 2981 1572 Zeugen an; Betreffend aber zu waß Zeit Er
2011 1499 3029 1615 das Letstemahl im Comercihauß gewesen be
2004 1550 3043 1677 Zeugete Er hochlich wann es Ihm gleich den Todt
2014 1607 3037 1722 Guldte, daß Er solches nicht eigentlich sagen könte
2018 1662 3037 1780 glaube aber, daß ohngefehrt acht tag nach offere
2013 1714 3040 1823 Er das letstemahl darinn gewesen, seithur seye E.
2016 1769 3025 1879 zwar noch einmahl biß zur weltschen Kirchen, aber
2035 1807 3040 1939 nicht vollende hinein gangen, da Er, wie verdeutet
2026 1875 3049 1976 urch den Hannsli wenger den Matfli her auß
2019 1946 2297 2017 ruffenlaßen
1986 1967 3067 2073 Auf Befrager Ob Ernit in einer gewußen Matten
2031 2028 2842 2140 eine Große Eiserne Ketten entwendt,
2007 2093 3073 2198 Antwortete Er, daß sein Schwager Anthon Müller
2032 2160 3054 2243 delbige entwendt, und zu Kersatz verkaufft, so aber
2017 2209 3049 2296 hernach wider geben worden, mann solle haruber
2040 2255 3027 2333 den Mi Bendicht Kinderfragen, der könne hier¬
2025 2303 2967 2398 über allen Bericht geben; Er habe sein Lebtag
2799 2357 2940 2424 keinen
