4032 3024
738 1341 765 1440 61
822 1018 1800 1150 wolte sich nichts darvon wußen noch bekandlich sein
799 1108 1749 1239 Deno so zugete auch Jungfrau Dorrothea Ruhn vnd
823 1194 1733 1282 die Lebstvermelte magt Salome, das das Anneli
825 1257 1816 1355 Steiman als es noch auff der tragbaren gelegen,
829 1304 1773 1426 gesagt, der H. vingeleuer schreiber Stock habe Ihme
834 1393 1777 1475 darnon geholffen. Weiters wußind siy nichts mehr
828 1433 1803 1555 zu Zeugen, ist alsso abermahlen de Jälige so nach
824 1494 1838 1630 Ihr G. befelch vnd intention verhandlet vnd vernomen
832 1577 1088 1663 werden könen,
1927 1647 2007 1738 60:
1932 970 2880 1174 Wierte Cramen, mit Anneli Steiman
2070 1088 2966 1247 Von biglen d 15. fl. 3ber. 1704. gehalten
1958 1261 2929 1449 ach deme Ihr Gnadt durch das dritt mit Anneli
1998 1356 2980 1515 Steiman de 12. f. diß, gehaltene eramen ersehen, daß
2008 1450 3063 1588 dem ansehen nach, das Geistliche zusprochen herren predicant
2008 1505 2985 1664 Eyens, wie auch die vor augengestelle freuwung der
2030 1573 2994 1697 marter, disem Anneli solchermaßen sein vormahls
2024 1644 3072 1790 verharte hertz erweichet vnd gerueret, daß es mit mehrerer
2025 1713 3034 1842 bekandtnus die looßwurckung seiner gfangenschafft
2033 1773 3061 1892 eubdeckt vnd an tag gegeben, vnd deswegen in seinem
2016 1818 3077 1976 dritten Ekamen bekendt, daß H. vingeltuerschreiber Steck
2048 1903 3085 2060 der Jenge seye, so Ihns auß dem Ehrkamerli der Gorgricht
2044 1963 3078 2116 lichen Gfangenschafft looßgemacht vnd Ihm darvon geholfft
2040 2016 3094 2179 Derowegen E. G. d 15. t. diß byy abgeleßnem datten
2052 2098 3025 2207 amen erkendt, daß isgl. herr heimlicher May
2044 2164 3050 2297 als Examinator, mit zuthun des Geichtschrüibers noch
