4032 3024
864 1031 1855 1151 Vndgesagdt, daß Er mehr nicht als ein Vhrlin
866 1098 1836 1199 zween Guldine Ringen und et welche Sacher
887 1151 1818 1250 inem weltschen Kramer zu Sollothurn
875 1201 1875 1294 am Eggen Verkaufft den Er aber nicht mehr
872 1249 1789 1337 kenne; ein gewüßer adrian habe alles
886 1300 1843 1403 andere entwendte Silber Gschir und Sachen
892 1360 1830 1440 nach Sasel getragen und daselbsten Ver¬
1484 1417 1583 1451 mu
1176 1421 1875 1507 Vnd obwohlen Ihme Glauser
869 1428 1001 1508 haufft
869 1466 1842 1556 hierüber kreftig zugesprochen und seine hie¬
884 1525 1773 1617 vorige Bekandtnuß vorgelesen worden
789 1551 1027 1639 für diß mahlen
880 1578 1879 1679 wolte Er doch nichts anders gestendig seyn.
870 1641 1218 1731 Actum vorstaht.
928 1740 1899 1840 ex 25ten Dito hat sich Muhhl. Rahts herr
917 1808 1841 1901 abermahl in die Gefangenschafft Verfuegt,
875 1853 1807 1948 umb zusehen, Ob von dem Blauser wegen
860 1894 1811 1987 den entwendten sachen und wemn Er selbige
874 1949 1840 2041 möchte zugebracht und Verkaufft haben noch
872 2001 1821 2086 etwann mehrere indicia und Vmbstandt
856 2061 1890 2162 könten hervorgebracht werden. Welcher dann
871 2116 1828 2209 über Vorhergangenes kreftiges zusprechen
862 2172 1514 2260 vollgende Bekandtnuß gethan
809 2222 1855 2336 A. habe Er das Groste goldtstuck so Er in Möshl.
1665 2314 1888 2399 Rahtsherrn
2473 975 3132 1095 eintzig in einem deckelin gefunden vnd
2028 1050 3094 1157 Rahtsherren TilliersHaußgenommen, Frunden
2042 1111 3067 1204 zu Sollothurn underein Thurn verwehtlet bey¬
2031 1159 3080 1250 einem uchherren Verwechslet der Ihme 10. r
2031 1216 2861 1323 und ein Ell rohtes tuch darvor geben
2054 1270 3039 1369 habe Er einem weltschen Krämer drunden
1973 1321 2017 1407 2
2039 1336 3022 1444 zu Sollothurn von Möhhl. Rahts herr Tilliers
2049 1380 3117 1469 entwendten sachen, das Erstemahl zugebracht
2055 1424 3123 1535 und Verkaufft, ein guldenen Ring und etliches
2058 1482 3090 1594 hilbergschir, dieses habe Ihm damahls der
1952 1506 2038 1590 stuck
2012 1534 3063 1644 Kramer vor seinem Laden, darinnen Er feil
2043 1606 2658 1699 gehabt, abkaufft und bezahlt
2052 1650 3097 1768 vor diesem Kramladen habe sich damahls noch
2043 1703 3046 1810 ein anderer Kramer Befunden dem habe Er
2052 1753 3088 1864 auch einen guldenen Ring mit einem weißen
2031 1805 3057 1917 stein geben, der darmit gegen den Schützen
2040 1862 3077 1975 zugangen, aber bald widerkomen, und Ihme
2522 1914 3126 2003 Diesen letzteren Krämer
2042 1932 2521 2045 4. D. darfür bracht.
2049 1982 3038 2076 dem Er den Ring mit dem Weißen stein geben
2034 2036 3107 2132 kenne Er nicht und habe Ihn hernach nicht mehr
2042 2114 2209 2213 gesehen
2076 2124 3132 2252 das Andere mahl habe Er dem Ersten Krämer
2076 2198 3085 2299 der Ihme wie verdeutet vormahls den Ring
2061 2256 3060 2363 und das Silbergschir vor seinem Kramkaden
2868 2312 3061 2396 abkaufft
