4032 3024
833 1002 1864 1140 Wo der Phevallier das Jalaunierte
862 1093 1729 1209 bleid bekomen und gekaufft habe?
739 1176 1846 1318 R. zu Turin von denienigen außge¬r
797 1271 1837 1390 prißnen Officiereren so auch mit ihnen
824 1342 1834 1466 allhara kommen; allein gleich wieder von
803 1412 1780 1528 sien fort geweist und sie verlaßen.
2950 951 3057 1040 153
2355 1111 2691 1195 xamen
1937 1143 3016 1300 daß mit dem Meiße Rock gebleideten
1948 1253 2781 1398 Dean Gantz auß der Puardnn.
1936 1366 2988 1515 Zu Vaß Lande und Vorations Ersetze?
1929 1479 3009 1595 R. Er setze ein Sohn eines seßelmachern
2016 1578 3009 1699 habe auch als ein gemeiner Bragone
1983 1631 3092 1759 In hier vor gemeltem Regiment gedienet
2013 1705 3091 1825 vnd seye mit dem Mathieua außgerißen,
1997 1766 3070 1891 habe zuvor in Italien im Regiment
2032 1841 3039 1978 Estrades gedienet und bey selbigem
2001 1926 3105 2027 Obrist Lieutenant de la Bouchardiere
2009 2011 3057 2136 als Laqney gewesen, vnd zu Jurin habe
2007 2070 3040 2189 Er erst den Revallier lehren kennen,
2001 2148 3046 2290 allwo sie ihme das Pferdt auß dem
2020 2231 3099 2354 Wirthshauß gelösst, Weilen Er wenig gelt
2030 2323 2326 2442 mehr hatte.
