4032 3024
851 1028 1863 1143 Warumb Sy den EngeMeister vnd seine tochter auff
917 1093 1897 1224 ihren heimweg angegriffen und mit steinen geworffen
914 1183 1894 1289 Infangs ließe er solches unbeantwortet, auffzusprechen
916 1242 1883 1360 aber Mss. Examinatoris, Man sehr gar wohl, daß
909 1296 1897 1408 Ihn sein gewußen diser that überzeuge, solle selbige
910 1352 1833 1466 nur vollends, bekegen, und sich in die Gnadenschoff
916 1416 1877 1535 einer hochen Oberkeit werffen, unso, vll mehr, weilen
902 1472 1889 1597 er vormahls wegen begangenen diebstahls in gelinder
905 1541 1846 1673 abstraffung, dero gnad albereidt genoßten, so seye
910 1595 1862 1729 auch die sachselbsten, allei vohrhaurnen bericht und
902 1647 1784 1785 dinstenden nach, schon so hal am tag, das selbige in
896 1694 1554 1826 köiee weg vorners zulaugnen seye.
896 1756 1800 1898 hat aber ohngeacht alles dises zusprechens zu keiner
907 1833 1805 1949 mehreren bekandtnus gebracht werden, können
902 1885 1776 2009 Sondern beharrete, das er dise that woder selbsten
906 1946 1673 2081 begangen, noch wuste, war solche begangen
1706 1977 1829 2079 habe
898 2005 1655 2140 vid befinde sich des Orths gentz unschuldig
909 2096 1804 2224 solchem nach ist auch der Meister Jacob prachbuehl
910 2151 1813 2289 vorgelaßen vnd gleichesfahls erustwörtig befragt
1678 2262 1851 2334 worden
3092 992 3151 1066 31
2053 1054 3142 1176 der aber auff seiner hierdohrigen bekandtnus, daß er
2066 1144 3093 1215 sich nämblichen damahts nicht in der Enge sondern zu
2051 1213 3105 1300 Röhrswyl befunden gentzlich verbheibte, vnd solches mit
2064 1258 3115 1360 dem Cachenman zu Röhrbwygl und seinem bruder dem
2047 1313 3116 1423 fuhior daselbsten Gungsemlich zubescheinen, vorhoffe, mit
2066 1367 3063 1487 geifuegen, daß erdin versammung seiner geschäfften
2066 1429 3095 1551 und lanzweiriger Gefargenschafft (wie wohl sehr
2060 1486 2669 1576 unschuldig) vil leiden muese.
2050 1558 3032 1678 Auff dises hin hat Mf. Eromigator nothwendig
2058 1632 3121 1735 erachtet, alle die Zenichen Persohnen die das mint oder
2066 1680 3118 1791 anderen wußenschafft fragen, vor sich zubescheiden und
2050 1738 2618 1811 in ihrem bericht zuverneutte
2623 1749 3158 1845 Die dan nachkrefftiger
2069 1779 3088 1894 Vorhaltung ihrer pflicht, Ihre außsagen ertheilt, wie
2066 1845 3086 1956 folget, vnd ward erstlich den anfang gemacht by
2063 1891 3158 2027 hristen Encunbühler dem Lächenman zu Rorbwigl
2058 1965 3114 2053 welcher sagte, das d gefangene Jacob brachblhl an
2056 2031 3148 2131 einem frytag nachts sich draussen zu Korbwyl befunden
2063 2070 3128 2183 alwo er morndrichen tags dn soltz daselbsten reiffen
2045 2125 3080 2240 gehannen, und sachen pruder Ulli brachbuhl, Seine¬
2060 2171 3111 2289 Gebson vnd anders michgschir wider zurecht gemacht und
2051 2227 3101 2352 derbesteret, habe selbigen noch sambstag nach Mittig vmb
2051 2290 3132 2406 3. Uhr alda arbeiten vnd seine leuth ihne noch gar spaht
2059 2345 3062 2471 hornach draußen gesehen Den Rchierkurchte
