4032 3024
819 1059 864 1154 7
879 997 918 1054 3
973 982 1257 1068 agpshlen. 1709
1043 1019 1843 1124 laria zugenbirehl Eine Woschfraucd.
952 1073 1877 1201 mit welcheren volgendts Cramen gehalt worden
908 1225 1830 1359 Als den wohlEdle Juncker Brantz von Watten wyl
918 1315 1878 1407 Anfangs Aprellen. 1703. sich beklagt, wie das eir damahls
928 1372 1851 1469 bin einer gehabten wosch sechs seinlachen derlohren
925 1433 1882 1526 deswegen einen Argwhohn auff eine gewuße wöschfrau
947 1492 1816 1584 zotragen, Maria zugenbuehl genandt, eine alte
931 1548 1848 1645 wittfrauw, auch deßwegen auß erlaubnuß byy Ihro
931 1604 1866 1699 visitirt, deuoch nit mehr als eins von dihen zeinlachen
940 1660 1878 1749 bej Ihro hatte könen gefundt werden, welches dann vor¬
937 1712 1845 1810 anlaßet disere woschenn gefencklich einzusetzen, vnd
942 1775 1808 1871 durch hortes zusprechen vnd examinieren zubrachten
959 1840 1890 1933 ig zu völliget bekandtnuß der übrgen. 5. leinloch
949 1897 1870 2004 zuvermögen, Allein Nachdeme allen fleiß vnd
961 1961 1912 2059 muhe durch E. Gnad dienere, H. Großweibel Sturler
959 2010 1869 2121 vnd de Grichtschreiber angewendet wordet, Ihro zu¬
970 2081 1813 2172 representieren, das woilen Siy eins von dißen sechs
968 2147 1838 2236 verlohrnen leinlachen gestohlen, die übrigen auch
978 2207 1867 2311 werde genommen haben, über das, seye es Ihro auch
1714 2288 1808 2359 vohl
3033 976 3112 1056 75
2037 1023 3114 1171 wohl in wußen, das siy dem Juncker Handtwogt Mag¬
2072 1101 3042 1222 von Morhoe ein hembd genommen vnd in herren
2045 1164 3099 1279 Principolen Branck ein knaben hembd, derowegen es
2064 1230 3088 1335 daß ansehen, das sie ein allgemeine Woscher diebe seye,
2070 1312 3103 1396 vnd das handtwerck auch schon offters worde gebraucht
2076 1342 3092 1459 haben. Hieruber bey geantwortet, das Ihre das
2084 1411 3033 1531 begangene hertzlich heid seye, bottt Gott vnd eine
2098 1495 3069 1594 oche Oberkeit umb Gnod, habe sonsten die tag Ihres
2102 1545 3083 1662 abens nichts veruntrencket noch entwend, außert
2100 1622 3132 1721 das sie von disen beklagten lemdlachen mur eins genommen,
2101 1688 3117 1799 habe auch die übrigen funfft Niemahlen gesehen, die
2102 1768 3057 1868 ahob angeklagten 2. hembder belanget habe sic
2099 1831 3110 1923 beyde außvorschuß heimgetragen, seyen auch wider
2113 1893 3129 1999 restituirt worden, Glaube darneben das sich mit gungsam
2101 1955 3079 2062 zu Gott batten habe, das sey also durch di Datan seye
2110 2010 3140 2129 verfuehrt worden, wolle sich aber ins künfftig freucklich
2104 2082 2861 2189 hueben, auch frau vnd fleißig einstollen
2098 2149 3123 2244 Weilen nun disere frau ein mehrers nit hatte bekand
2095 2231 3012 2319 sein wollen, habend Ihr gnaden fares durch
