4032 3024
935 1049 1958 1200 Volgends ward auch Ir Peter Schindler
938 1137 1957 1274 der Müller besschickt, und der Zauggen kannen
911 1194 1958 1318 halben befragdt, welcher außgesagdt, daß der
925 1250 1920 1392 Hauptmann Etter vor etwelchen Jahren, bey
940 1314 1932 1435 der Sienben Brugg neben anderem Zinnige
902 1399 1948 1506 Geschie auch eine Zauggen können zu Verschießen
929 1443 1927 1567 geben, bey welchem Schießet der Jost sich be¬
895 1503 1933 1641 funden, Er wüße sich aber so eigentlich nicht
920 1573 1940 1692 zu versinnen, Ob der Jost die Zeuggen kanne
923 1636 1722 1745 damahls genunnen habe oder mit¬
891 1702 1908 1831 dieses ist nun das Jenige Eramen so mit
898 1773 1901 1882 diesem Jost Moser verrichtet worden, welches
891 1832 1912 1946 hiemit E. Gnl. zu dero hochweisen Vrkandt¬
889 1895 1907 2020 nuß in Rnderthänigkeit hinderbracht wirdt
2022 1196 2114 1276 mit
2179 1063 2976 1199 Wolgel das andere bramen¬
2148 1148 3126 1286 Jost Moser gehalten. d. 13. tl. 9br.
2281 1244 2378 1347 7705
2128 1389 3118 1536 Srien Ihr Gnad sich mit des Jost Nosegs
2102 1496 3148 1629 IIn seinem Ersten Conamen gethanen vergicht
2143 1561 3120 1694 it ersettigen könen, sondern vermeint, daß
2123 1638 3173 1806 durch ferneres frefftigeszusprechen vnd auch zeigung
2117 1740 3156 1899 vnd treuwung dr Matter Er Moser zu mehrerer
2122 1801 3155 1964 bekandtnus knte gebracht werden, zu dem vnd
2217 1871 2244 1923 2
2125 1887 3174 2036 hin Gisgl. Herrn Rohtsh. Horman als grord¬
3037 2020 3106 2061 on
2135 1954 3165 2141 neten Chern Sraminatoren, mit zuthun E
2128 2034 3125 2202 diener herren Großweibel Bersets und mein
2139 2111 3151 2283 des Glechtschreibers in befolch auffgetragen, diseren
2128 2194 3110 2355 Moser auff obige weis hrefftigster maßen
2136 2254 3047 2436 zu Exammeren deßwegen dann wolgen des
2119 2323 2693 2451 Cramen gehalten worden,
