4032 3024
924 985 1876 1149 herr ins angerodt, allein hernach als er
953 1104 1891 1240 wider weg gangen, habe es das landgarben
950 1174 1900 1335 Senn gefragt, war diher he seye, da habe
937 1279 1838 1413 es Ihme zur antwort geben, es seye d H.
950 1361 1899 1505 vingeltner schreiber Shock ohi, dann sonst
934 1449 1511 1569 hätte es es nit gewust.
841 1529 1862 1690 G. Wie es kome, das es auff eine Zeit, als man
938 1639 1897 1752 Ihns woge 5h hugenlohns, so der Gurtler
935 1712 1900 1850 Sottler solle eingezogen haben, befragt vnd
931 1812 1889 1925 examinirt worden, es damahlen von sich selbst
941 1890 1888 2020 gesigt, os heige vorig mahls des H. Scrcks
1204 1968 1280 2034 Ab.
934 1975 1875 2099 halben nit also bekendt vnd er habe Ihns int
956 2047 1898 2183 mir einmahl, sondern. 5. mahl beschlaff
820 2134 922 2272 R.
977 2146 1851 2267 Sa Ich habs gesagt, allein E habe es im Hortz
965 2233 1884 2360 mit mit seinem guten Gebußen gegodt, sonder
951 2304 1533 2422 auß forht dar märter.
1990 1024 3057 1184 J. warum es vor etlich Meffl. des Gorgrichts, mit
2094 1105 2970 1219 so vilen vmsten de Hl. STeck angegeben
2096 1188 3042 1288 ohngracht Ihme verdütet worden, das wan es den
2102 1240 2994 1374 H. Storkangebe, solches Ihme Anneli sein
2097 1329 3059 1438 leben koßten worde, da hingegen wan os Ihne
2103 1386 3086 1522 entschlagen worde, os dardurch sein leben errtten
2097 1473 3075 1577 könnte, vnd deß alles ohngracht, habe ob joder
2091 1542 2999 1679 Zeit de. H. S Teck angegeben, vnd ausf Ihne
2097 1640 2304 1747 vorharret
2009 1722 2081 1848 de
2107 1715 3068 1866 Ja ich habs gesagt, allein er ist es einmahl mit Ihm,
2069 1843 3029 1998 Ob es sich nit bej vilen luthen gerumbt, es habe
1995 1883 2064 1999 2.
2101 1929 2779 2054 mit Ven luthen zu thun gehabt
2114 1995 2993 2116 kein ich habs mit gesagt, vnd mit gerumbt,
1998 1991 2091 2121 H
2099 2031 3049 2197 vnd man thue Ihme vnrecht, vnd der H. Fuchtli
2099 2127 2979 2241 habe Ihme auff eine Zeit hinder de 6picheren
2083 2201 3031 2315 gesagt, d H. Steck wolle nit gestohn, obwas mit
2070 2274 2653 2404 Ihne zuthen gehabt zuhaben
