4032 3024
830 1495 878 1597 8.
815 1589 877 1671 9.
825 984 1866 1159 5. In Susanea Thomit, 5. leinlachen, 10 Juul. 4.
894 1081 1852 1229 Tischlachen. 2. handt Zlerchelen, 2. Ein Lucher
893 1166 1512 1294 v. Zbucheli zipahe halb Ermel
848 1232 892 1324 6.
904 1238 1853 1389 den anna Cathen Schniter 1. handt zurehalen
844 1352 895 1429 7.
904 1334 1887 1489 De Madlen yselen. 4. heuli A. gehe halb Er.
886 1423 999 1498 mal.
906 1464 1566 1625 den Eschen Schänbeit 3. haubi
901 1570 1877 1730 der Estger Stück 1. zischlachen und Ein
886 1665 1889 1811 Zbächeli. Visern sachen alle habe Er umb in
896 1752 1889 1887 Zungn preiß verkaufft und sich vß den Erlößen
895 1830 1423 1961 geldt armit Erhaltz g
904 1922 1883 2050 anlangendt dan den von Ver Ehele. Splitzal meistenn
893 2003 1880 2120 lienhardt geklagten Viebstahl, so sagdte Er daß Ee
902 2062 1879 2203 Ihra sin tag seines lebens nirmahlen nichts gestohl
901 2146 1894 2261 habe, Im Vbrigen aber habe Er obbedeuter Suchu¬
899 2221 1876 2336 Schitta viel undt andere sachen Entlandt, könn sich
917 2287 1874 2420 it an alles besinnen, was und wie WWill Es seyn
2036 978 3180 1108 vnd wo undt wenn Erb Verkaufft habe h. daß weyne,
2007 1057 3076 1214 emnanli könn der beste bricht dar von abstatten n:
2022 1151 3156 1275 Denne wardt Erbefragdt ob Er nicht sein Mußundt
2033 1221 3160 1358 brath Im Obring Pithal gehabt habe, und noch uchet,
2027 1292 3153 1442 lich suc zu g zu zngehedte. duruff Er Ja geben¬
2020 1379 3108 1504 Weters ob Er nit vor Vnß Hen Apptenten Wagners
2036 1475 3161 1589 nden geredt habe, als Er befragdt worden, ob Er seinen
2025 1548 3105 1662 guleßeng M. Schalthammer nit umb d Lohn stäben
2033 1618 3109 1752 Woltescho zur Andtlahrt geben nei, vnn Lussal solte
2017 1693 3153 1835 Ihme Ehe hollen, und wan Er Schullhauere Ihre
2026 1772 3147 1902 sehen von hinn Stich fur vuplahnen geben wolten
2023 1842 2831 1979 so wolte E. Ihme doch keinen Henn E.
2017 1917 3073 2056 Endtlichen an als den Hhr Allmußener Eonst zu
2019 2000 3147 2135 Innahmen Einer Ehrend geselschafft zu Mähem
2028 2084 3145 2194 Ihne zu Einemm Sider hoaben allhier Im Zuchthuß
2040 2161 3090 2295 Verdingen, Wl. E. Ihne mit trutzigen ehrten
2041 2232 3043 2343 geandwwortet, den Er wolle nicht mehr bub sein
2051 2304 3152 2439 virdt auch von Ihne Hen Einst diß Zeugsan¬
