4032 3024
780 1149 807 1218 2
894 1038 1485 1174 d. 3. fl. ebr Fber. 1704.
884 1170 915 1229 9
855 1206 1815 1350 Zweyke Cramen mit alli Wanger
935 1292 1779 1398 von Attendorff, seines deruffs ein
926 1370 1097 1467 gärtuor
899 1547 1838 1696 4Dach deme Ihr Gnoden daß erste gehaltene
898 1668 1798 1783 Examen sub dato. 27. qbris. Jungsthin durch
910 1718 1834 1870 Mhl. Rahtsherrnn Willading als grondnet
921 1805 1833 1916 Herren Examinatoren relatirt worden, be¬
901 1877 1893 1990 streffend ein nahmhaffte Suma gelts, so Mwohleg
915 1945 1872 2041 herren Alt handtrtgk Augspürger in seinem Hauß
889 2007 1853 2131 alhier in während Jungst vorschinen Somer oder
903 2065 1841 2213 herbstZzeit entwendt worden, daßwegen er herr
896 2133 1847 2270 gandvogt de argwohn auff disen Alle Weriger
897 2218 1863 2356 gefoßet, als welcher Jinden in dem Hauß gegen den
2054 1029 3029 1153 garten gewohnt, vnd zu dem Hauß bestimglichst
2069 1096 3044 1222 achtung haben sollen, habend I. G. es by diedem
2077 1182 3018 1286 Ersten Eramen nit bewenden laßen wollen
2080 1233 3072 1360 sondern befohlen nochmahlen, disem Alli weriger
2066 1307 3044 1422 krefftigster maßen zuzusprechen, beworderst aber
2074 1375 3000 1501 guth befunden, daß E. Eher Spetzahl prediger
2061 1452 3028 1564 Syer durch kerfftiges zusprechen frachten solle
2666 1512 2878 1585 vnd guetshen
2095 1538 3036 1649 disem volle wonger sein hertz zu rühren, vnd zu
2096 1617 3027 1730 einer wahren bekandtnus anzuhalten, welches
2080 1690 3029 1802 dann auch nach I. G. Intention verrichtet worden
2087 1753 3070 1878 allein nach lauth sein H. Predicant Syens abgelegt
2109 1835 3032 1943 Bericht wolte diser Qweriger, sich gar im
2087 1896 3042 2002 geringsten disers auff Ihne Subsoniorten dieb¬
2107 1953 3029 2067 tals nit gestendig sein, willweniger sich ab dem
2098 2021 3079 2151 zusprechen emicher maßen entsetzt, sondern bothunt
2092 2082 3057 2213 Ds er in diser gantzen anklag vnd des geschehenen
2097 2164 3060 2273 verlurßthalben gantz vnschuldig seye, Also daß
2088 2225 3042 2343 auff diß zim 1thl. Examinator mit zutzumn E. G.
