4032 3024
900 1081 1913 1205 zu vor zu Schumacheren, Jndes mahl eine
889 1143 1896 1270 halbmeßige kannen genommen, und selbige
900 1215 1896 1333 dem kaanen Gießer an der Anken wang
896 1265 1874 1391 das 46. umb 5. batz Verkaufft welche
893 1320 1889 1440 beyde stück zusamen 42t Weiter
896 1400 1916 1503 habe Er sonst nichts entwendt, Sonderen aller
892 1450 1870 1562 ohrten, da Er als Haußmann gewohnt, sich
887 1505 1913 1631 Alle Zeit fromb- und Ehrlich gehalten, erbiete
893 1576 1856 1696 sich auch seines Verhaltens halben Guhte
882 1644 1900 1762 Zeugsame zur Hand zu bringen. Weilen
883 1709 1930 1811 nun in der Guhte auß diesem Kurli ein mehr
893 1766 1899 1888 rers nicht zu bringen gewesen, hatt Midh.
884 1833 1890 1946 Großweibel es für dißmahl darbey bewenden
886 1896 1030 1978 laßen
868 1943 1922 2066 Den 4ten Dito hat sich Munthl. Großweibes
895 2031 1845 2129 abermahl in die gefangenschafft begeben
880 2093 1906 2197 Vmb zusuchen, ob dieser Jost Moser zu seiner
874 2136 1933 2264 hie vorigen bekandtnuß noch etwas hinzufuegen
884 2209 1812 2319 wolte, Insonderheit aber wegen einer
891 2283 1910 2386 hinnigen Zauggen vnd einer anderen kandten
1774 2357 1894 2455 so hr
2998 980 3044 1074 3
2069 1042 3177 1196 so Er vor etwas Zeits der Frauw Sprungele
2087 1130 3186 1254 nen alhier verkauffen wollen, Ihne zu redzu¬
2080 1232 2217 1307 stoßen
2077 1235 3155 1374 Allein ohngeacht alles ernstlichen Vorstellen
2076 1316 3165 1426 und ermahnens blibe Er Vest darauff daß
2060 1373 3175 1482 Er weiters nichts als vorgedachte 4. halbmäßige
2074 1436 3166 1535 kandten zu Schumacheren und einhalbmäßige
2071 1492 3170 1583 sambt einem Viertel kännlig zum Schlußel
2079 1556 3156 1642 entwendet und wolte gar nicht gestehen, daß
2075 1610 3142 1722 Er emnich auch von der Bleicke, noch andere sach¬
2091 1681 2989 1759 deren Er im Verdacht, genommen habe
2080 1741 3175 1845 Die Zauggen kannen betreffend, so seye Wahr
2086 1799 3157 1908 daß Er selbige der Frauw Sprungkenen Ver¬
2069 1866 3106 1978 kauffen wollen, Allein Er habe Sie nicht ent¬
2071 1933 3124 2042 wendt, sonderen bey der Neunen Brugg an
2075 1991 3155 2104 einem Schießet gewonnen; welches Mr Peter
2079 2057 3120 2171 Schindler der Müller, so auch darheyn gewesen
2083 2109 3116 2236 zeugen könne; Im Ubrigen seyen Ihme
2070 2185 3084 2276 seine begangene Diebstähl mit den annen
2077 2243 3136 2365 leid batte derentwegen Gott und eine hoche
2075 2302 3107 2422 Oberkeit vmb gnädige Verzeichung, und Ver¬
2075 2356 3102 2501 spräche sich ins künfftig fräuber vnd bester zu
2090 2418 2338 2517 Verhalten.
2976 2481 3146 2579 olgends
