4032 3024
849 974 1914 1146 auff eine Zeit, als es noch in der Ingul
986 1091 1896 1211 in H. Overatoren Zonders herligen Cur
976 1177 1899 1301 kranek lage, d H. Kender zu Ihme gesagt,
991 1251 1752 1381 es solle d H. Fucholi entschlagen.
840 1378 1882 1526 I. Warum es lebstliche bej der Confrontation, da
970 1465 1929 1596 H. Steck nochmahlen angegeben, vnd seiner
961 1560 1356 1678 bekandtlich worden
994 1640 1898 1753 s hätte selbigen mahls Ihne gern entschlagen
841 1649 947 1769 Rp
993 1714 1919 1837 vnd anders gerndt allein die farht der marter
995 1793 1555 1920 seye daßen die grsach gsin
1628 1877 1827 1988 hrefftigen
943 1941 1902 2052 weilen nun nach allei angewendten zusprecht
927 2008 1799 2103 das Anneli zu khner verlangend wahren
940 2070 1867 2177 bekandt uns hatte konen auffgemunderet wird
922 2142 1897 2233 Alswurde es abermahlen zu der streck geführt,
919 2206 1915 2309 vnd Ihme de scharpffrichter nebens der Tortur
915 2264 1922 2392 vor die augen gestelt, deßon aber ohngracht, wolte
2086 1034 3015 1172 es ein mehrers gar nit bekennen, derowegen
2092 1124 2994 1263 Mitfl. Examnator Ihns an die Marther
2116 1209 3030 1346 sind vnd lahr auffziehen wollen laßen
2116 1306 3079 1427 allein als es einwenig aufgezogen worden, deunen
2110 1373 3018 1489 aber auff den fuesten gestanden, hatte disers
2101 1445 3078 1583 Anneli also bald durch hinderhaltung seines Atheis
2113 1543 3063 1666 sich abermahlen boßhafftiger weiß, einer ver¬
2110 1630 3003 1732 meinten ohnmacht angemaßget, vnd nicht ein
2116 1690 3096 1778 worth mehr reden wolten; als nun ff Exami¬
2118 1753 3096 1876 nator solche boßheit ersehen, hatte er mit fornern
2119 1828 3066 1925 trecken inhalten laßen vnd Ihns abwider der
2129 1888 3040 1998 marther loßgelaßen, da dan der scharpffrichter
2117 1958 3030 2073 auff befragen, Mhhl. Examinatoren verdeuhet
2115 2031 3081 2142 gehabt, daß disers mentschen sein verstellen mehr
2117 2097 3031 2218 om Bogsheit, als ein realische sach seye, also dan be
2135 2168 3056 2275 bewandten sachen. Mh Examnator nothwondig
2119 2225 3089 2336 erachtet solches E. G. zu hinderbring, vmb deroselbl
2104 2292 3096 2412 fernere Verordnung vnd gedanck daruber zugewarten
