4032 3024
782 992 835 1076 11
802 1033 1880 1136 Gil. dieners deß Brichtschreibers zu volg Ober
855 1101 1856 1193 keitlichen Befelchs vom 2e hujus widerumb in
863 1158 1856 1249 die Gefangenschafft begeben, und in gegenwahrt
851 1210 1851 1299 Ihr hauptmann Garthlome Mays, obgedachte
854 1261 1864 1353 drey Persohnen wegen bewußten in dem Comerci¬
838 1313 1811 1400 Hauß vernebten Diebstahls, Anfängklich mit
860 1369 1836 1450 ernstlicher Betrauwung, Nachwehrts aber den
849 1414 1797 1505 Christen Allrich wegen hart nächiger Verlaug¬
859 1459 1851 1550 nung mit Anwendung der Marter und an¬
860 1516 1801 1584 leitung deß 25. At 2 steins examiniert
853 1567 1845 1658 und befragdt; Ist auff diß mahl vollgende be¬
848 1620 1413 1710 kandtniß erhalten worde
883 1677 1794 1776 Vard Erstlichen vorgelaßen und befragdt
851 1750 1863 1823 Veter Massli, welcher alsobaldseine Vormah¬
851 1806 1827 1870 lige Vergicht in allen Ihren Umbständen, mit
841 1842 1789 1928 Bezeugung nochmahliger Reine, gäntzlichen
856 1895 1840 1984 widerholet, und darbey angezeigt, daß sonst
823 1947 1849 2039 kein mensch als der Ullrich Ihme diesen dieb¬
833 2002 1840 2091 stahl verbringen helffen; Maßen gedachter Ull¬
847 2062 1845 2143 rich Ihme schonlang zu vor Er seinen abscheid im
851 2109 1824 2190 Commerii Hauß bekommen, zugemuhtet daselbsten
862 2161 1821 2243 etwas zu entwenden; Insonderheit aber ohn
860 2209 1842 2295 gefehrt 14. Tag oder 3. Wuchen ehe Er darauß
859 2258 1803 2340 gangen, seye der Ullrich hinderen kommen vnd
1690 2332 1841 2400 habe ec
2944 947 3044 1051 217
1976 1026 3070 1148 habe Ihne Mastli auß der Großen Stuben, allwo
1989 1077 3049 1198 Er gearbeitet herauß in den Gang beruffen, und
2006 1140 3040 1256 inder Anderei zu Ihme gesagdt es lige Tuch bey
1997 1193 3047 1318 den Gatteren, welches wohl zu bekommen wäre,
1982 1251 3031 1355 Allein Gott habe Ihn damahls behuetet, daß Er
1991 1284 3020 1429 Sich nit darzu verstehen wollen; dieses daß Er
1984 1346 3017 1483 also von dem Ullrich auß der Großen stuben in
1993 1403 3014 1532 den Gang beruffen worden, seye den Herren
1999 1458 3072 1589 im Comerni-hauß und anderen mehr daselbst arbei¬
1995 1511 3016 1638 tenden Persohnen bekandt. Nachwerts habe
2007 1571 3022 1695 der Alleich ohngefehrt 3. tag be vor Sie leidige
1991 1623 3032 1743 that begangen widrumb bey Ihm angehalten
2001 1684 3037 1802 so daß Er Mahfli auch den willen darein geben
2000 1725 3025 1847 Aber bald darauf seye Ihn ein solche forcht und
2000 1790 3040 1918 Grauden Ankommen daß Erb selbige nacht nicht
2001 1847 3071 1968 hab understehen wollen, biß letstlich da der Allein
1994 1900 3060 2034 Ihme gesagdt, Er habe die Gelegenheit schon außge¬
2001 1972 3063 2084 schauwet, wo sie mit durch gehen wollen; auff das
2001 2009 3040 2129 hin seye Er freytag nachts umb 10. Vhr mit dem
2010 2059 3031 2183 Allrich durch beyde Gaßlin, das Inspul- vndt
2016 2114 3068 2243 Schutzen Gastlin durch, dahin gangen; Selbiger
2004 2176 3023 2286 habe wie vormahls angezeigdt einen Sparren
2035 2235 2979 2346 nit genommen, und mit einem Sayl umb die
2850 2284 3047 2385 gätter
