4032 3024
717 1021 760 1096 16
811 1043 1843 1201 da er by dem Christoffel thor vor by gehen wolte,
819 1146 1807 1267 habe Jemands vom thurn hinunter steinen gegn
834 1209 1815 1331 Ihn geworffen vnd zugeschrauwen, 0 Ihr arm
839 1285 1850 1409 vnd lind boldaben, da habe er sy wollen erschreck
835 1350 1836 1478 vnd habe sein Mußgueten ohngefahr in die höche
864 1421 1851 1541 gehalten vnd loß geschoßen allein sicher vermeint
862 1476 1822 1607 und geglaubt das gar kein fugel in seinem vohr
881 1557 1825 1683 eyen, In deme gleich zuvohr ohnder er von Hauß
871 1625 1814 1757 gegangen, Zruren seiner Cammeraden, nahmen
858 1687 1775 1837 hamuel Schuyder von Almendingen vndt
854 1780 1863 1920 Eeter Roth von Uttendorff, beyde Stattscldat
880 1859 1801 1985 Ihme die fugel auß dem Rohr gezogen, dam
873 1931 1810 2041 by dem exercitio ins gestattet werde ein mit
859 2002 1563 2124 bugel goladenes vehr mitzubring.
855 2089 1786 2232 hierauff hin wurden dasero Zuhrrn des Mathligs
846 2171 1860 2304 Lemernde nach geschehener Vermöhnung Ihuer pflicht
882 2237 1900 2370 die lautere wahrheit zusagen, vnd im fahl doncthens
2977 914 3032 993 16.
1994 975 3008 1162 Selbige Eydlich zubestätigen, vernomen, Wolche dar
2020 1060 3018 1233 ninmuetig gegetn, daß in der stundt, als sy drey
2018 1157 3049 1300 von Haußgegangen, dem gewohnten Kriegs Exercitie
2017 1215 3052 1395 byzuwohnen, habe si der Mathli Ihr Canerad ange¬
2034 1318 3028 1465 prochen Ihme sein kugel auß dem vehr zuziegen
2036 1390 3016 1524 welches sich auch gethan, vnd die kugel in den Sack
2026 1453 3021 1601 gestosen, gar nit meinend noch gedacht, das noch ein
2028 1530 3090 1653 andere darin seyn, sonst hutten sich siy auch heraußgezoge
2025 1620 3004 1761 Nach dchem allem berichtes herr Statd fieutenint
2036 1702 3037 1827 scher, das diser Mahli noch nit lang in der Compagnie
2054 1771 3031 1899 eye, vnd also noch etwas vnerfahren deuoch kei
2052 1819 3076 1968 persohn von vppigkeit, sondern stillen lebwesens vnd
2007 1883 3087 2025 Er übrigens seiner conduitte halb wohl zufienden.
1994 1980 3082 2136 Dene so zuget noch heutzum tag, als den 4 t. diß monats,
2053 2049 3085 2193 He Curuergus Thorman als der die blesierte persohn
2052 2114 3039 2232 verbindet, das die heilung auff guten wegen vndt
2035 2203 2527 2316 kene gefahr zubesorgen.
