4032 3024
820 974 879 1030 22
800 1020 863 1094 5
833 1149 890 1269 6.
910 993 1890 1153 Ob Es Im Ehrb. Obnestig Kun Gullen genomen habe
902 1103 1010 1209 ey
908 1139 1898 1291 warmub Es In seiner Ersten Vergicht gesagdt Es habe
907 1224 1890 1360 3. loffel stihl hinrin Meithli Nahmens wurgdorffer
901 1298 1885 1411 bubi zu verkausfen geben und aber Zat undt den
899 1372 1886 1498 Nerdtli den Nahmen Elßbath gabe Es habe nie¬
891 1428 1904 1581 mahlen kein Anders als berührtes Elß beth genamb,
871 1526 1502 1638 ihet, wan müße es Vberhördt haben
892 1593 1865 1738 Endtlichen san dalas bi Hrn berthlüchug der¬
869 1686 1849 1807 nsath zu Dienst gelaeßen, habe Es den Pel. Kilch¬
885 1767 1874 1889 burgenig zueo Windtlen Entlardt, woruß es Ein fur¬
882 1838 1882 1973 Euch gemacht E. Vaß Hr. Kolchbergers Kinden Mutte
899 1913 1855 2051 Aben habe Ihme Var zu Anlaß geben, und solches zu¬
907 1999 1861 2114 hun behahlen, diß aber seyn Ihne alles Von Hartin
892 2065 1882 2174 leidt, und bäte gott und Ein Gnädige Oberstadt Vnb¬
913 2140 1883 2258 Verzungung E. daß Ist die Vergicht undt bekandt
890 2215 1846 2311 nuß din Enthaltenen, so Ech gubt hiemit hindar¬
905 2274 1851 2359 beracht wird E. ds gotgbr Ist disers Mantschein
904 2335 1614 2447 stundtlung In die wullen Erkindt worg.
1975 2032 2027 2126 8.
1987 2233 2032 2364 Zit
1985 2356 2032 2432 4
3067 967 3152 1064 23
2030 1028 3105 1195 Ven 25 7b. 1707. Ißt der zu Ver¬
2038 1134 3061 1263 hafft ligende David Sutter seines Aclters
2035 1203 3090 1342 ohngefehrdt 24. Jahr durch Ert. gut. Diener
2037 1272 3155 1379 den Großleibel, In bysom Mohlen. Hin gwan
2041 1363 3079 1477 bruht, Zu Wolsgung von Mulene und Hen
2033 1438 3102 1579 allmußene Engel Ernstwahrtig Vber das der
2038 1515 3149 1644 Suhanna Schitta Begangenin (5t. ibstahl¬
2026 1603 3147 1736 Eapminieet worden, wo dan bekandte nach Volgen
2021 1693 3136 1825 da sachen gestohlen, und an Vndeschichenliche ihrt Vnn¬
2025 1765 2740 1902 kaufft zuhaben wir Volgebe.
2032 1864 3123 1997 Als Erstlichen den Prauben zu Schiffleutzen, be¬
2042 1949 3145 2081 Zlnchel. 4 fustuchen, 4. handt zuerhelen v leinlich.
2045 2028 3129 2156 den Maria brugyns hauli 2. laulach 1. Tisch,
2033 2079 3141 2218 lachen, 1. handt Zlorchalen, zu. Lumben, zn buset Gleacht¬
2045 2175 2291 2281 v. (Fus ruch.
2056 2240 2856 2363 der Margrnth Nöthiger 1. leinlach
2048 2307 3060 2442 Den Aum socfisten, 4. haul, mehr Ein leinlachen
