4032 3024
723 956 795 1041 14.
880 957 1574 1114 Als daß E. flysig bätten solle
864 1054 1891 1200 Da Ihrriber seine hrb. Vinden angen gesteldt
856 1119 1886 1262 worden, hat Er Jannige Wahrt, danen dregen
813 1192 1855 1333 Schlußlen halb bekundt, daß Ihm solche zu
829 1275 1882 1432 beseinsiner Ehole. Von gedeuten Gob seyn
833 1359 1882 1502 zu geschrauben worden, woruß Er Ihme geandt¬
818 1457 1897 1580 wortet Er habe solche nit mehr sonderen Mohl
821 1546 1525 1677 Groß habe solche Schen, woru
816 1610 1890 1775 Ob E mit schon vor Preyen Jahren Vergleichen
819 1708 1860 1850 Schlußel sun Seellmatter zu Zeigdt habe¬
840 1811 1822 1931 wohl, daEr Ihme an seiner Wurchstatt ge¬
819 1878 1881 2011 macht, da habe Er Ihme solche gezeigdt undt
805 1959 1877 2108 gesagdt hr bruche Vargleichen, vmb die Dopfletz
1544 2041 1604 2096 ge¬
1396 2035 1529 2097 Vbr
815 2046 1885 2195 Schloßen Vffgathan, Siseb aller ben seyn Ihren
1242 2127 1306 2188 1
648 2114 1774 2287 A Von Hertzen vnndt und bäte Gott und Ein
843 2201 1716 2365 gnadige Oberkath vmb Verzeuchung
1250 2295 1349 2361 egl.
677 2301 1867 2432 st disen sin geschoßung fähle hemachtten Schlußels von
784 2401 911 2497 Zeutz
2031 1017 3150 1191 Oiy 29ten Julÿ 1702. Ist zur vorgemelter
2018 1128 3115 1277 Damuel Seelwatter Crafft oberbudtlich Er¬
2046 1218 3129 1353 kandtnuß Wegen seines begangenen diebstalls
2032 1290 3122 1465 Oßgeschmeitt, geheuhnet und Vff Ewbig daß
2031 1391 2596 1531 Landts Verlesen worde E
2032 1470 3102 1580 Des Victor Meyne aber Ist Nun nebendt Vna
2057 1555 3096 1666 Saelmatten Die Rtatt hrnunden geführt, und
2055 1634 3114 1763 auch für Elig mit von Endt Von Mahlen. Statt
2064 1714 2744 1848 vnd landt Verbysten word E.
2064 1798 3121 1951 Dito sindt auch zugleich kegen Verübten dieb¬
2049 1888 3136 2026 stahls, Gristing Salbrrcht von Kuntlingen Vß dem
2072 1958 3122 2089 kurtenbargischen, und Anna Rosalia Vobi Vß
2058 2028 3098 2185 dueEfeltz, Aß geschmitzt und fur Eleig desh
2015 2115 2882 2245 Statt und landt Verleusen worde E.
