4032 3024
956 1023 1885 1148 Als einem einfaltigen Farl mehr nicht als
975 1098 1898 1205 3. oder 4 darvon zu theil wordt, Einandermahl
980 1174 1873 1271 Coyind sich miteinanderen einen streich zuvor¬
991 1229 1804 1321 nchen nach Richenbach gangen, so Ihnen
980 1280 1818 1392 aber fahl geschlagen, auff eine andere Zeith
983 1354 1832 1454 seyind siy witer nach hettigen komen, vnd in
968 1415 1882 1513 soller eingebrochen, Nun seye gar nit gleublich,
986 1491 1887 1575 das d schreyer, so sich mit reunscheinendem heutzen
958 1544 1788 1646 zum storben gerustet, ihme worde unrecht
977 1603 1263 1692 gethan haben.
978 1683 1842 1775 Alles dises vorhaltens Ingeacht, vornemete er
985 1741 1828 1844 olches abermahlen, mit hocher betheinung
973 1789 1822 1901 daß Gott ein Zeichen an ihm thun wolle,
978 1860 1830 1961 wan er disem schreyer Jomahlen an einichem
976 1914 1820 2017 orth habe helffen einbrachen oder stahlen.
968 1992 1781 2069 weilen er nun hierauff ohnan gesehen alles
975 2040 1865 2144 lrnstlichen zusprechens nicht weiters bekandtlich
984 2077 1746 2186 ein wollen, wurde er auff bedelch Mthl.
971 2129 1794 2226 Examinatoris an die Marter geletzt, vnd
983 2181 1717 2271 anfangs zweymahl nachenander lahr
961 2235 1822 2331 hornach, mit 15. t. digl vnd endlich mit dem
955 2281 1801 2392 56. t. dige Stein auffgezogen, vnd ferners
2084 1020 3141 1141 so wohl über des Schweiers gethane bekandtnus, abs
2092 1094 3145 1184 andere verdächtige diebstahl vilfaltig befragt, hat
2086 1143 3066 1234 aber über das Jenige, was bereids in hiewobrichen
2058 1196 3096 1299 Procedus enthalten, gantz und gar nichts wgters
2086 1271 3079 1332 noch mehrers bekennen wollen, sonder an der
2107 1320 3120 1411 Marter mit hocher Betheuwrung seiner vnschuld,
2084 1369 3108 1465 darby er auch mit Gottes bestand zu leben undt
2114 1428 3151 1522 zusterben gesinet) seine hiervor gethane bekandt¬
2119 1477 3046 1587 mit einfältig bestätiget, worben es auch MHl.
2117 1530 3136 1635 Sxaminator fur dißmahlen bewenden laßen.
2104 1588 2486 1693 Actum vorstahte
