4032 3024
798 1504 844 1583 4
890 1028 1855 1155 Alhier oder auff dem land mochte begange
892 1117 1893 1239 haben, so aber durch bloßes zusprechen vnnung¬
906 1197 1794 1303 lich bekennen zumachen, als wird solches zu
903 1264 1857 1372 E. G ferneren behelch zu examinitren
917 1340 1161 1433 vberlassen.
1113 1409 1225 1494 33 tns
1262 1442 1497 1507 Ramen
978 1474 1839 1576 Mit hievorgemeltem Lonys George
850 1506 1137 1589 zu herfur brilig,
842 1542 1837 1639 ung der wahrheit e Vienne einem barbierer
1211 1587 1432 1644 von evon
932 1609 1869 1727 Nachdeme Muhhl. Sattz Director
908 1680 1881 1771 Im Hooff Ihr Hrl. den Verlauff hievori¬
912 1735 1861 1803 zen Examens widerbracht und selbige für
926 1784 1885 1861 rhtwendig erachtet mit mehreren Schärpfe
926 1831 1798 1919 an diesen Gsellen setzen zulaßen; hatt
919 1876 1893 1972 zu volg eines sunderbahr erfruschten Befelchs
919 1934 1854 2003 Mihhl. Saltz Director mit Zuthun Ihr Hrl.
927 1994 1898 2071 dieneren Hr Großweibel und Grichtschreibers
924 2031 1891 2108 den 6ten hujus sich widrumb in die gefangen,
925 2077 1842 2171 schafft begeben und gedenten dieben, neben
935 2124 1812 2220 Vorher gangener Krefftigen ermahnung
942 2181 1809 2255 die wahrheit unverholen zu bekennen. An
934 2236 1827 2328 fängklich ohne, hernach mit anwendung
1687 2317 1780 2377 Der
2972 958 3078 1046 781
2080 1030 3094 1141 der Marter und Anhenckung deß 25 f 2
2056 1101 3096 1196 steins über viel fähltig- an Ihne getruckte Fragen
2048 1165 2785 1248 nochmahlen Ernstlich examiniert
2044 1210 3011 1292 Welcher hierauf volgende Prunten an der
2053 1263 2736 1343 Marter Bekennt und erhalten
2103 1310 3092 1419 Daß Er Anfangs seiner Alharkunfft Willens
2049 1368 3072 1466 9sin Vnßere Sähligmachende Reformierte Re¬
2059 1421 3052 1494 sigion anzunemmen darzu bewogen, daß Er
2054 1461 3058 1544 hievor in Holland die passage der Zeil. Schrifft ge¬
2067 1534 2163 1601 lasen
2080 1524 3021 1641 Seine allharkunfft betreffend, seye Er mit
2092 1575 3112 1675 einem Namens Bretton, so mit pferdten handle
2083 1639 3114 1740 biß nach Wiblishurg kommen, alda Er den so blauw
2077 1677 3027 1782 gekleidet angetroßfen, mit Ihme kundtsame
2071 1728 3052 1840 gemacht volgendts sich mit ein anderen Vnd er
2080 1776 3044 1875 rndt, daß sie hier in der Stadt Wo sie können
2051 1835 3034 1949 /:S. k./ stehlen nachwerts das gestohlne zu
2066 1892 3029 2010 geldt machen, und sich nach Holland begeben
2077 1989 2210 2051 wollen
2071 1983 3058 2108 Befragdt Wohar dieser sein Blauw gekleider
2113 2040 3058 2154 amarad seye und an welchem Ohrt selbiger in
2110 2114 2532 2199 der Statt logiert habe
2042 2143 3114 2263 Antw. Er seye Vur Buche nicht weit von Gens
2121 2207 3130 2305 zu hauß, Vnd seye samt zweyen Weibsbilderen
2097 2262 3027 2372 so nun mehr verreiset, vor der Statt alhier
2920 2316 3094 2420 befragt
2110 2325 2374 2433 logiert gsin
