4032 3024
814 950 901 1083 Ih
932 969 1889 1130 ber mit auch zumr schlußel alhier ein Sack voll
901 1062 1875 1210 zuggenommen, darnen Kleider und andere sach¬
903 1142 1864 1275 gewesen, welches ihme bim breingarthen wider
909 1216 1220 1319 abgeagt word.
864 1271 1128 1377 Anfwort. Ja
902 1354 1850 1499 hierauff, wurde er nach der Intention E. G. zur
932 1421 1895 1555 Streck. geführt, alda ihme hart betreudkt worden,
907 1488 1916 1635 daß weilen man ihne gesehen vnder der Gasacqia
857 1531 1888 1677 Idroben an dpcttel gaßen seinen Zaum deuborguer
904 1610 1862 1716 deiss getragen zu haben, so könne es kem anderer
899 1662 1829 1800 sen als der Ebstliche mit silber beschlagene Zaum
899 1724 1856 1836 so zum Störchen gestohlen worden vnd einem alda
896 1797 1849 1902 losiorenden vornemen herren zustendig vnd wan
898 1845 1850 1955 or disers abermahlen laugnen werde, daß als dan
905 1916 1899 2042 man Ihne ohnfehlbar ohn an die Marther thun werde.
893 1973 1824 2118 Allein disers hatte er sohnangesehen aller freunung
911 2049 1875 2179 vnd gethanen zusprechedt denoch auch vorneinet, vnd
907 2104 1813 2239 seyr in diser sach Hantz und gar bnschuldig.
