4032 3024
897 989 1910 1154 In bisein. H. Großweilbels vnd Grichtschreibers geschehen
905 1079 1909 1202 da dan der Mstier langs Brachbuohl zu erstens befragt
913 1142 1880 1260 worden, ob er nit des Sontag Morgens drußen in
919 1198 1871 1345 d Enge vehr tagsZeit habe mit seinem Kurcht
919 1277 1452 1389 under dem disch mulchgesten
841 1369 1840 1503 Antworth. Es seyn zwahr wohl wahr allein erst gogen
917 1432 1833 1551 iben dhr, vnd seye vohr de fruhe predig durch die
903 1501 1813 1610 Rattgangen, damit Er konnt beyzöiten in der
909 1554 1809 1687 Engesein vnd seinen leuthen helffen, vnd seyn
895 1624 1851 1757 einmahl deß was er beklägt werde gantze
902 1668 1115 1763 deschuldigen
871 1724 1905 1883 Nachdsen wurde dr Rurcht harzs giger auch befragt.
901 1814 1862 1975 warumber doch dise thatt dörffe laugnen, es seyn Klar
892 1891 1867 2034 am tag, daß by beide es gethan habind in dehme, man
885 1956 1823 2091 ihne vnd sein mstr. des Sontags fruhe vor tagsZeit
891 1993 1877 2166 in der Enge beeinanderen gesehen habe hinder dem tisch
891 2052 1854 2212 Sitzen, und milch eßen, vnnd solches seyn geschehen, des
895 2116 1828 2263 ohngefehr dmb. 6. Uhr, hiermit konne es unmüglich
907 2175 1822 2329 sen das der Meister schon von Konsnigl umb dise Zeit
880 2217 1755 2383 hatte können in der Enge zuruck angelangt sein
2034 1000 3141 1132 Allein nach allem harthen freunden und zusprachen
2059 1101 3121 1215 harrete Er in seiner alter Regatio, undt sagte das
2056 1166 3147 1283 der Meister orstiehengefehr, dohemorgens gegen, siben, Uhr
2061 1217 3085 1336 wider zuruck seye von Korswegl an komen, und
2056 1292 3077 1379 man möge mit ihm anfangen waß man wolle
2056 1337 2452 1439 er seye inschuldigh
2038 1438 3143 1538 Wteilen nun obdermelte zwren Achier nichts bekennen
2042 1520 3046 1585 wollen, ohngracht alles Verdachtgungstin ans tag
2041 1564 3118 1673 als habend figs. vnd Oberen selbige dt Fber 1707
2048 1624 3085 1731 wider logst zuworden erkendt deuoch daß sie, alle
2045 1690 3108 1795 die deßwegen ergangene Vosten bezahlen shllindt
