4032 3024
905 1041 1862 1156 damahls am Riene nicht so bärtig außge¬
909 1120 1040 1205 sohen
898 1147 1784 1252 baharrete auch auf dieser seiner Vß saag
907 1231 1848 1310 ohngeacht alles kreftigen Zusprechens daß
899 1265 1876 1361 Er diesem Kauffmann nicht unrecht thun solle
906 1322 1894 1408 maßen Er nunmehr an das Vfer der Ewig¬
904 1380 1876 1459 keit gelanget und eine schwehre verantwort¬
905 1422 1865 1518 ung auf sich laden wurde, wann Er demsel¬
894 1473 1864 1572 ben mit faltscher Beschuldigung unracht thate.
906 1529 1864 1606 steif und Vest: mit offtmahls wider holten
913 1582 1833 1672 bezeugen daß Er darauff leben und sterben
919 1634 1818 1718 wolle, daß es dieser und kein anderer seye
913 1688 1820 1781 dem Er Möhhl. Rahtsherr Tilliers sachen
908 1742 1036 1806 geben
904 1750 1848 1870 Nachdeme nun Muhhl. Enaminator gesehen
910 1830 1872 1919 daß sie beyderseits auff diesem ihrem anbringe,
905 1877 1848 1966 und zwar der losiot auf dem laugnen, Ver¬
885 1931 1841 2020 harreten hat Er es bey dieser confrontation
908 1974 1859 2057 umb solche E. Gröl. zureferieren, für diß¬
889 2028 1783 2127 mahl bewenden laßen. Actum Vorstaht
2004 953 3133 1082 rite Exament mit Maria Scheller: d. 3. Februari
2319 1036 2414 1097 1704.
2071 1014 3075 1147 Nachdeme auf Ihr Gnaden betelch, durch
2027 1094 3101 1228 beyde Mhgl. Herren Heimlicher Ergel vnd Hay
2035 1145 3104 1300 mit zuthun E gul. diener deß Brichtschreibers in
2049 1207 3059 1343 Mwohlerwürdigen Herren Helffer Knachts hauß
2043 1271 3142 1433 Information aufgenommen worden, die eigentliche her
2035 1336 3126 1493 gangenheit sein deß H. Helffers dienstmags Maria
2042 1434 3140 1559 Scheller, als welche den 27. 76er. 1703. ohne anzeigung
2041 1460 3144 1613 seiner Schwangerschafft, auf der Sh. Heimligkeit kindts
2033 1529 3128 1692 genesen, zuvernemen. Wurde auf beschechene Kl¬
2036 1607 3151 1749 lation, durch E. gul. besohlen, daß disers meinch in den
2027 1687 3145 1812 oberen Spitzahl wohl verwahrt, außkunbbettet werden
2035 1736 3154 1872 solle, vnd alsdann durch ein Eramen von Ihme die Wahr
2035 1792 3123 1940 heit seines Verhaltens zuerforschen, zu dem End Mhghl.
2022 1861 3154 2003 heimlicher May nach empfangenen HochOberkeitlichen
2036 1952 3098 2073 bewelch sich mit zuthun deß Grichtschreibers in dem
2038 1986 3154 2123 überen Spittahl Verfugt, vnd disem montschen hreffigsten
2037 2058 3058 2194 maßen zugesprochen, also daß ein gewüßer Jacob
2037 2144 3144 2273 Wyßeyer von Winniß, fur den Vatter dieses Kindtr
2048 2240 3138 2329 angegeben, welches dann Mhgl. Herren des Oberen
2847 2294 3136 2401 Choegricdsts
