4032 3024
908 1028 1813 1148 Widerumb in die Bfangenschafft begehen, und in
902 1126 1898 1202 gegenwarth Mrwgl. Herren, Juncker alt handtwogt
911 1163 1790 1237 david friderich von Erlachs, H. handtrogt davio
928 1221 1799 1316 Müllers, H. haubtman Smanuel Bilchbergers
917 1262 1754 1363 vnd anderer Mrherren de Burgeren mehr
914 1315 1876 1412 disen verdechtigen dieben, anfäncklich mit kreffti¬
935 1375 1813 1473 ger ermahnung und ernstlicher Freunung,
943 1432 1836 1512 wolghends aber mit anwendung der Marter
953 1483 1837 1584 vnd anhenckung des 25. tb dig vnd 50. tb. dig
950 1536 1215 1623 teins Befragt
1215 1571 1656 1674 Erstlich ohne Marter
895 1641 1884 1747 Ob Er nicht des zu Arberg außgeschmeitzt, Maritz
940 1733 1794 1825 Schreyers Consors und gespan gsin, und mit
944 1794 1825 1891 dem selben im stählen gemeinschafft gehabt
819 1833 961 1952 Antrof
986 1857 1891 1978 kein, Er habe sein lebtag dem Maritz Schreier
935 1922 1835 2028 keinen guffen kuopff warts stählen helffet,
947 1980 1759 2068 auch sonsten, außsers daßer acht tach lang
938 2047 1862 2131 neben ihme getroschen, einiche Gemeinschafft nicht
951 2080 1296 2161 mit ihnee gehabt.
911 2127 1861 2223 Auff Remonstrieren, das solches nit die warheit seye,
976 2194 1868 2289 Sinthemahlen diser Schweyer ihme in Gegenwarth
959 2245 1843 2350 MuEdlen zunehren von Erlacht, als handtwoge zu
3111 985 3150 1058 7
2076 1011 3144 1129 Arberg, so hierzugegen, vnder angen erhalten, daß er
2163 1079 3129 1196 Ihne Schweger angeführt als siy Mh. vouer
2155 1142 3153 1247 von Erlachzn hettigen eingebrochen vnd vill sachen
2170 1225 2388 1298 entwandt
2148 1286 3144 1403 Schämebe. Er bestendig, ds er weder zu holtigen noch
2144 1369 3102 1470 anderer erthen, dem Schriyer einichen diebstahl
2179 1429 2688 1518 nicht verbringen holffen
2168 1492 3124 1595 Vber sothane halbstarrige Negierung ward ihme
2168 1556 3162 1652 von MwohlEdlen Juncker Handtwogt von Erlach
2179 1619 3172 1710 vorgestelt, waß massen diser Schreger als selbiger
2160 1669 3133 1747 zu Arberg gefangen, nichts anders vermeinte
2159 1714 3141 1795 dann ds Er wegen verubten diebstählen worde
2175 1772 3103 1867 sterben rmneßen, zu dem vnd sein hertz vollig
2161 1825 3023 1905 zu räumen durch eine dem ansehen nach
2147 1858 3127 1961 realische bekandtnus ihme Stryt bestendig
2168 1915 3095 1994 an der Marter und sonsten vnder angen
2164 1969 3142 2043 erhalten, das Er Stryt Ihre Schreyer mit disen
2177 2028 3142 2118 vorthen nach Tettigen gefuhrt, Si wollend
2174 2064 3124 2169 daselbst Ihr Sach machen, al da angelanget
2180 2130 3067 2218 habend Si Stubenh Schafft, trog vnd andere
2186 2183 3058 2268 behalt auffgebrochen, bettgwand vnd will
2174 2251 3121 2329 andere sachen genomen, anfangs in das nechst¬
2173 2291 3081 2370 gelegene Goltz, von danen aber nach Bitl
2174 2335 3059 2444 getragen vnd verkaufft, da dem Schreiger
3015 2392 3103 2454 als
