4032 3024
812 1033 1722 1157 ausshebung zweier ofenkahlen, habe H. Stack
814 1116 1821 1229 Ihme durch selbiges hoch geholffen, vnd Ihns herrauß¬
815 1189 1799 1297 gezogen, adan wegen kleine des lochs, wahre es Ihme
827 1253 1803 1379 anmöglich gsin, selbsten allein dardurch guschließen,
824 1336 1790 1436 alßo daß da dauon in den oberen grosen baal ob
801 1420 1779 1541 der Gorstuben komen, da dann H. vmbgeltuor
829 1499 1829 1626 schreber Stock zu Ihme gesagt er wolle sich doran
831 1580 1821 1667 an dem Seil aben laßen, ob solle also bald nach folge
835 1652 1763 1774 welches es gewagt, vnd gedenckt, hat er sich dörffen
833 1722 1781 1826 aben laßen, so darff ich auch, allein es seye Ihme
844 1777 1797 1901 schwar mußlungen, dan diser sehr hoche auff den
847 1849 1803 1979 rucken gethane fahl, habe Ihme solchermaßen die
851 1917 1859 2063 sprach vnd den Athem gestelt, daß es nit mehr lauth
861 2009 1806 2132 reden nochschreyen könen, allein deßen ohn geacht
855 2087 1827 2220 habe H. Steck vnd der andere so byy Ihme gewesen,
848 2163 1777 2284 Ihns von dem boden auffgehebt vnd fohrtgetragen
856 2226 1866 2350 hegen der Hlchgast zu, do habe de He. Sieck zu dem anderen
1917 1422 1978 1518 6
1968 945 3012 1146 gesagt, fohrt, fohrt gegen den kronen hinden aber, da
2003 1070 2998 1205 habe es gedacht, O Man Gott wie wirdt mihr gahn,
2006 1150 3003 1306 sih wollen mich grbuß auch an dem orth vmbringen
2008 1258 2999 1358 vnd in das Waßer werffen alwo man vor etlich
2029 1296 2997 1462 Jahren ds Bani Fridli umbracht, vnd seye Ihme
2025 1380 3012 1546 gleich in sie gefallen, das man Ihme schon längstens
2026 1472 3009 1602 geraunet der H. Stock werde etwas schlims mit der
2040 1522 3003 1677 Zeit mit Ihme anfangen, vnd es hätte in allen, als
2052 1596 3061 1729 man Ihns über d Klrchblatz getragen, gern geschräuden
2045 1667 3018 1784 allein es habe gar nit können, dann es habe der H. Steck
2043 1735 3044 1848 in allem tragen seine beide armen über sein angesicht
2048 1811 2998 1935 geschlagen, der andere aber habe Ihns by den beinen
2051 1850 3062 2001 getragen, vnd da sich nach zu der Holchgeß komen, seye
2037 1934 3016 2078 Iu allem gluck jemandt darzu komen, da seynnd sy
2061 1983 3081 2123 genötiget wordt Ihns ligen zulaßen, da habe es angefange
2056 2063 3043 2191 nach besten krefften lauth zu seuffzen, weilen es wegen
2049 2114 3037 2262 des gethanem fahls nit habe schreyen könen, vnd gleich
2067 2176 3065 2313 darauff seyind noch mehr leuth darzu komen, bis man
2908 2228 3085 2341 Ahuls.
