4032 3024
775 1013 1848 1135 B. Warumb Er doch habe dörffen under¬
823 1105 1828 1227 stahen, eine solchen Weite reiß vor sich zu
827 1169 1782 1269 nemmen und kein gelt bey sich zuhaben.
844 1243 1815 1344 Er seye durch ein untreuwen Kkuecht
768 1262 840 1345 R.
808 1316 1840 1430 bestohlen worden und schier allerdings Vmb¬
841 1381 1830 1478 das seinig komen, dennoch habe Er noch¬
832 1448 1828 1553 bey 5. Bublonen mit sich allharo gebracht
841 1505 1744 1614 und diesere 2. bey ihme habende
844 1568 1824 1682 Bragoner habend Ihme etwaß geltis
832 1641 1105 1736 qanciert.
761 1732 1804 1848 E. Vaß Er in Währender 2. Monato Zeit
787 1819 1847 1915 Arstlichen als Er zu Jurin gewesen, gethans
757 1877 1834 1990 Rezu Jurin habe Er bey dem Pallast beih
796 1957 1873 2072 kunn bürger, en Chambro Garnie gelebt.
767 2025 1852 2169 Im übrigen Weilen etwelchen glaubwürdigen
848 2122 1872 2221 bricht eingeloen, ob solten diesere obvernam¬
823 2172 1854 2288 1sete 3. Camaraden zu Eryburg(: wegen bösen
845 2238 1856 2360 verdachts oder begangenen diebstühlen) fort ge¬
1985 973 3037 1131 schickt worden seyn, Wolten sie gar
2018 1043 3055 1176 nicht bekantlich seyn, Iemahlen alda ge¬
2655 1116 3048 1219 Vnd Weilen es
2004 1127 2373 1257 Wesen zusetzen;
2006 1210 3039 1325 geschinen, daß diesere 2: Bragoner
2018 1269 3060 1369 verdächtige Persohnen seyend, ind selbige
2008 1329 3043 1445 durch den Scharff-Richter vff dem
2025 1386 3056 1489 Recken visitiert worden, also daß
2021 1445 3043 1584 Es sich befunden, laut deß Scharff¬
2015 1503 3063 1635 Richters außang, daß beyde bereits
2030 1574 3072 1674 urh den Bencker gebraudmahlet
2019 1634 3073 1764 worden, welches sie aber gelaugnet
2027 1702 3025 1827 und solches gar nicht geständig seyn
1996 1797 2360 1911 Wollen. E
2042 1924 2937 2047 Nach disem allei wurden auch des
2048 1989 2923 2121 Revalluer song Kamps- den geburth
2042 2081 3009 2210 Jouis de Mersiere genandt, seine schrifften
2058 2158 3057 2275 erdanget da vnderanderen in einem passort
2043 2230 3033 2359 zuerschen gewesen, wie das der Hertzog auß
