4032 3024
889 980 1896 1123 gegeben, daß E. Ein bäßer leichtfertiger bub undte
890 1078 1871 1199 Mußig gängen seyn, mit Welchen ein Ehrende gefal¬
877 1162 1898 1277 rschafft zu Möhren schon Viltmühe und Vmb Eorsten
886 1229 1898 1384 gehabt haben. Disers alles wirdt zu Ewbigeh
866 1299 1876 1449 Vernern Erkandtnuß hinderbracht. Actu: at
901 1403 1091 1501 Supra.
911 1498 1907 1657 sey 3d Ao. 1162. Ist obigen Sutter Vßgeschmicht
897 1586 1867 1730 und Vs Erbig von Mohlen Statt undt Lancz Verdann¬
894 1670 1193 1785 Siert worden .
862 1792 908 1883 V
917 1781 1817 1952 danns Brächbühls Eines Rühiers vod
904 1859 1842 2025 trub vnd hanß Bygers am dem Kurbzenberg
922 1926 1221 2041 Seines Rnechts
1216 1965 1796 2109 Eamen vnd Vergicht
823 2053 1838 2236 Demmach Sambstags d. 18. t. gber 1702. Meister
920 2157 1793 2279 auß Jacob von wordt der Engneister vnd seine
912 2209 1836 2369 hochter Abends Hahf spahl auff ihrem heimwegen
3090 988 3153 1075 7
2054 1011 3132 1141 begriffen, vnderwegs aber by herren Hanß Rodolff
2051 1101 3113 1219 Rihen Matten auff offener Landtstraß von
2066 1173 3085 1277 unbekandten Sösen buben angetasset mit steinen
2063 1228 3148 1328 vnd benglen geworffen, und biß zu Herren Haubeman
2045 1294 3088 1412 Ambhausels gelegenheit verfolget worden? Ist der
2047 1362 3119 1480 Vordacht diser fraffelhafften that nit nabilhlich auff
2037 1426 3104 1540 zwem in gedeuten herren Risen Matten Wohnende
2046 1500 3093 1626 Vorschreite Rchiersuben. Nahmers hans. brathfuehl
2051 1544 3106 1662 von Trub vnd hans Gyger ab dem Kurtzenberg der
2043 1613 2969 1739 solchor dieshach, Meister und knecht, gefallen
2039 1693 3090 1794 Mayben, dann selbigk auch deßwegen behendiget vndt das
2053 1775 3083 1859 14. t. dito von herren Großweibel das erstemahl
2053 1807 3121 1945 darüber gantz ernstliche examinirt vnd befragt werden
2060 1927 3125 2045 s habend aber selbige ohnangesehen aller angewendten
2053 1985 3111 2089 betreu- vnd vermahnungen, damahls zu einicher be¬
2051 2043 3070 2152 Knndtuus weder der thäht selbsten noch dehro umstenden
2046 2106 3117 2225 nicht gebracht werden mögen, in so weith das der Brachbuehl
2042 2152 3135 2253 gane ds Alibi, vund zuehr daß er selbige nacht auch dohr
2053 2203 3120 2317 und nach als die that begangen worde, wilden Auch
2042 2282 3103 2400 zu Korbidigl sich befunden, zubehaubten vnd zubewisen
2857 2360 3048 2459 bechehrt.
