4032 3024
831 1198 981 1357 Segt
962 1021 1931 1160 Er niemahls einiche sonderbahre Geindschafft
971 1113 1867 1226 mit disem schreyer gehabt, bätte dero wehen
973 1182 1765 1287 eine hoche Oberkeit um gnädige hulff
1007 1257 1849 1348 warumb Er so fräfentlich laugnen dörffe
984 1317 1849 1419 die geklagte Kalbeten, die Er auß einer
987 1376 1903 1470 weidgenommen und zu Burgdorff verkaufft
998 1428 1834 1530 nicht entwendt zuhaben, solches seye ta
989 1485 1822 1586 gungsam bekandt, Er habe auch selbsten
989 1543 1863 1637 die that den beiden Grohosen bekendt un
982 1602 1840 1692 darby de Greiß vormeldet, wie will er
966 1657 1879 1757 darauß gelöst, wormit ihme zugleich aber
992 1713 1849 1818 nahlen Eiide Brehosen vor angen gestelt
982 1772 1866 1880 worden, welche dan auff betragen byy ihren
966 1809 1817 1931 Eyden zugeben, daß dehme also seye vnd
991 1879 1829 1988 1 solches auß sein das sterzts mund selbsten
967 1950 1226 2039 gehörte haben
976 2024 1873 2114 diser überzeugung ohngeacht, hatt Er alles
965 2074 1828 2164 daß Jänige, was ihme die prohosen dnder
968 2126 1828 2227 augen erhalten, bestendig gelaugnet, mit
956 2174 1821 2289 Eyfurgen, er wuße bey seinem Guduhten gar
956 2229 1883 2344 nicht, das er d Prohosen etwaß dorgleichem Bekent
944 2295 1817 2420 Willweniger, das er solche that begangen habe.
3066 1001 3136 1064 65
2125 1046 3132 1175 befragt. Ob er nit auch dem Juncke haubman
2119 1139 3100 1238 Scharner in seiner Matten in der Enge, ein
2132 1195 3111 1300 Möscherne brunrohren auß dem Brunstorke
2153 1251 2449 1355 entwendt habe
2045 1339 3121 1422 Antwe. Ja, solches habe er alda gethan vnd vorubt
2144 1395 3166 1493 mit hulff eines beßlers, so dißmahlen in hollen¬
2149 1447 2838 1540 dischen kriegsdiensten sich befinde,
2107 1503 3133 1618 Im übrigen bestätigete er abermahlen alles daß
2123 1597 3155 1682 Jenige, so in seiner vohriger bekandtnus enthalten
2126 1630 3133 1739 mit bethuren, das ihme wysters nichts in wussen
2117 1691 3151 1814 Vnd weilen nun über alles angewendte zusprechen
2119 1757 3145 1844 ein mehrers auß ihme zubringen gewesen, als
2120 1823 3094 1908 hat Ml. Examinator es fur dißsmahl darbey
2123 1882 3130 1982 bewendt laßen, vmb solches E. G. zu dero hoch¬
2119 1932 3094 2032 wesen veruoren vorordnung, wie hierumb
2129 1977 3136 2088 beschicht, zu hinderbrungl. Actum di. 31. Jeuor. 1707.
2069 2077 3142 2224 Machdeme 11rl. Rchtsherr Inhoff Ihr Grl. Anderm
2120 2180 3016 2273 3. f. Februgel 1703, den verlauff hierwohr
2114 2251 3037 2348 erzehlten Examens widerbracht, hat er zuvolg
2120 2297 3128 2418 unos sonderbahr erfeuscheten bewelchs, den 7. t. febrso¬
2110 2363 3092 2456 sich mit hierwohrgewolten Ihr Bradt dieneren
