4032 3024
833 1232 899 1304 19.
919 1033 1875 1148 weis zwey kleine schlechte Wagenradlin
934 1135 1887 1226 mit dinnen Eisernen Schinnen. Vnd Endt¬
927 1155 1037 1236 lichen
938 1214 1866 1324 Im Zeiiswegl graben noch ein beschla¬
934 1276 1340 1354 genes Wagenrad
979 1332 1810 1458 ieses seye nun alles waß Er sein
929 1421 1829 1506 Cabtag entwendt habe, sey hme aber von
905 1463 1801 1569 hertzen leid sey, batte von deßetwegen
908 1517 1876 1613 Hott und eine hoche Oberkeit umb Gnädige
914 1570 1580 1681 verzeichung. Actt vorstaht
892 1723 1866 1861 Den 9. t. gber. 1703. Sind dihere mit Hanshuth
924 1814 1849 1938 hiervorgemelte dier Examina Ihr Gnaden von
914 1884 1852 1996 fyuschen wider abgeloßen vnd relatiert worden
892 1964 1851 2072 Wolche dan durch Ihro Gnädigs Vrtheil darüber
926 2026 1841 2147 erkendt, Namblichen das diser huthi solle durch de
919 2086 1894 2221 Schappffrichter mit der Kuthen außgeschmeitz, und
917 2171 1856 2305 auß Ihr Gnaden Statt vndgand mit den Eyd
902 2252 1766 2363 vorwisen werden, so auch dato exequiert worden
1835 1840 1881 1897 9
3000 983 3122 1091 91
2155 1053 2869 1210 Dramen vndt Vergicht
2079 1191 2963 1329 laria Seheler von Rahurgl 8
2902 1272 2992 1368 1.
2087 1289 2889 1409 hinderlachen, gewesene dienstmage
2090 1330 3068 1478 Mwwehl Ehrwurdigen Herren helffer Knechs
2084 1437 2552 1528 alhier behreffendt.
2708 1503 2869 1608 meines
2000 1557 3120 1674 Als Jungst vorschinen bättag ErwohlEhrwürdigen
2035 1640 3090 1744 herren holffer Knechts dienstmögt alhier, macher
2054 1702 3102 1825 mittig Nahmens Maria Scheller seines Alters
2036 1770 3088 1896 by 44. Jahren, nachmittag ohnte Anzeigung Einer
2057 1853 3124 1974 Schwangerschafft, auff der S. h. heimligkeib eines
2054 1926 3136 2045 kunds genosen, vnd solches alda hinvnder fallen laßen
2041 2013 3121 2133 dardurch dan es sich eines Sosen vorhabens verdächtig
2062 2090 3060 2192 gemacht, als wann es Vorsetzlicher wis das
2042 2157 3093 2269 Kind hätte verwahrlosen wollen, derowegen es
2152 2220 3104 2329 gleich nach dieser seiner gnißt ambt dem
2350 2280 2440 2329 üblin
2044 2281 3109 2404 Kund, so ein Sohmist, in den oberen Wittahl geführt
2899 2385 3044 2470 ada
