4032 3024
810 1007 865 1085 4
1020 989 1403 1083 d. 2. f. May 1704
909 1044 1779 1164 Maria Rüdliger ein verdächtiges vnd
925 1118 1843 1220 runtzes weidli deme vor etlichen Jahren
934 1180 1837 1303 wegen gerübten diebstählen in Garthen vnd
925 1250 1815 1375 Elumwereken, die Statt zukommen, verbotten
935 1325 1058 1424 vord
2926 933 3052 1078 244
2094 978 2683 1085 d. 25. R. Juli  1704.
1959 1077 3058 1223 Demnach eine Zeit dahäro underschidliche frombde
2022 1159 3077 1272 vnd unbekandte vorsohnen alhier sich auffge¬
2036 1229 3090 1361 halten, alßo das endtlichen Po etlich derselbigen
2007 1304 3087 1428 Kinchen Verdacht gefallen, Welcher dan under¬
1990 1374 3028 1500 Schiedenliche von Mughlen den Zurgeren und
2002 1445 3084 1565 andere Zurgen allhier Veranlaßet, Vd nachfol¬
1950 1509 3059 1635 gende 3. Persohnen achtung zugeben, In deme
1981 1587 3102 1695 bekant worden, daß sie bey etwelchem hiesigem
1972 1654 3083 1766 Fraunden= Zimor ( durch ihr Vorgeben als Bären
1978 1719 3094 1855 Sie fräubde fficierer) in guter bekantnuß
1981 1808 3019 1920 erowegen Man nachtlicher Weig vff ihre
1966 1867 3106 1983 onduitte gewachet, und sie deß nachts auff
1979 1944 3103 2050 es gaßen mit begangenem imwesen bey¬
2778 1993 3102 2119 darauffhin
1963 2002 2580 2111 Ein ander angetroffen.
1973 2070 3117 2185 Sie dann in arrest gesetzt worden, und weilen
1978 2137 3108 2267 Vnd erschiedenlichen bericht eingeloßen, daß
1965 2213 3099 2361 Solches nicht diejenigen seyindtn Worfür sie
2980 2329 3120 2437 ih
