4032 3024
752 1006 815 1087 162
1382 1008 1496 1080 eter
788 1036 1344 1187 Gehaltenes Examen mit
1374 1051 1744 1177 ten Mafhl
898 1120 1832 1263 von Amsolding den 15. t. Augusti 1704.
817 1316 1830 1449 Als vorschinen Sontag den 10. t. dies zwuschen
854 1403 1782 1532 zwey vnd drey vhr nachmittag, zu Oberst auff
854 1487 1843 1609 dem Cristoffel thor bey der Wachtstuben einiche
863 1558 1804 1666 Burgers töchteren sich anbefundt, so von oben
853 1620 1757 1740 horrab auff die gassen gesehen, vnd als auff
846 1693 1762 1817 gleiche Zeit ein hiesiger Stattsoldat nahmens
874 1763 1793 1867 all Masoli von Ainsoldingen seines alters
864 1838 1889 1958 by 22. Jahren, so sich sonsten in arbeit mit wollen
860 1879 1815 2025 kamen im Zuchthaus auffhaltet, auff dem wegn
873 1964 1843 2075 gewesen dem gewohnten AurgsExereitio byzuwohnen,
873 2021 1844 2147 hatte Jemandt von obigen Burgers töchteren steinlen
856 2094 1869 2223 gegen Ihn hinvntergeworffen vnd Ihme mis prechen worten
877 2163 1819 2276 zugerueben, hierauff hin er Mahli sein Musqueten
894 2229 1788 2357 oßgeschoßen, ins wußend das selbige mit einer
1943 925 2989 1128 tugek geladen, also ds diser vnfursichtige Schutz, des
1975 1030 2997 1176 Sottler dulickers tochter vngluckhäfftiger weis
1974 1085 2953 1270 getroffen, vnd oben an der stirnen biß auff die
1985 1169 3016 1353 hirnschall gestreifft vnd bleßiert, welches dan Ihr
2000 1255 3021 1413 Bradt veranlaßet dero dienere Herren Groß¬
2001 1315 2997 1462 Weibel vnd Grichtschreiber zubefehlen, diseren
1993 1418 3013 1547 Mahei über seine Action zu examinieren, wie
2017 1469 2998 1615 auch der gantzen hergangenheit halben bericht
2018 1536 2938 1683 einzunemen, wogi Sy auch der geschehenn
2037 1637 3045 1791 ierauff den Ihme Maffls durch herren Großweibes
2028 1722 3006 1856 srefftigster maßen zugesprochen worden, über die
2036 1772 3066 1935 gantze hergangenheit vnd was Ihne zu disem schießen
2038 1854 3112 1988 veranlaset die wahrheit zusagen, welcher dan wolgen¬
2042 1943 2328 2055 des befandlich
2072 2050 3042 2178 Erstlich als er dan 10 tedis Augstmonatt zwuschen
2048 2102 3088 2250 zwey vnd 3. Uhr nach mittag auff dem Weg gewesen
2024 2184 3078 2321 dem gewohnten Kriegs exeriitio byzuwohnen, vin
