4032 3024
914 1015 1902 1175 Ihor Zeiten Vermittlest vorgebener Vngeter äßlig¬
917 1110 1883 1234 keit vorlohren, deßwegen nemahls an die schwan¬
936 1180 1899 1301 gerschafft Ihren magt gedachte. Als sich aber zuge¬
952 1248 1826 1360 tragen, daß Jungst derschinen Sontag gleich
951 1308 1836 1429 nach Mittag disere Maria Scheller, sich in der
954 1378 1881 1488 wohnstuben, großer Schmertzen in der hufft, auch
957 1442 1893 1553 ein großos, drangen über die Brust beklagte, habe
960 1499 1865 1629 unc alßobald den Herrn Doctor Knecht abholen
952 1552 1880 1688 laßen, welcher dann also bald zu dem mentschen
945 1627 1871 1759 gesagt, ob scheine, sy seye groß Schwanger, welche ob
947 1700 1875 1804 aber gelangnet, vnd gesagt, es fahle Ihro mir das
955 1753 1865 1869 Ihre 8h. Zeiten sich beIhre verstreke, vnd wan
967 1834 1855 1948 selbiges iis wahre könte sic alßobald gesund werd
965 1882 1901 2016 als man aber veraußaltet, Ihre zur ader zu laßen
963 1960 1912 2057 wahre syy ein Großes drangen über die brust an¬
938 2008 1864 2141 komen, also das siy vermanke zuverspringen, vndt
962 2084 1910 2202 eilete auch auß der Stuben der 1n) heimbligkeit
947 2162 1842 2269 zu, alda sih zimblich lang verbliben, also das die
953 2230 1818 2333 andere nobensmags Barbli bruni genandt,
2969 964 3036 1036 10.
2020 1022 3036 1140 von Amsoldingen, Ihre angefangen zuruffen, sy
2059 1096 3066 1207 solle doch bald komen, vnd mit dem oderlaßen mit
2071 1143 3123 1281 so lang warthen laßen, hierauff die Marig Scheller
2064 1226 3123 1368 grantworbet man solle doch noch ein wenig gedult haben
2071 1315 3089 1424 Also das Endlichen die mage Harbl. Bruni ged
2049 1376 3120 1500 don Henserdingen zro angefragen zu kußen vnsn
2062 1450 3072 1583 si solle doch biid kengesenunh den Aderhoßen
2059 1530 3042 1665 Ctso Eng Geehes lesr herang die ada
2042 1635 3105 1748 Gehelher genbrottt sich herby gemacht, vmb zusehen,
2074 1709 3090 1817 wass doch diser Ihrer nebensmagt möchte begehnet sein
2078 1764 3027 1882 vnd hörete etwaß die 5 A) heimbligkeit hin ander
2076 1845 3097 1949 plötschen, gedachte aber an nichts böses, sinthemahlen
2090 1909 3100 2022 sy niemahlen byein ander gelegen oder geschlaffen,
2085 1964 3097 2056 Als nun dihe vnerwwartende vnd botter von der
2058 2038 3049 2159 5n, seintlichkeis zuroek gangen, befandle sich, daß
2096 2116 3061 2220 elbige wir auch all Ihr tritten von bluk besorengk
2078 2187 3059 2291 vnd bekandte denoch nih daß Si alda eines vinds
2078 2253 3077 2380 genesen, vnd selbiger in die N sehr Jahr heimligkeit
