4032 3024
901 990 1805 1123 Als habend E. G. dienere Migl. Herr Großwibel
898 1088 1821 1194 Sturler vnd der Grichtschreiber sich d. 24. f. Jeuer
901 1155 1832 1249 1703. in die Gfangelschafft begeben, vnd den Stryt
907 1205 1855 1310 in besemn H. Landtrogt Guders, H. Hanskodolff von
907 1268 1886 1370 Favels vnd H. Apoticker wazner ecaminirt
911 1333 1885 1434 alda ihme brefftigster maßen zugesprochen worden.
920 1409 1880 1486 deie begangene fähler und diebstahl in aller auff¬
910 1452 1924 1551 richtigkeit mit reuwendem hertzen durch eine auffrichtige
907 1492 1786 1600 bekandtuns Gott und seiner Oberkeit zubekenen
910 1571 1890 1665 Insonderheit weilen er in seinem zuaussen vilen böser
916 1611 1872 1723 haten überzeuget, auch auß besorgender wohlder
916 1672 1868 1778 dienter straff, zu dem End sich Awalthätiger wyß
913 1724 1877 1829 der hottenen ledig gemacht, Als dardurch er gungsam
915 1773 1885 1891 an tag gegeben, an allei waß er angeklagt wordet,
919 1826 1133 1919 schuldig zusein
907 1891 1869 2023 Deßwegen Ihme von Miegl. H. Großweibel vorgehalten
922 1957 1852 2057 worden, ob mit der zu Arberg außgeschwungene dieb,
905 2004 1862 2103 Maritz Schweyer seye sein mit consort gsin, sinthemahlen
916 2065 1901 2181 er Schreger solchs an der Marter auff Ihne Scrizt Jeder
919 2115 1553 2210 heit geständig gewesen vnd vorbliben
850 2184 1880 2305 Inswt: Er wuße auffkam weiß noch weg Jemahlen mit
927 2256 1881 2370 dem Schreyer etwas zu thun gehabt zuhaben, außert daß
2076 988 3121 1117 be mit ihme acht taglanch bey Hl. Comissaire Serck
2090 1073 3152 1169 olffen froschen, vnd darauff wolle er leben vnd
2076 1141 2238 1207 Storben
2001 1151 3193 1288 frag, Ob er nit auch zu Attligen eine kalbeten genommen
2082 1262 3161 1332 vnd zu Burgdorff verkaufft, vnd beiden Statz
2044 1312 2521 1410 Behosen selbst bekent.
2070 1376 3164 1496 tit: deßen seye er auch gantz unschuldig vnd könne gar
2011 1432 2069 1510 A
2092 1467 3175 1556 nit gestendig sein etwaß genommen willweniger d Proso¬
2068 1512 3148 1614 sen bekent zuhaben, worauff disere Zwren Prokosen
2065 1573 3163 1675 also bald replicirten, wie er doch dorffe langnen
2068 1630 3016 1725 ein sach die er ihnen selbst gesagt und bekendt
1999 1711 3128 1832 frag. Ob er dem Claus Sali zu Copelen nit auch ein
2082 1771 2395 1858 schaff genomen.
2014 1861 3083 1959 Autiss. Nein er seye sein lebtag niemahlen an disem
2084 1921 2324 2003 ort gewesen
1996 1962 2071 2084 Ert
2086 1982 3195 2112 Ob er nit auch dem Ihr. haubtman Brantz von Watten
2061 2046 3190 2160 wyyl zu Kheifeldt auffgerißen vnd seinem Comaraden
2057 2115 2768 2217 ein Gute Cassaeque mitgenouen
1978 2164 3169 2297 Auteet: daß er disere Cassaque nit genomen, sondern sein
2047 2241 3105 2372 gesoaan habe siy ihme gelichen zutragen, vnd seye
2041 2316 2629 2416 darmit nach basell gegangen
