4032 3024
890 1050 1864 1167 euthen vorgestellt. Welcher dann nach
892 1141 1822 1231 eigentlicher Betrachtung derselbigen alsobald
877 1186 1867 1289 angezeigt, Er kenne den Einten als Ire Johan¬
886 1263 1901 1335 nes Acheret nit, und habe demselben niemahl
883 1292 1836 1375 nichts Verkaufft noch zugebracht; Aber der
880 1347 1875 1441 Andere (: Nämblich der Gean loscotf seye es
908 1404 1789 1489 dem er alles waß Er für seinen theill von
892 1466 1867 1558 Mött Rahtsh. Tillings Silbergschir vnd sachen
893 1517 1886 1615 intwendt, geben vnd verkaufft, und Eben dieser
891 1581 1807 1673 seyn der Jenige der Ihme Glauser die 7.
891 1630 1884 1726 Erentzler an bezahlung geben, die Er Ihme her¬
905 1681 1844 1779 nach widergebracht. erhielte auch diese seine
902 1737 1840 1830 VßJaag dem Losiot vnd so Wohl vor als nach
905 1790 1874 1882 deßelben genommenem Vßtritt bestündig vnder
899 1869 1021 1940 angen
898 1879 1887 1973 hingegen verneinete der Loseot nit nur dieses
908 1947 1862 2013 alles, sondern betheurete daß Er diesen Mann
912 2001 1900 2065 den tag seines lebens niemahl gesehen weniger
882 2050 1806 2144 Ihme etwas abgekaufft, mit beyfuegen es
889 2122 1834 2200 könte endtlichen wohl seyn, daß mint oder
910 2159 1856 2244 anderer von seinen bedienten gey seinem laden
962 2209 1078 2250 etas
892 2207 1848 2303 Ihme möchte abgekaufft haben, Er für sein Por¬
894 2267 1864 2367 sohn befinde sich die wenigste Zeit zu Sollo-
1725 2335 1840 2413 thuen
3007 958 3111 1051 107
2048 1029 3107 1170 thurn, und wüße solches nit, ohnlangsten seye
2068 1109 3129 1213 hin ein laden diener, der an Status und fleidum
2061 1159 3124 1270 ihme Coscot zimblich gleich gesehen, mit 8. oder
2048 1199 3130 1326 900. Framen werts so Er Ihm entwendt durch
2051 1251 3113 1385 gangen, und habe niemahl eigentlich erfahren
2044 1320 3126 1437 können, VoEr hinkommen, neben dem habe Er
2049 1378 3139 1496 Losiot noch einen Bruder der Ihm gantz ahn¬
2058 1436 3109 1559 lich sey, und sich vielbey ihm auffhalte. Wie
2057 1496 3109 1602 auch ein gewußer Bernhardt barner der
2068 1549 3100 1658 an Statur und Angesicht ihme so gleich sache
2085 1607 3149 1728 daß dieser mann sich an der Persohn gar wohl
2083 1687 2379 1766 wren könne
2122 1725 3058 1839 darauf replicierte der Gläuser, es
2062 1784 3148 1891 könne gar wohl seyn, daß der toscot ihn nicht
2086 1845 3074 1952 mehr kenne, weilen Er nur zweymahl
2073 1887 3127 1984 bey Ihme Im sachen zubracht und verkaufft,
2086 1968 3128 2053 aber Er glauser habe Ihn Zeithar mehrmahlen
2077 2001 3111 2113 gesehen, und im angesicht garwohl betrachte.
2086 2063 3129 2168 es seyn kein ander als dieser, es wäre dann
2076 2113 3098 2211 sach welches Er doch nit glauben könne;) daß
2083 2160 3139 2278 Er einen Bruder hätte, der Ihme so ähnlich sehe,
2086 2219 3120 2316 daß sie von ein anderen nicht zu Vnd erscheiden
2097 2269 3111 2382 waren; wahr sey es, daß dieser Kaufmann
