3024 4032
905 268 1123 395 1650
531 334 1513 609 Entlichen bekent, ds er Vngefahr vor 4
532 410 1520 671 Im wirtshuß zu Vetter kinden eine drn
556 513 1503 710 magt mit unehren beschlaffen, undt sidhe
555 587 1512 780 3 jahren dahar eine gweüße wybs perstehen
550 633 1498 835 geut Grett Könwrenbgern von müsigen
552 718 1484 905 ohne kilchgang nach ime geschleifft und
538 788 1187 934 by ira 2 kind erzüget.
439 904 1498 1144 Nach dem vorgeschribne durch haus selb gehen
531 1029 1505 1214 vergacht von einthrn suldheiß und schäten abgehe
540 1092 1505 1258 worden HAbend selbige erkent, dzs Er Hans
527 1157 1506 1325 halb mit ruten ußgeschmeitztteidtlich ohne gnad
533 1230 1487 1389 von ir g statt und Landen verwisen werden
526 1282 1502 1448 und ein ursched schweren solle. 9 gebrönt und
686 1579 1166 1683 Bartieshälben
830 1654 1008 1763 vrfecht
513 1748 1473 1898 Ioh Hanß halb von Langnome
525 1851 1089 1945 en kundt hiemit
1256 1882 1454 1950 Demman
522 1918 1483 2008 Ich schon hienor anno 1649 in myhrn unnd
521 1967 1503 2052 Oberen gfangenschafft unnd schallen werk
532 2042 1484 2135 ghm unnd ledig gelaßen worden, mir aber
539 2093 1478 2208 soliche gnedige abtraff unnd züchtigung
529 2161 1502 2272 nit mehrers ernnnerlich zu gumnet gfhüert
514 2212 1508 2326 unnd zur versprochner beßerung meines hieüor
1209 2290 1236 2322 1
515 2274 1501 2392 vernebten techtfertigen unrmüschen und diebisch
514 2336 1490 2447 läbwähens gereichen laßen, Den das
525 2397 1491 2543 Ich drüberlin durch nachschleipfung greth
539 2464 1500 2587 onwenbergern, iugryff und entwendung
510 2507 1503 2661 auch understandee öffnung wol nerfrärter
525 2589 1500 2748 ghalden und läden, mich je lenger je mehr
522 2652 1494 2796 in sund und laster (leider) gestürtz
529 2732 1478 2884 darumb ich helde exemplarisch abgestrafft
511 2790 1469 2930 werden wollen. Wylen aber myhrn und
517 2857 1461 3015 oberen nach irer angebohrnen milte und
510 2918 1465 3079 Barmgertzikheit mit myn sonst verwirkten
510 2991 1465 3145 läben gnedig geschenkt und der banden
526 3060 1454 3197 mit eydelicher verwysung dero stelt unnd
508 3128 1440 3267 landen ledig gelaßen. Alß geloben
483 3170 1445 3335 unnd versprlichen ich hienir, das ich fürthir
2624 293 2674 371 8
2246 336 2426 427 1681.
1937 382 2157 494 1650.
1763 403 2691 591 nichr unnd oberen Coplisher stadt uern
1729 486 2714 657 stettl unnd landt, nit weiters durchwanden.
1728 537 2684 711 betrelden und berüeren sol nach wil, da
1718 613 2670 789 Im widrigen fahl sy nir zu bekennender
1734 662 2701 824 woluerdienter straf ohne gnad das läben
1750 758 2711 913 nemmen und mich hinrichten laßen mögen
1721 803 2723 974 hrr trafft diß ursecht durch loch gedacht
1717 877 2710 1053 Ir g iener den grichtschryber under
1706 938 2711 1134 gschriben sambstags 21. decembris 1650.
1865 1209 2306 1356 Lathiy Wyß.
1671 1317 2668 1486 Biewoll disere Cathey Wyß deß zu matt
1715 1404 2674 1545 stetten pürtigen hinder Munchi Buchßi in der
1727 1470 2724 1608 fr Kilchbergerin matten säßhafften bendicht
1710 1563 2716 1675 Rütligers fr vff hatt durch die ehrenne 7h.
1690 1610 2655 1751 hrr bendicht Marti deß kleinen und hrn
1709 1674 2733 1810 Rudolff Rhätzer deß großen rhats, is besyg
1730 1758 2739 1876 furers deß weibels ernstwörtig examiniert
1742 1839 2644 1929 worden, hat sie jedoch vber deß Sen
1723 1900 2667 2023 vogts zu Buchßi bericht-schreiben mit
1731 1972 2691 2082 bekennen wollen, sonders ist beständig by
1713 2036 2637 2152 der dem hrn vogt gethanen Bekantnus
1700 2103 2685 2207 verbliben. namlich, sy sye war by vnd
1730 2182 2651 2298 mit gsig, alß ir jetzund füüchtig wordene
2560 2250 2701 2348 Holz
1733 2239 2553 2355 annoch unnerehrlichte schwöster im
1712 2306 2619 2437 die drinn gefundenen Vorderen wagen
1715 2395 2716 2508 zerschlagen, Vnd das ysenwerck daruon ge¬
1734 2469 2652 2584 nommen, aber grastahts abgewehrt, so
1733 2540 2616 2648 aber mit verfangen, undt alß bemelte
1721 2603 2654 2721 ire schwöster solches heimtragen, haben
1720 2678 2666 2781 sie gfangne uff ir annuten sölches Hans
1702 2741 2672 2856 Cöser dem Potten, Vmb 2. f. verkaufft
1725 2810 2662 2922 und das gelt so ira darnon worden, dem
1718 2876 2586 3008 hrr vogt deßen der wag gsin nidergeben
1701 2953 2634 3078 Vmb das durch den hrn Vogt geklagte, In
1731 3020 2710 3140 nechst verschinnem herpst verlohrne zug, vndt
1717 3086 2625 3200 kleider, wüße sie nüt könne also nit an.
1713 3151 2659 3267 zeg wie begert worden war sölches thon
1722 3204 2707 3346 und entfrömbdet habe Dd 3. febr 168
1676 3300 2335 3433 Ist vff ein Casue ledig gelaßen.
