3024 4032
721 201 1313 411 in r v
606 264 1339 479 gelid etan
610 316 760 423 d
770 366 1314 543 bite
588 385 1384 620 en gen
592 464 1428 711 nd ne
578 536 1330 723 aber er nit namhafft nach wollen
591 617 1236 779 wuedind, die ehoffentlich
1290 691 1402 768 i
541 671 1416 827 das man hüffig ob ihme gelegn. s d
569 750 1350 935 fahl aber tröste er sich mihhern sezin
1225 792 1426 882 s aen.
561 812 1463 1022 bätte er gott eaß die bwunden und
572 888 1465 1103 gantze adrliche fründscht umb grad u
563 950 1418 1171 geichung. A s hali 65
619 1158 1449 1421 Annegia ans
656 1273 1281 1433 und Barbli Wäber.
493 1365 1406 1560 Den 8ten julii 1652 sind durch mynen leche
456 1417 1448 1631 Herren hro Geörg Thorman deß kling v
519 1523 1449 1704 Der Großw von Wattenweil und hr gaultag
514 1593 1422 1759 Bubeiel Wyß daß großen khats, die daß vor
510 1675 1423 1822 vergangnen tags gfeng klich von frauwe
505 1738 1425 1893 brunnen allhar geführtet der Hexery
520 1813 1431 1947 tigen alte Anne Gysiger Aini Bichsel und
498 1883 1428 2037 Barbli Wäber von Limpach un der gefagen
505 1956 1394 2085 schafft ernstwörtig ex aminiert worden,
488 2014 1415 2152 Die habend aber diser keklagen halber
507 2096 1431 2215 gantz unschuldig sein wöllen. zwar beket
466 2164 1433 2293 das nun ein gute zeit doh är vill roß und
494 2248 1424 2371 aych druf gangen, deßen sie bichsel und
473 2325 1421 2433 Wäberin auchselbs nit ein wenig empfent
460 2397 1409 2523 Sy wüßind aber denselbig iitit ze thu.
424 2482 1401 2597 Dedoch hat Anni Gysigr, so sonst zu Biberich
409 2548 1356 2670 In den hochen grichten deheinen, Bekent
450 2622 1372 2745 ichdem sie vor ungefahr 3 oder 4 wend
458 2683 1381 2816 Im soltz irem keißli gehüret und dasy
498 2741 1390 2905 ntschlaffen, Habe sie in dem schlaff mit
497 2827 1413 2977 in bösen grist (gott behüte uns) genei
445 2906 1387 3055 schafft gehabt, und nach dem sie drüber er
454 2962 1407 3121 wachet uf gestanden, sye sie ein großes zitte
485 3041 1378 3192 ud schreiben, darüber sie dise action abge
438 3090 1398 3251 nommen angangen und iro von einem
417 3161 1389 3373 stalt eines junig gsellen, gelt anerbotten, w
2558 270 2655 355 56.
1610 322 2605 495 welches sie grobe veten seig beduunckt, Sie habe
1642 414 2613 544 aerselbiges nit empfachen w�llen, sonder abge
1642 451 2584 618 schlagen und gesagt, wan sie schon nit vill
1628 505 2683 665 habe. So habe sie doch gnugs daruf sich gesagnet
1644 591 2584 695 unddof angerüfft, über wöllhes diser
1616 633 2565 781 junge gsell verschwanden. Sonsteg sye jra
1602 693 2661 837 dergleich des tag ires läbens niemahl nehre
1604 757 2602 889 eindfahren. Resorge und erachte aber ire
1628 828 2631 955 sohnsfrouw, die by ira im huß sye, habe
1611 898 2629 1016 sölch sbel über sie mit irem fllichen undt
1618 954 2649 1077 wünschen deß unflats gebracht undt gezogen
1598 1025 2629 1122 Wyders aber habe der böse mit fra nit geredt
1579 1100 2631 1203 draauchmit geben noch benolhen, Sie habe
1589 1152 2603 1286 sich imme auch mit ergeben, auch liemant nit
1613 1237 1802 1333 ederbt.
1591 1304 2667 1428 Dise  verdechtigen unholden sind in die wyber
1600 1377 2638 1482 Sammeren im schällenhuß erknt, das sie daselbst
1636 1432 2625 1544 söllind yngesperdt enthalten werden, biß insa ge
1629 1485 2592 1595 spüren mag, ob der schaden deß fallenden vycht
1608 1546 2633 1672 zu kimpach ufhören oder ungebcht irer abhant
1631 1612 2646 1717 betrimlen werde. Damit demnach weiters nach
1640 1677 2559 1792 beschaffenheit, wider sie möge procedieit und
1711 1863 2478 2002 Babiiel Hüntisberger
1949 1961 2039 2035 und
1748 1998 2460 2134 Cothry Schaffnauwer.
1845 2100 2397 2200 Ehelüth vorbemelt.
1532 2197 2533 2335 Wiewal beide in gleichem vorbeschribnen
1624 2292 2569 2387 fähler begriffen, so hat doch mir den
1624 2351 2611 2455 Mam Güntisperger uf hatt deß senckers
1633 2409 2635 2517 mahl genoßen, Wyß die fr cathry Schaffti
1642 2463 2610 2552 nauwer kranck oder kranche geschriben, daß
1652 2560 2629 2627 also wider sie nit hatte also können pracker
1655 2600 2601 2722 werden. Nach dem aber mghn s  u
1625 2668 2547 2784 B. Ir verbrechen beiderseits (wyß es anein
1646 2726 2560 2838 anderen langet) angehört habend
1640 2793 2573 2918 sy gegen inen beiden zu disen großen gnad
1649 2864 2575 2962 deren man sonst wenig erwordet) gewigt
1640 2927 2595 3026 inen beiden das läben geschenckt und erkent
1617 2991 2560 3072 das sie beide söllind 3 stund lang ans falsy
1651 3042 2580 3152 gestelt und (hernach meig mit dem eidt verbaten
1639 3107 2362 3207 nissieirt werden von stett und landen
1619 3171 2309 3287 adn zinstag den n juli 1602.
1627 3227 2452 3357 istf gemelten 6tag tag ist düntispergen
