3024 4032
698 243 1179 452 Wedtschaffn
595 317 1417 596 d t
540 402 1458 665 vre gag agen
441 442 1443 708 unthuolgende Kundtschafften verhördt ward
498 551 1480 882 deneen
457 639 1433 911 Die hat byderen guten trewen hügeten
516 701 1461 969 Nachdem sie uf sambstag den 24. august
531 781 1458 1024 nechsthin in eine gwüße, nechst by dem holtz
518 827 1476 1081 zu pfaurren under der straß gelegne main
528 904 1479 1141 gangen, der menung den zuhn dasellst
511 962 1479 1182 zuuerbeßeren und die licken zuermach
514 1029 1488 1256 da seye sie von einem gwüßen mann mite
520 1093 1472 1323 einer kruken, welcher jetundt zu Wisl
499 1146 1468 1377 spurgzu gefangen vernolget worden.
500 1216 1457 1423 In maßen sie usforcht und schreiken
529 1301 1467 1480 gesucht imme zu entflrachen. Wylen aber
519 1346 1470 1540 sie by einem Grebli gefallen, alß seyer
527 1427 1457 1589 uf sie getrungen und habe us synem bbysich
526 1496 1471 1661 gehabten lädersack in groß meser sheffer
537 1570 1450 1697 gezogen, So im sie söliches und das er nach
527 1626 1465 1750 ein stein in selbigen gehabt gesechen, habe
514 1692 1478 1825 sie inne bin bart ergriffen und angfekt
511 1757 1173 1856 umb hoff zurüeffen.
1187 1788 1439 1879 Darnfhi als
517 1830 1466 1939 Bald Caspar Drugs sel verlaßne wieren.
509 1892 1442 1994 unnd daniel merte von Pfauwen hinzu
501 1944 1447 2049 gelassen, Darüber sich diser böswichte
516 2006 1445 2116 mit seiner ternken gegen holtz daselbste
503 2069 1448 2184 flüchtig gemacht und den grunen daselbst
490 2142 1426 2249 2e mit seinem unraht verwüestet unnd
493 2203 1435 2318 volgendts sich uf etlicher persohnen dur
494 2261 1440 2376 passieren gar geschicklich und ohne krüke
276 2328 1442 2485 flüchtig das halte hinuf geflagen. Imfahl aber
512 2392 1433 2527 gedeüte hilff ira nit zu kommen werden.
507 2457 1435 2563 hette sie anderst nit darfür gehalten
501 2511 1440 2661 alß daß er sie wirde erwüedet haben.
462 2657 1417 2807 Jenne Züget der teütsche metzger zu
516 2727 1436 2834 oster der ambteyung wifflispur
475 2781 1435 2921 Nachdem er ungefahrlich zu obnerente
484 2838 1433 2994 hyt eines gwüsen tags abendts nacher
470 2896 1440 3068 murten gangen und disen gefangnen
478 2949 1439 3130 So drey unanzündet vertzen in der han
472 3002 1430 3240 gehabt, nach by der casppellen oder zien
491 3083 1430 3272 angetroffen und inne gefragt, was es
472 3134 1438 3341 alda mit disen kerthen mache habe
465 3183 1426 3424 imme geantwortet, er opfere daselbe
2611 345 2686 435 60
1674 395 2684 540 für die daselbstligenden thadtnen Burgunder
1677 475 2618 588 seine vorelteren. unnd alß er zug nechste
1678 531 2634 636 am morgens hernach widerumb dadurch
1673 586 2656 698 gangen, habe er imne nach alda bin Bey
1653 630 2631 779 huß funden, vnd wylen er die angedenten
1662 675 2659 815 kerthen nit mehr gehabt, gfragt, wo er mit
1658 732 2691 869 denselben hinvomen sye. Und worumb er sich
1659 801 2695 920 so lang alda ufhalte. Habe er drüber imme
1664 862 2693 995 b�sen bscheidt geben, imme troüwt und gmeldet
1652 934 2682 1051 Einfahl er sich nit fort mach werde, so welle
1657 989 2670 1088 er imme ettwas übels zu statten, wöliches
2428 1048 2691 1132 Bübrigen
1635 1059 2349 1166 Ine verursachet vortzugehen.
1650 1111 2663 1205 aber hatt ermelter Metzger alhie dem
1628 1147 2697 1293 Irn Großweybel von Wottenwyl vermeldet
1651 1226 2650 1333 wie daß der gfangne damahlen gegen zur
1651 1280 2677 1416 geschlagen, drüber gepfiffen, vnd Imme ange-
1628 1342 2662 1471 ghalten eine donblonen, so er verlohren habe
1644 1401 2676 1519 helffen gesuchen, seines vermütens zu disen
1656 1468 2674 1575 end daß er inne im düken einen streich geben
1648 1534 2673 1654 boüw desto fhüeglicher zu seinem bösen vor
1641 1591 2685 1725 satz und morderischem begunen zu gelangen.
1696 1747 2244 1860 Adrian Besancon
1914 1833 2182 1924 vorgemelt.
1582 1902 2625 2042 Alß den 27. octob 1652 der nun lang ter
1629 1990 2632 2084 haffte bösßericht Adrian Besanson nochmahlen
1624 2049 2645 2165 In den gewohnten strecke thurn geführt, gegen
1596 2104 2593 2210 Hans Jacob Hauß einem tütschen metzger von
1628 2170 2642 2289 oster und tagles cornar fre von Pfauwen
1631 2225 2603 2360 wegen deß wider sy verübten morderischen
1628 2296 2631 2400 attentats confrontiert, vnd drüber an die
1606 2364 2607 2466 Marter geschlagen worden hatt er in
1623 2429 2662 2535 bysyn und gegenwürtigkeit der edlen ehren
1606 2490 2573 2609 Vesterpherren, Hez Abrahams Am Por
1610 2569 2623 2646 deß kleinen, jr Großweibelsvon Watten.
1625 2630 2578 2746 weil und jr Abrahans von Erlach deß
1618 2696 2645 2802 großen khat, auch etlicher ir g weiblen mit
1612 2764 2627 2879 und ohne marter bekenst, bestättiget und
1621 2834 1833 2924 erhalten.
1600 2886 2602 3009 erstlich habe er by der kirmen Brügg Solo.
1621 2969 2587 3070 sheuener gebiets, do er noch jung ware, mit
1602 3017 2577 3127 hilff eines synes gespanen, so sich zekan ge¬
1619 3054 2621 3177 namset, eine schwangere bättler frauw erst.
1612 3139 2553 3243 lich zu todt geschlagen, hernach ufgeschritte
1616 3186 2611 3313 und dem kind das rechte händle abgehancen,
