3024 4032
652 115 1236 334 ud ge
717 187 1183 404 absel sa
1452 388 1564 495 5ß
628 321 1528 646 enenen
635 419 894 525 verkaufft.
665 489 1052 639 Ptschisfing.
663 569 1170 729 1. Kleinad vndt der
639 631 1161 825 Rrttenstin ser
1454 794 1548 899 3
616 810 1459 1026 einen kauffherrn zu Burdach gegen
659 885 1477 1082 einem großen laderlyb, der nach
637 957 1504 1186 deßelben fürgeben im 5 duben geben
660 1023 1517 1212 wollen, kind jetzend zu Biel hinde
667 1118 1505 1310 einem gwißen namens dunid, deßen
632 1173 1527 1342 hren eine kappen und sut kränen
624 1230 1252 1378 sye ligge vertuschet.
626 1329 1486 1495 e ring. Deren der einte wyß der
636 1412 1416 1588 ander aber blauw und groß gsi.
575 1514 1528 1745 sachen so noch vorhanden und widerzegelen
609 1621 1270 1757 Silberig kofel 5 der 6.
631 1717 945 1854 1 Hutschnur.
621 1811 1395 1973 dr slberne hebreische pfennig.
602 1910 913 2028 Die Corallin
595 2003 1227 2132 Die 2 brunffelsteinen.
605 2084 867 2194 sigel
620 2158 1501 2304 in mit silben beschlagne armbender synes
625 2238 1325 2377 Dmeinens von Möntschen gut.
506 2375 1525 2523 Am übrigen dann habe der ir von Wattenrin
570 2469 1515 2577 widerumb empfangen 2 gutbinden.
584 2536 1489 2673 vnd 1 Loffel. Neben dem dz er den
550 2618 1479 2761 Luthe so zume zu Basel abgehalt, geben
578 2714 825 2814 1. Ducati
508 2793 1461 2968 Wiewol dannethin er fürgeben, daß er
538 2843 1511 3040 das ußgebee gelt in krieg eroberet und
560 2932 1484 3105 ime vrtrechßel vervolget werde, sye
545 3013 1506 3202 jedoch diß mit, sonder nur zu Gerbergung
531 3108 1374 3276 dises diebstals verdacht beschechen.
397 3189 1511 3481 Im übrigen dann verbleibt, der ir sigundt von
563 3277 1477 3476 weil verlürstig undt klaghafft, wie seine eige
548 3400 1059 3595 shlif we es mist
497 3403 1439 3678 ergeing
760 3363 1523 3665 geee a e
2705 191 2795 264 2
1636 302 2729 538 Im Übrigen dann antreffend die Imme ange¬
1715 356 2735 547 muteten Burgrachts, vnd ande Brieffen,
1650 429 2786 656 Habe er derselben keine genomen. Daby aber
1721 472 2753 673 angezeigt, daß das schnydli zu Nydanwe
1684 553 2696 756 so zu Beiren jetund gfangen syn solle, inne
1671 620 2761 838 verwarnet, das er sich dßem staubmache
1691 709 2640 882 wo nit, werde uff inme griffen werden.
1624 826 2725 1015 eendtlich dann bittet er gantz trungenlich
1687 886 2701 1093 umb verzeichung und gnad, sonderlich
1680 970 2736 1144 umb seiner 4 vuerzognen knden will.
1685 1011 2755 1230 mit anerbietung dee diebstal nüglig
1629 1201 1938 1361 Herschl.
1635 1199 2717 1393 Ist i mahl lähr und in mahl mit dem hel
1606 1332 2164 1481 Item huff zagen worden.
1763 1452 2278 1567 Dietrich Byeler
1873 1510 2332 1641 von Schwartzenburg
1601 1645 2715 1793 Nachdem vor etwas wenig tagen Dietrich
1675 1750 2661 1863 Byeler im 65 jähriger unehrlich von Peter
1659 1840 2748 1945 Syelen erzügeter sorber ußem Guggispg
1691 1893 2759 2043 md Schwarzenburg zu Gasel Jorinen gwüßen
1660 1984 2773 2097 Spychen yubrochen, vnd drob vrgriffen volgents
1690 2057 2725 2162 alhar geführt, vnd den 20. feb. 1673. In
1669 2116 2732 2245 dem geohnten streckethurn ernstwörtig
1680 2188 2692 2318 by betröürung, vnd ohne angewendte
1691 2263 2801 2394 marter durch die ehrmuest h hro thnodor
1647 2345 2768 2485 morloth er gas mittrhat und den irn groß
1677 2398 2716 2570 und hrr alt spittalmt Lerber deß großen
1669 2473 2698 2650 rhats examiniert worden, hat en frey.
1690 2548 2402 2677 willig viächen und bekent,
1663 2608 2700 2799 Erstlich, daß er alß ein vehlicher gar In
1676 2704 2728 2875 zarter jugend von seinen elteren verschickt,
1685 2777 2749 2933 und ohne einihe ande handreichungg ver-
1686 2842 2778 3034 laßen werden. Also daß by seiner verehlich.
1693 2931 2775 3113 ag er nirgend wo hußheblich sitzen können.
1657 2986 2716 3177 sonders allezeit im land umbher züchen
1676 3057 2658 3239 müßen, so sich In 30 jahr erstrecke,
1646 3102 2693 3303 gntert wölffen er 10 unnd erzilet undt
1678 3205 2693 3367 nach by 5 vn läben habe. Doch lediger weiß
1670 3250 2696 3482 hin und her uff alshen redlich und ohne klag
1661 3319 1872 3413 gedinet.
