3024 4032
838 159 1424 389 Elbt Bunen
620 187 1359 436 Natten Ieten gen
630 314 1524 530 Klein Jaggi ist seinem dirnen Elßbeth
667 349 1504 587 Büntig von münsigen, eines starcken im
656 424 1508 630 lybs, auch im thlrn ohne marter nn
644 491 1504 694 fragt worden. Die hat darüber in
668 550 1519 758 anolehrengemelter herren, nemend
679 615 1027 740 kent. Eistlich
669 679 1529 884 daß zwar sie sidt 3 jahren mit gesagten
665 735 1574 958 kebem Jagg alß sein ehefr im landtde
673 811 1560 993 her und den sallmuteg ohne eünhe arbeigen
686 892 1572 1071 nachgezügen, sy habind aber die ein anden
652 920 1594 1134 versprochne ehe darumb nit formbklich vol
691 1003 1584 1188 leichen können, wyß man sie wegen wider wer
637 1028 1558 1244 Itig religion weder im epstumb nach
671 1120 1562 1333 an autherischen ortten zusamen geben wälen.
672 1206 1549 1380 Deme Sye sie war by dem zu Affolteren
680 1294 1552 1444 richteten diebstal nit, sonder domahl
667 1362 1579 1510 Thun gsin, ir vermeinter mann und vider
650 1433 1537 1575 zugenen aber ggind hinuf zu fra kommen,
673 1489 1557 1628 und habind fra sölchen vermeldet undtei
676 1569 1542 1719 steckt und zwar die zugenen zu ersten
659 1656 1562 1760 und hernach ir mann, welch ira daruon
707 1701 1497 1844 26 t geben, so nach verhanden sygind
673 1769 1533 1890 disen und andere diebstal habe sie sra
673 1835 1562 1965 lider belieben laßen und selbige helffen
671 1902 1584 2017 nießen und bruck: Doch aber kein anderget
675 1964 1313 2095 alß bemelte 20t gesethen.
625 2086 1575 2198 Im vbrigen denn habe gedachter Fleisagg
651 2146 1422 2259 ira vscheinen sommers zubacht
646 2199 1562 2301 einen mantel, darus sie irem kind das
657 2272 1423 2391 Röckli gemacht, so es nach trage.
658 2330 1416 2442 semner etlich ellen beim gut tuch.
631 2391 1551 2527 Etlichelln flüchßigs bleickts und wers
661 2478 984 2574 rystigs tuh.
607 2523 1413 2641 unnd i silbernen gül Büch
620 2584 1540 2717 Sie aller habe selbs weine diebstähl verkaht
651 2634 1558 2776 nach verbringen helaffen, sich auch in unkesh
647 2710 1546 2866 heit socst nit weiters vertrabet. umb
614 2774 1571 2940 Diß alles bittet sie f ß gantz trüngenlich
586 2858 1581 3004 umb verzeichung. Aolot supra fot u
604 2958 840 3088 Denti.
1607 3265 1772 3377 r
1619 3339 1745 3445 s
1604 3420 1760 3520 bekennen.
2689 220 2769 311 68
1858 320 2317 494 Jaggi Stoffes.
1718 389 2750 630 Uiwol Jaggi Stoffel nüt übervorge ihrie
1787 497 2716 646 ones bekennen wollen, vnd furgeben, das er sein
1774 534 2738 726 sert gerumbt, Sat Jedoch dem ersachen vndt
1794 599 2735 784 einer dirnen bekortnus ga nach, sich das
1740 649 2748 846 ase gegenteil befunden, ist derowegen u
1743 712 2746 929 Den 27. Nr. 1652. widerumb In den t Jurn
1783 818 2758 985 geführt und ernstwörtig durch wolehren.
1755 857 2781 1046 gemelten gro Zechender E g mitraht, Irn
1735 927 2791 1093 Goßweibel und ihrs Joh Holtzer deß großen
1777 989 2800 1176 Rhats examiniert und alß er nit bekennt
1785 1072 2812 1212 wollen, seine dirnen alß anklegeren zwar
1787 1143 2802 1277 auch beschickt, aber gegen ime nit confion.
1800 1208 2760 1333 hert soaders allein, das er sie sichen möge
1779 1268 2790 1404 Vndt Hoffgestelt worden, Daruf er
1768 1336 2620 1477 dn conformitlt der anklag bekant.
1768 1441 2802 1560 daß er Hans Zürcher ußem nideren füttenbach
1764 1499 2773 1615 des landtvogter Trachselwaldt, nachdem
1785 1532 2817 1680 er Inne nachts den Schlußel vßen wahhemlc
1788 1611 2830 1715 genommen uß einem wag mit hilff der gfangnen
1779 1660 2733 1773 hugenen in nechst vergangnen sonder
2558 1714 2741 1785 25 f.
1802 1727 2390 1845 entfrömlidet an geldt
1772 1801 2220 1932 Item einen mantel.
2547 1888 2817 1983 100  rll.
1776 1886 2332 2019 rouws rysigs tuch
1793 1982 2331 2099 flechsigs bleikts tuch
2563 2010 2796 2096 40 ell.
1769 2076 2157 2202 Brun guttich
2608 2128 2823 2243 6 xll.
1793 2182 2797 2301 lise stuk habindt sy mit einanderen
1771 2265 2757 2364 zu glychem theilt und habe er uß
1786 2310 2762 2429 synem theil ryßigen tuch uß einer ell
1796 2377 2108 2477 b. Er erlöst.
1727 2444 2687 2574 Seinen Veil von dem Brunen duch habe
2691 2479 2802 2559 er
1800 2522 2814 2652 in Gurdtners hus ufem was zugehalt,
1786 2584 1940 2678 geben.
1811 2629 2844 2745 kenne habinde Sy noch daselbst erwütsche
1796 2741 2819 2825 einen vergulten Becher. von welches
1801 2781 2803 2880 wegen er der sugenen zu ihrem theil
1796 2836 2827 2933 1. l. ge vnd den Becher der fan vf der
1778 2891 2671 3013 Wislen by worb zegehalten geben.
1748 2964 2843 3098 Imitte deßdorffs mit hilffkratt StarhEschien sonnen
1737 3028 2772 3147 Denee habe ernoch zu Aiggisperg ein ancken.
1776 3093 2752 3206 hübel entfrömbdet, vnd denselben vff das
1789 3145 2768 3279 Mosgetragen, welchen aucken er daselbst
1767 3211 2782 3349 verbucht, deß die gefangne Madle sugenen
1789 3253 2071 3346 auch genossen
1768 3312 2854 3495 verautermelter knttendtagzag sohn, daß einem uß einer
1767 3377 2859 3556 stuben getragen trag für seinen teil 5r undt i debor
1789 3442 2827 3603 nen bächer entfrömbtet uud den salben uff dittiken
1795 3482 2824 3657 geha gegen zu
