3024 4032
862 222 1382 443 Bet 2
874 329 1282 478 Bändichls sahn
606 414 1578 716 sln ge enegen
648 518 1562 756 gehabt den droben verhafften vmb verdacht
633 593 1553 804 vnchristenlicher thadt willen von Vechingen
645 645 1571 875 und seffing gwarsamlich alhar gebrachten
633 705 1581 933 Peter Luutschi, daselbt purtig, vmb ange¬
629 802 1575 994 gezig, ernstwortig zebefragen, vnd darff
650 844 1578 1060 gedüten beuelch Zinstags den 23. novemb
631 927 1581 1135 1682 mit zuthun und gegenwürtig keide
627 1000 1564 1187 hrn alt spitalnas Lerbers und herr Amas
609 1075 1592 1274 Sturbers auch etlichs ir g weyblen vrrchen
609 1143 1580 1321 Der hat nun uf gebürliches fürhalten, behe
627 1214 1567 1387 daß die sach in warheidt nachvolgender
633 1285 1569 1458 sich verloffen und zugetragen. Namblich
591 1385 1564 1579 Nach dem vor Jahren im Augusto die
612 1482 1565 1644 eantenbiren ryf gsin, habe er sich zu eing
612 1557 1563 1711 gwüßen kanten birkonen, so in einer gaßen
617 1616 1536 1746 vssent Seffigen stadt begeben, allein deß
619 1701 1555 1834 vorhabens von selbigen biren zeeßet, Als
626 1762 1553 1885 aber er dahin komen, sye zwar er in eie
611 1842 1553 1961 bose unnatürliche anfächtung sich mit einem
617 1904 1546 2013 bscheggechtigen, Hannß Gurtners auch von
623 1966 1573 2090 defftigen gewaßnet songfüle rev sohne
626 2039 1560 2158 einiehen weder von hören noch sachen, zuonde
613 2114 1551 2215 gehabten anlaß zeuergehen Er habe aber
621 2169 1567 2288 Die shadt sälbs nit verbracht, wylen, daß ün
637 2234 1564 2377 nit still halten wollen undt darzuo gemäldt
615 2300 1555 2423 Gurtners magk (so die roßsuch sölle
624 2369 1549 2499 uff ir ankunfft dros verhinderet und jee
606 2429 1561 2581 Gott sunderbar von sölcher abschüchlicher that
596 2549 826 2636 bewaret.
564 2552 1544 2743 At sye aber imme söliches von herheo leidt mt
597 2647 1524 2805 begere sich fürskünffig, vor dergleichen
595 2696 1554 2855 fentationen und schwareg sündes mit gotts
598 2759 1545 2934 hilf zeuerhütten undt pferig umb derselbet
604 2813 1551 3007 abwändung zur gott dem herren zerüfft.
501 3035 1517 3230 sieß diser Peter Lutetschi die realitet nit bekennen
582 3102 1524 3259 wollen unnd niemandts solche uff inne erwisen
569 3127 1536 3337 können, Ist er uff abtrag eostens, vnd beschehe
556 3202 1505 3383 verwarnung von meinem hochehrenden herrten
557 3305 1427 3473 futichio alhie, ledig gelaßen worden
2714 320 2788 398 65.
1924 392 2399 515 Jacob Srich
1918 477 2340 564 zwar Burger alhie.
1773 534 2758 671 Diewol Jacob Ulrich sunst der kastorener
1730 593 2806 738 such von ungefahr- 18 jaren als neben synem
1755 656 2803 790 abgestorbnen elter gewäßnen bruder von übel
1748 702 2766 841 verhaltens wägen underschidenliche linde und
1752 761 2769 921 herpfere züchtigungen und sunderlich auch
1751 789 2822 946 mit dem schallenwärck empfangen dardurch
1733 879 2767 1019 ihrg verhofft sy zur ghorsame unndt redi
1760 930 2796 1050 licher arbeidt zeuermogen, auch zur selbigen
1748 975 2749 1108 endt sy zur handtwerekes verdinget. Ist
1745 1054 2770 1188 jedoch alleß untruchtbarlich abgangen, ger
1749 1109 2803 1248 jetige gfangne vom meister ußgerißen undt
1749 1168 2760 1289 also by der arbeidt nit gestehen mög. Daruß
1745 1231 2809 1354 dann der müßig gang und auß demselben alß
1743 1296 2778 1417 deß leidiges lnfels haupteüße viler bey
1725 1364 2772 1489 unthatten und sunden erwachsen, und er folget
1740 1431 2716 1542 wie dan nachgeschribne syne bekandtnuß
1756 1493 2807 1578 nit mererem ußwys, welche er gethan zim
1756 1547 2796 1644 tags den 23. novembr 1652 zn bysein my
1743 1608 2807 1721 hochgeehrtes herren hr umbgälter mül
1726 1680 2770 1786 lerßt, ir gu meitraht Hrr. Aman Stürlers
1729 1742 2736 1873 und hrr. samuel Bundens, auch etlicher
1724 1823 1923 1905 weyblen.
1694 1959 2772 2084 AAlß er gefragt worden, ob er könne schryben
1729 2042 2760 2159 vndt besen, bötten, wwilchen, vnd Zrinderler
1730 2113 2736 2218 gange. Hat er drüber geandtwortet, daß
1720 2177 2754 2277 zwar erbätten könne und schlecht zu tir
1739 2240 2739 2341 chen gangen Aber wiewol er by labzeiten
1740 2298 2746 2405 eins vatterß vier jahr alhie hler gange
1724 2360 2680 2470 So könne er doch wederschryben noch laßen
1727 2406 2773 2519 sunder habeß alles nach dem wegzug syneß
1730 2477 2749 2609 vatters in franwenrych vergesen, vndt syn
1727 2549 2768 2663 nüt wyderß gler, auch nemalen in einihe
1722 2615 2738 2737 kinderler gangen. Jedoch habe sein mutter
1715 2692 2440 2808 inne allezeit auff guts gewisen.
1681 2776 2753 2934 Demnach alß sein mutter in der gärberen grübzen
1718 2863 2680 2964 gnohußzogen vndt mit dem domahlen zur
1727 2926 2743 3020 seel angehebten rtächtshandel nühit gemmen.
1718 2989 2692 3074 können undt deßwäg hungerlyder müßen
1709 3038 2729 3144 habe ein gwüßer so sich fülli genampt umd
1712 3097 2715 3214 gehundt zu Straßburg ufhaltet, inne undt
1721 3163 2682 3260 ein Bruder sel glerdt laß eines abmachen,
1705 3212 2707 3343 Darmit sy zwar etwaß gäldts genunnen, aber
