3024 4032
774 183 1422 402 Aagui Stosls set
779 267 1467 499 vnd een
912 365 1156 470 aggi gnt
681 456 962 571 vgeführ
668 401 1538 648 auch dem Jaggn Stoffel sonst geab lein vr
668 531 1540 750 dig von dem jetzund verderbten dorf
1193 542 1584 718 ge
679 594 1555 813 eine stund von Brysach von der annoch alhie
670 641 1582 871 hafften, zwar zum ußschmeitzen und genhne
655 702 1588 932 bereits condanmierten Diebin Madlena Ei¬
668 772 1572 1001 genen angeben, vnd anklagt worden, das
659 847 1570 1050 fra underscheidenliche, sonderlich aber den
643 912 1593 1121 dem weibel zu affolteren gethanen diebstaß
641 974 1573 1176 habe verbringen helffen. Ist drüber hin aff
648 1045 1508 1198 jnne und andere angebne mitpfichtige
641 1105 1561 1290 geachtet, under Jaggi Stoffel und sein nac
650 1170 1587 1373 geschleiffte dirnen Elßbeth Brmnnerin zu Erke
448 1243 1575 1414 volckuing ergriffen, gfengklich alhar geführt und
651 1304 1567 1464 dienach den 25. nov 1652 mit zemmlich
653 1392 1533 1530 marten, luth benelchs examiniert worden.
633 1442 1542 1619 Der hat nun is gegenwürtig mit der edle
606 1501 1525 1649 ehrenunsten etc. meiner hchehrenden herren
650 1567 1588 1734 H Margnart Bechenders es g mittrahts
641 1639 1545 1758 Ir Großweibels von Wattenweil und
630 1691 1555 1856 hr Jacob Tribolets auch etlich weillen
628 1760 1076 1863 jächen und bekant.
634 1836 1567 1975 eastlich sye zwar er schon vor 3 jahren zu
611 1911 1536 2026 Burgdorff In banden gsin, Aber allein von
622 1986 1540 2090 Argwohns gwüßen verlohrnen zugs weg
622 2035 1549 2151 und keiner ralitet und gwüßheit wegen
616 2106 1580 2216 Da e beuor er mit schlyffsteinen im kandt
597 2174 1573 2270 umbhergegagen, vnd darnach die gemelte
626 2234 1542 2348 Elßbeth Brüenerin ohne kilchen-recht, als
634 2306 1548 2389 were sie syn frauw gebrucht, ohne arbeit
623 2361 1551 2483 alhie im müßiggang und bättel uebhe
613 2429 1549 2570 geschlaifft, und 22 kunder bÿ Jra ergegt.
607 2539 1572 2679 Dene habe er mit hilff ermelter gefangen
537 2622 1364 2756 zugenen, entfrombdet, Namlich
571 2698 1546 2842 Durzeit nechst vergangnen heüerets uß an
589 2751 1546 2898 ß und anwesung eines gwüßen in kant
595 2818 1576 2957 umbherstreichenden frömbden, imme deß nemen
588 2881 1573 3042 unbekanten klasers, Sye er nachts dem We
593 2947 1570 3094 bel zu afholteren ynbrochen, deme er den Schuß
613 3005 1555 3193 al zu seinen buffet in der nebend stuben
588 3085 1578 3247 bywy er geschlaffen uß dem 2. choppen genommen.
585 3135 1571 3329 daßelb darmit geöffnet und vill geld unte
589 3200 1566 3418 gelt darus entragen, daruon er gedachtet
2659 272 2722 351 .
1746 326 2695 470 zegenen, so leßen gewartet, etwann by 100 fl
1709 404 2680 534 und hernach die Gläser für die verzeigung
1750 463 2719 582 wiewol er nit bin diebstal gewesen unge
1725 529 2644 651 fahrlich 200 l gebeg. Imne aber syen by
1737 599 2679 694 0b neben einen silberenen bäg und 2
1733 664 2698 804 PitschierRingen verbliben von disen gelt
1744 729 2715 843 erseiner dienen 20 lb zugebracht, so noch neben
1755 776 2710 931 einen pitschier vrhanden, by 20t dann habe
1756 852 2665 1002 er ungefahrlich verbrucht. Den rest aber
1725 905 2749 1042 vor einem monat in Burtners deß Wasemals
1722 991 2701 1123 huß gut uffen moß in Enmenthal under
1763 1057 2705 1171 dns rach verstoßen, alß aber er sölches widerumb
1743 1125 2686 1241 daselbst hinwegnemmet wöllen,  inne nit
1757 1184 2698 1293 mehr finden können, Anders nit glaubend,
1722 1247 2691 1362 Den daß sein geschwey Margredt Brunnein
1743 1307 2706 1436 so auch mit ihrem hürig gefangen und mit
1749 1376 2764 1498 imme fast allezeit und sonderlich auch damahlen
1758 1436 2752 1554 geßen und truncken, diß gelt erwütscht
1750 1505 2762 1637 und ußgespächt habe. Wo dem nit also were
1716 1564 2747 1686 könte er nit wüßen, wo es hinnommen were.
1741 1632 2740 1761 Antreffend dann die Dietschier Stieg, So
1768 1708 2733 1805 ye einer von denselben verlohren, der vnd
1772 1757 2695 1875 aber noch verhanden und der Bächer
1764 1827 2568 1922 seinem schwager Jaggi Hirtzeler
2586 1841 2710 1913 le
1736 1881 2777 2001 theünet imme unbekont) Vmb 2 e Ekaufft
1684 1982 2760 2096 Weiters habe er mit gedachter zugenen ent
1764 2055 2782 2131 brömbdet, auch im nechst vergangeen heiret
1715 2110 2731 2227 namlich zu Trub- 10 ellen rystigs auch
1746 2168 2397 2289 und by 5 oder 6 maß kucken
1778 2250 2704 2368 tem zu dießbach eine tackenballen. Wie
1760 2323 2374 2435 Is iter egicht auch ze finden.
1705 2434 2709 2549 in übrigen, wiewol er auch umb gezügte
1645 2506 2640 2603 Zury sonderlich mit ermelter zugenen
1751 2565 2695 2664 examiiniert worden, sat jedoch er
1708 2631 2707 2744 dergleich gantz nüt gestahn und anred syn
1753 2690 2736 2813 wöllen sonders fürgeben, das er sein hertz
1731 2750 2734 2867 vollomen grumbt und willig sye, umb
1741 2827 2656 2952 bekonte begangne diebstahl zesterben.
