3024 4032
506 175 1450 418 Elehe mit vrallen Rteyhans Sohn.
613 247 1499 495 in zweyen zublenen, ein wenig g
597 298 1476 549 und biz vas hinwegg genommen
563 367 1533 689 venatenen  e
585 482 1145 658 Hal waß Bratz
579 583 1489 824 keine vor zweyen jahren mit zuthun
601 674 1509 881 eines em landtumbher gestrichnen
610 726 1522 955 allerleg oder ufsatz- wrarners aber
582 782 1543 1028 Buchhalterberg, so sich kieder genambsce
602 855 1544 1093 auch entfroubdet: 1 grot und 1 kirl
543 980 1555 1214 Es habe aber jehund diser rieder gar
598 1049 1200 1201 fyn darnah abgelaßen.
476 1160 1547 1403 Oiewol aber Sie auch ernstig angetragt
613 1271 1556 1464 worden. Ob sie sich nit auch mit unrinsche
608 1342 1541 1503 vergeßen, und Sonst andere vnthadten nehr
608 1413 1518 1550 begangen. Hatt jedoch sie verners und
591 1468 1522 1610 Über das bekendte nit anred sein wöllen.
564 1530 1528 1689 doch bekhendt, daß sie vilfaltig gefluhete
589 1601 1530 1737 und geschworen und daß viler weiter
592 1656 1546 1790 elenJaggen mit dem sie nir byzw
593 1736 1538 1852 lang umbher gezochen thra vermeldet
595 1792 1519 1907 und bekendt, daß er nit gesagten
571 1869 1518 1993 kratten Stephaus Sohn zu Winsten
575 1932 1524 2067 in der Arudi Brot und zu Mensi
572 1995 1313 2132 rydlen entwendt habindt
538 2125 1513 2263 Im vbrigen Seye es mi mehr 14 tag.
523 2213 1516 2322 daß sye gesagten klein Jagg und
552 2276 1513 2400 desselben complicess Aeß gemeltten
550 2348 1495 2468 Gratten-Stephan Hansen sohn vnnd
570 2388 1516 2538 einen gent kyner zu kilchdorff verlsen
556 2513 1540 2684 Die anzugnen Buben aber hatt Sie volge
590 2634 939 2748 maßen beschriben
768 2760 1175 2887 Descriptio.
598 2790 1501 2957 der hlem-Jaggen pürtig von Brse
333 2895 1463 3065 Heing hatt einen schwatt bart und in de
557 2930 1502 3109 antlitz, wyß lynig yugestochen Buren.
542 2993 1508 3195 hosen mit einem grauwen gut tuhigen
517 3115 1293 3257 wannst am ellbogen brochen.
2680 327 2756 420 64.
1720 370 2776 507 Der glases ist ein rahne lange, persahn
1734 453 2677 556 von Schwarttzer angesicht tragt blauw
1730 507 2727 611 lyiig spitzholen und ein läderwannst.
1717 572 2162 685 hatt ein brinnes bäitli
2263 672 2771 784 ryße  von 24. jahe
1709 709 2726 851 der kymer. Ist ein kleinen ger sohzBürsch
1724 792 2736 906 beklet, mit seinem läder wannist unnd
1743 862 2739 967 sol vor 2 oder 3 jahren alhier von einer
1728 917 2737 1030 gescheiden worden wyn,. Ist aber jetzundt
1704 974 2730 1090 widerumb verehliche mit einer heißt Elsei
1687 1053 2247 1163 Anct 15. Nar. 162.
1814 1194 2437 1314 Madlena Sugenen.
2016 1273 2280 1349 vorbemelt.
1638 1317 2734 1457 Vermeg hüttigen beuelchs, Ist die verhaffte
1712 1398 2716 1486 diebe Madtena Fugeres weiters mit ern
1708 1467 2730 1567 stigermarter alß en mahl lähr e mahl
1714 1515 2695 1615 mit dem 25. eoigen und 1 mahl mit dem
1716 1586 2692 1692 75. Oig stey ufzogen, vnd gefeckt worden
1700 1646 2719 1757 Sat aber vngeacht derselben, vber das vor¬
1703 1715 2680 1835 gehnde nüt bekennen wröllen, ußgenommen
1670 1818 2665 1918 daß Sie im Zürich gebret gue zum Brunnen
1706 1890 2763 1975 ant hilff eines deßelben erts bürtigen Meitis
1703 1947 2766 2037 so sich Babi genauset, 1 brottentfrombde
1662 1988 1984 2089 vor 1 jahr
1695 2070 2707 2190 Dene abe man sie zwar das buben¬
1639 2130 2699 2279 Meitli gemanst Aber mir von deßwegen
1664 2215 2669 2314 daß ey ein TSchoppen, vnd eine Appin ge¬
1703 2276 2748 2380 tragen. Deßhalb sy sich vf die Buren beruffte.
1684 2331 2744 2462 und keines wegs, wie jra welle zugemudet
1696 2399 2709 2523 werden)) sich mit den buben vergangen habe,
1678 2466 2741 2582 sonder sye dises stucks halb gantz rein und
1690 2526 1921 2620 znschuldig.
1696 2574 2630 2713 Irtrn In Tsentia 3. Morlots deß
1678 2662 2669 2757 Rhots und ern alt spittalit Lerbers
1667 2731 2596 2840 und ir Goßweibel, auch etlicher
1658 2782 2608 2913 wublen. Den 17. Nevemb. 1652
1702 2903 2691 3026 Do 18. dito ist zwar erkent worden, das sie sölle durch
1686 2996 2630 3080 den Bäsemukrit griegt gezeichnet undt eidtlich
1658 3043 2660 3137 verwisen werden Wyl aber ir mittsflichtig
1673 3087 2626 3204 lein Jaggi auch gefengklich ynbracht worden
1670 3141 2693 3243 Elß ist sie zu vernerer excminau und conpren
1688 3210 2178 3322 taber uffbehalten worden.
1525 3233 1920 3370 icincisit michallis
1553 3332 1817 3436 d rethnung.
