3024 4032
343 367 1333 581 senne habe er zu Schwartzenburg uß einer
306 431 1343 648 Weid gut zu mannshuß ein alte studeent.
389 485 1351 699 frömbdet, so Uli Mischlers gewesen und
373 551 1352 792 imme widerumb ersetzt worden, mit 40l
381 652 1350 888 Byh Damnethin durch das vngewitter sein an
395 754 1353 946 äyte Rüti gentzlich zerschlagen worden, dan
359 832 1353 1023 nenhar er in mangel gerhaten, alß habe
379 883 1338 1066 er leider ursach und anlaß dannenhan
376 967 1329 1158 genomen, vnd angefangen vffem Korn¬
380 1027 1041 1198 merckt alhie zuzegryfffen.
327 1106 1363 1315 Erstlich habe er 2 Mes Roggen kaufft, aber
373 1211 597 1326 nit zalt.
350 1301 1292 1464 Demnach einem gwüßen Imme Vnbekant
319 1385 1279 1542 Hodler 4 ms Mischelkorn entzwackt
353 1460 1354 1638 welche er imme aber widerumb abgesagt
350 1527 1346 1683 und damit er darzu schwyge, ime 3r
344 1625 681 1738 geben müßen.
323 1712 998 1848 Drittens 4 mr haben.
275 1850 1356 2002 Vnd Viertens, darumb er Jetzund verhafft
356 1947 1321 2061 2 seck mülikorn und Roggen, so unge
332 2027 1318 2144 jahr sammethafft 12 oder 14 mäßge.
329 2093 1330 2220 halten und In dem kornhuß gestanden
348 2161 1288 2286 imme aber widerumb abgenamen worden.
288 2290 1325 2416 Dise bekante begangne diebstäl sygind all
382 2376 1289 2509 gs und keine nachts beschechen, habe
337 2450 1307 2572 auch keine verners begangen, welche
314 2513 1283 2656 imme von hertzenleid, mit anerbietung
327 2593 1281 2732 sich ze beßeren, und sich it vnd seine weib
319 2661 1312 2831 und kinder (deren eins veehelich) mit seiner
314 2732 1318 2911 handtarbeit mit göttlichem bystand für
312 2804 1303 2973 künfftig ze erhalten. Hach gedatht E.
300 2892 1274 3074 umb verzeichung und liberaon bittende
298 3032 1311 3242 Ist einmahl lähr und einmahl mit dem
951 3105 1321 3214 t 11. mari.
1188 3148 1321 3239 105
246 3158 958 3326 mittleren Stein vffzogen worden.
303 3227 1208 3379 den 1ten martii 1682 endtlich von irs
250 3323 1090 3498 stett und Landen verwisen worden.
2460 283 2544 358 11.
1707 388 2259 536 Margredt Bleuwer.
1475 489 2550 722 Dennach die von Thun allar Jo Eo. gefangen
1478 560 2515 764 schafft geschickte bereidts droben der elbischlich
1488 620 2507 825 vermischung in verbottnem grad bekantlich
1543 679 2568 861 wordene Margrett Bleuwen von Strettling
1543 741 2526 955 ein Junge von 24 Jahren alters weibspersohn
1520 839 2506 1007 krafft hochgedt E2. g. bewelchs, vff hatt den
1552 900 2561 1068 14. martii 1652 wegen mit iren vagilgrer
1533 939 2579 1147 reden, erzeigten vnbestendigkeit, Vmb erfahrt d
2482 1034 2535 1127 a
1530 1035 2482 1221 der eigentlichen hergangenheit und umb
1519 1095 2552 1288 ständen in diser begangnen leidigen that, duuch
1457 1217 2548 1366 die ehrennesten etc. Herren Irn Abraham Am.
1522 1280 2505 1416 fort deß kleinen unnd hr.r Großweibel
1519 1350 2507 1483 2 scharners de� gro�en khats, i der ge
1513 1431 2515 1575 fangenscht etwas necher examiniert und
1489 1492 2501 1661 zur bekantnus der wahrheit ernstig ver
1533 1566 2503 1732 nahnt worden. Hat sie mit nit ge
1537 1653 2517 1805 ringem erzeigtem unwen bekent 1 theils in
1509 1734 2505 1879 bestättigung und wills in erlätherung, irer
1516 1813 2156 1945 hieuor gethanen bekantnus.
1446 1909 2482 2048 Daßes ungefahrlich jetzend 4 jahr, daß
1486 1990 2536 2117 Sie zu Christen Lofner Ires Vatters Schwagk
1513 2062 2512 2175 gan Zeinigen komen, vnd wyß sein dowahlige
1498 2131 2467 2233 Ehefr Imme kranck gelegen, Ira fahl, vnd
1510 2193 2537 2311 that geschaffen, nach Irem Im Apprellen hernach
1476 2262 2437 2383 druff ervolgten todt aber widerumb heim
1497 2333 2539 2432 zu Iren Elteren wollen, von Inen aber widerumb
1483 2402 2550 2518 zu imme löffner, demselben in seinem wittligstand
1515 2466 2481 2591 hußzehalten, gewisen und vermant worden
1483 2543 2500 2669 Maßen dann sy gevolget und widerumb zu
1501 2620 2484 2749 Ime kehrt Darüber hin er sich gegen
1492 2697 2515 2820 ra verluthen laßen, das er zu Ira lust und
1501 2767 2455 2888 liebe hette und dero halben fra die ehen
1499 2834 2531 2937 angemutet, welche aber sie imme abgeschlagen,
1500 2910 2475 3028 mit vermelden, das es wegen der zwüschen
1480 2973 2475 3095 Inen befindenden all zu nacher gesipp: vndt
1492 3037 2484 3138 fründtscht nit woll sein möge, Er aber sy
1481 3105 2472 3220 ein söllichen man und deß verstands, das er
1495 3159 2508 3281 ein sölches woll wüßen werde. vff weliches
1505 3224 2502 3351 er ira zur antwort geben, er wolle woll
