<?xml version="1.0" encoding="UTF-8" standalone="yes"?>
<PcGts xmlns="http://schema.primaresearch.org/PAGE/gts/pagecontent/2013-07-15" xmlns:xsi="http://www.w3.org/2001/XMLSchema-instance" xsi:schemaLocation="http://schema.primaresearch.org/PAGE/gts/pagecontent/2013-07-15 http://schema.primaresearch.org/PAGE/gts/pagecontent/2013-07-15/pagecontent.xsd">
    <Metadata>
        <Creator>prov=University of Rostock/Institute of Mathematics/CITlab|PLANET AI GmbH/Gundram Leifert/gundram.leifert@planet-ai.de:name=German_Kurrent_XVI-XVIII_M1(htr_id=19584)::::v=2.6.6
prov=University of Rostock/Institute of Mathematics/CITlab|PLANET AI GmbH/Tobias Gruening/tobias.gruening@planet-ai.de:name=de.uros.citlab.module.baseline2polygon.B2PSeamMultiOriented:v=2.6.6
prov=University of Rostock/Institute of Mathematics/CITlab|PLANET AI GmbH/Tobias Gruening/tobias.gruening@planet-ai.de:name=/net_tf/LA73_249_0mod360.pb:de.uros.citlab.segmentation.CITlab_LA_ML:v=2.6.6
Transkribus</Creator>
        <Created>2020-10-05T11:43:07.326+02:00</Created>
        <LastChange>2022-09-12T14:42:42.358+02:00</LastChange>
        <TranskribusMetadata docId="1334828" pageId="52360998" pageNr="70" tsid="114642775" status="IN_PROGRESS" userId="9570" imgUrl="https://files.transkribus.eu/Get?id=PCMJUMPMETQJDISDTPNXRDQJ&amp;fileType=view" xmlUrl="https://files.transkribus.eu/Get?id=GSCACPOZCJYLMCFEBABZTWPC" imageId="16044922"/>
    </Metadata>
    <Page imageFilename="IMG_7867.JPG" imageWidth="3024" imageHeight="4032">
        <ReadingOrder>
            <OrderedGroup id="ro_1687513744753" caption="Regions reading order">
                <RegionRefIndexed index="0" regionRef="r1"/>
                <RegionRefIndexed index="1" regionRef="r2"/>
                <RegionRefIndexed index="2" regionRef="r3"/>
            </OrderedGroup>
        </ReadingOrder>
        <TextRegion orientation="0.0" id="r1" custom="readingOrder {index:0;}">
            <Coords points="521,772 521,925 536,925 536,772"/>
            <TextLine id="r1l1" custom="readingOrder {index:0;}">
                <Coords points="517,887 525,886 526,884 536,886 545,884 525,789 515,791 510,797 498,797"/>
                <Baseline points="521,875 536,872"/>
                <TextEquiv>
                    <Unicode></Unicode>
                </TextEquiv>
            </TextLine>
            <TextEquiv>
                <Unicode></Unicode>
            </TextEquiv>
        </TextRegion>
        <TextRegion orientation="0.0" id="r2" custom="readingOrder {index:1;}">
            <Coords points="522,276 522,3444 1535,3444 1535,276"/>
            <TextLine id="r2l1" custom="readingOrder {index:0;}">
                <Coords points="625,349 650,347 658,354 668,350 697,356 705,348 719,346 716,233 700,231 683,217 673,218 668,224 656,212 643,226 621,230"/>
                <Baseline points="630,309 657,309 684,309 711,306"/>
                <TextEquiv>
                    <Unicode>E</Unicode>
                </TextEquiv>
            </TextLine>
            <TextLine id="r2l2" custom="readingOrder {index:1;}">
                <Coords points="803,322 869,349 951,334 1056,377 1101,362 1194,411 1287,404 1447,471 1469,380 1315,302 1185,275 1091,292 1033,242 997,261 888,223 819,249"/>
                <Baseline points="813,305 844,309 876,314 908,318 940,323 972,330 1003,336 1035,343 1067,349 1099,357 1131,365 1162,372 1194,381 1226,388 1258,396 1290,403 1321,412 1353,419 1385,426 1417,433 1449,440"/>
                <TextEquiv>
                    <Unicode>Eesinn</Unicode>
                </TextEquiv>
            </TextLine>
            <TextLine id="r2l3" custom="readingOrder {index:2;}">
                <Coords points="762,362 868,395 898,379 952,421 1062,423 1162,499 1428,516 1486,575 1530,453 1469,426 1395,457 1293,406 1190,411 1170,383 775,310"/>
                <Baseline points="771,350 807,357 844,363 881,370 917,376 954,384 991,391 1027,399 1064,407 1101,416 1138,424 1174,434 1211,443 1248,452 1284,461 1321,472 1358,483 1394,494 1431,505 1468,518 1505,531"/>
                <TextEquiv>
                    <Unicode>andergee</Unicode>
                </TextEquiv>
            </TextLine>
            <TextLine id="r2l4" custom="readingOrder {index:3;}">
                <Coords points="589,500 685,485 738,509 898,516 1151,587 1257,588 1263,550 1113,485 1026,507 897,452 826,474 762,397 609,372"/>
                <Baseline points="599,483 631,482 664,483 697,485 730,488 762,491 795,495 828,501 861,505 893,512 926,517 959,524 992,531 1024,537 1057,542 1090,548 1123,553 1155,558 1188,561 1221,564 1254,566"/>
                <TextEquiv>
                    <Unicode>oren dace vgehlen</Unicode>
                </TextEquiv>
            </TextLine>
            <TextLine id="r2l5" custom="readingOrder {index:4;}">
                <Coords points="629,563 770,550 992,619 1181,630 1232,668 1274,642 1524,730 1546,615 1488,595 1430,635 1362,612 1314,633 1256,585 642,498"/>
                <Baseline points="642,533 688,540 734,548 780,553 827,562 873,569 919,576 965,584 1012,592 1058,600 1104,609 1150,618 1197,627 1243,636 1289,647 1335,658 1382,669 1428,681 1474,694 1521,708"/>
                <TextEquiv>
                    <Unicode>gehohnen und gespürten ernste in den she</Unicode>
                </TextEquiv>
            </TextLine>
            <TextLine id="r2l6" custom="readingOrder {index:5;}">
                <Coords points="1329,627 1335,628 1362,613 1377,626 1386,623 1398,631 1413,629 1437,638 1445,590 1433,592 1424,578 1406,564 1386,572 1378,560 1372,562 1362,552 1344,548"/>
                <Baseline points="1340,606 1371,612 1402,617 1433,624"/>
                <TextEquiv>
                    <Unicode>halt</Unicode>
                </TextEquiv>
            </TextLine>
            <TextLine id="r2l7" custom="readingOrder {index:6;}">
                <Coords points="627,608 830,651 866,684 1032,657 1427,765 1438,704 1333,654 1275,643 1232,668 1182,631 1022,629 939,582 866,605 821,569 636,560"/>
                <Baseline points="636,596 675,599 714,603 754,608 793,612 833,618 872,625 912,632 951,638 991,646 1030,654 1069,662 1109,670 1148,678 1188,687 1227,696 1267,704 1306,713 1346,721 1385,730 1425,738"/>
                <TextEquiv>
                    <Unicode>un und nach der mardter bekhendt.</Unicode>
                </TextEquiv>
            </TextLine>
            <TextLine id="r2l8" custom="readingOrder {index:7;}">
                <Coords points="582,733 946,774 1156,849 1270,830 1504,911 1540,903 1549,856 1253,756 1161,765 1105,710 1004,700 933,739 806,714 748,647 604,612"/>
                <Baseline points="591,725 638,729 685,735 732,740 779,747 827,754 874,761 921,768 968,774 1015,783 1063,791 1110,800 1157,809 1204,818 1251,828 1299,838 1346,849 1393,860 1440,871 1487,884 1535,897"/>
                <TextEquiv>
                    <Unicode>Vrnflingrten¬</Unicode>
                </TextEquiv>
            </TextLine>
            <TextLine id="r2l9" custom="readingOrder {index:8;} person {offset:19; length:11;}">
                <Coords points="634,814 740,800 810,842 946,829 1246,903 1295,889 1451,963 1508,950 1515,912 1266,830 1217,859 1129,816 967,804 946,775 764,770 737,742 643,759"/>
                <Baseline points="645,791 687,796 730,801 773,807 816,812 859,818 902,825 945,832 988,838 1031,845 1074,852 1116,859 1159,867 1202,875 1245,884 1288,893 1331,902 1374,911 1417,921 1460,931 1503,941"/>
                <TextEquiv>
                    <Unicode>gefangner schwäger Ulein Jangi, syn fr</Unicode>
                </TextEquiv>
            </TextLine>
            <TextLine id="r2l10" custom="readingOrder {index:9;} person {offset:0; length:15;}">
                <Coords points="596,875 732,862 862,913 1110,922 1490,1016 1520,1016 1531,948 1424,958 1303,891 1232,902 942,828 791,847 698,798 606,811"/>
                <Baseline points="606,855 651,859 697,864 742,867 788,873 833,879 879,886 924,893 970,900 1015,909 1061,917 1107,925 1152,933 1198,941 1243,949 1289,957 1334,966 1380,973 1425,980 1471,988 1517,995"/>
                <TextEquiv>
                    <Unicode>Madlena Hugenen und sy ufen Mans</Unicode>
                </TextEquiv>
            </TextLine>
            <TextLine id="r2l11" custom="readingOrder {index:10;} person {offset:3; length:9;}">
                <Coords points="618,932 1271,1016 1305,1060 1369,1035 1502,1097 1512,1032 1442,985 1296,989 1255,953 1083,945 1044,915 913,935 831,884 683,895 628,867"/>
                <Baseline points="627,921 670,927 714,932 757,937 801,943 845,949 888,954 932,961 976,967 1019,973 1063,979 1107,986 1150,993 1194,1000 1238,1007 1281,1016 1325,1023 1369,1032 1412,1042 1456,1051 1500,1061"/>
                <TextEquiv>
                    <Unicode>in Gnedtners hub sich bysahnen befunden.</Unicode>
                </TextEquiv>
            </TextLine>
            <TextLine id="r2l12" custom="readingOrder {index:11;}">
                <Coords points="620,1007 743,1006 768,1035 887,1018 1009,1074 1078,1058 1118,1092 1207,1066 1496,1129 1500,1095 1369,1037 1305,1061 1222,1009 918,992 879,958 744,967 700,940 626,968"/>
                <Baseline points="630,987 673,993 716,998 759,1004 802,1010 845,1016 888,1021 931,1027 974,1032 1017,1038 1060,1044 1103,1050 1146,1056 1189,1062 1232,1069 1275,1075 1318,1082 1361,1090 1404,1098 1447,1106 1491,1115"/>
                <TextEquiv>
                    <Unicode>mit einanderen geschen und trunken</Unicode>
                </TextEquiv>
            </TextLine>
            <TextLine id="r2l13" custom="readingOrder {index:12;}">
                <Coords points="603,1111 711,1070 950,1088 1002,1120 1041,1094 1093,1141 1180,1116 1222,1150 1412,1150 1499,1191 1509,1135 1439,1103 1402,1128 1322,1082 1118,1093 876,1023 772,1037 616,1005"/>
                <Baseline points="615,1062 659,1066 703,1069 747,1074 791,1077 835,1081 879,1085 923,1090 967,1094 1011,1099 1056,1104 1100,1110 1144,1115 1188,1121 1232,1128 1276,1135 1320,1141 1364,1150 1408,1157 1452,1165 1497,1175"/>
                <TextEquiv>
                    <Unicode>habe dohmallen ermelter kkein tage</Unicode>
                </TextEquiv>
            </TextLine>
            <TextLine id="r2l14" custom="readingOrder {index:13;}">
                <Coords points="609,1143 744,1178 892,1148 1037,1196 1112,1172 1164,1224 1241,1191 1493,1280 1532,1267 1542,1184 1515,1168 1210,1162 1165,1119 1092,1143 1039,1095 1002,1120 839,1077 616,1087"/>
                <Baseline points="618,1130 663,1134 708,1139 754,1143 799,1146 845,1151 890,1155 936,1160 981,1163 1027,1168 1072,1173 1117,1177 1163,1184 1208,1190 1254,1196 1299,1203 1345,1212 1390,1220 1436,1231 1481,1242 1527,1253"/>
                <TextEquiv>
                    <Unicode>sich vf den Soldern begeben, vnd daselbst</Unicode>
                </TextEquiv>
            </TextLine>
            <TextLine id="r2l15" custom="readingOrder {index:14;}">
                <Coords points="609,1213 1365,1284 1427,1324 1518,1317 1524,1269 1317,1211 1163,1224 1121,1177 1003,1211 850,1153 799,1186 615,1159"/>
                <Baseline points="618,1193 662,1199 707,1205 752,1211 796,1217 841,1222 886,1227 930,1231 975,1236 1020,1241 1065,1245 1109,1249 1154,1254 1199,1259 1243,1265 1288,1271 1333,1277 1377,1283 1422,1290 1467,1299 1512,1308"/>
                <TextEquiv>
                    <Unicode>ettwas in dem dach grüblet unnd</Unicode>
                </TextEquiv>
            </TextLine>
            <TextLine id="r2l16" custom="readingOrder {index:15;}">
                <Coords points="617,1276 733,1273 871,1326 1111,1324 1148,1363 1243,1335 1325,1379 1396,1349 1517,1377 1521,1343 1477,1305 1428,1325 1163,1261 1004,1276 851,1220 801,1248 623,1221"/>
                <Baseline points="624,1269 668,1273 712,1278 757,1283 801,1288 846,1292 890,1296 934,1302 979,1307 1023,1311 1068,1316 1112,1321 1156,1326 1201,1331 1245,1335 1290,1342 1334,1346 1378,1352 1423,1357 1467,1362 1512,1367"/>
                <TextEquiv>
                    <Unicode>versteckt, deßen hr schwester Am</Unicode>
                </TextEquiv>
            </TextLine>
            <TextLine id="r2l17" custom="readingOrder {index:16;}">
                <Coords points="612,1351 699,1383 818,1350 859,1387 1045,1393 1151,1434 1247,1408 1315,1446 1361,1420 1514,1446 1520,1391 1450,1390 1395,1349 1314,1380 1240,1338 1149,1365 1112,1325 860,1331 811,1296 620,1280"/>
                <Baseline points="621,1331 665,1336 709,1342 754,1348 798,1354 843,1359 887,1364 931,1369 976,1374 1020,1379 1065,1385 1109,1389 1153,1393 1198,1398 1242,1403 1287,1408 1331,1414 1375,1418 1420,1423 1464,1428 1509,1434"/>
                <TextEquiv>
                    <Unicode>So vßsenher bim gardten zuhr gestanden</Unicode>
                </TextEquiv>
            </TextLine>
            <TextLine id="r2l18" custom="readingOrder {index:17;}">
                <Coords points="619,1429 667,1422 709,1458 950,1452 1004,1488 1071,1467 1103,1497 1148,1470 1343,1508 1447,1486 1520,1516 1527,1442 1375,1420 1315,1450 1246,1408 1158,1441 1046,1393 861,1387 817,1350 624,1377"/>
                <Baseline points="627,1410 671,1414 715,1417 760,1422 804,1426 849,1430 893,1436 937,1441 982,1446 1026,1451 1071,1456 1115,1461 1159,1465 1204,1470 1248,1475 1293,1479 1337,1483 1381,1485 1426,1489 1470,1492 1515,1494"/>
                <TextEquiv>
                    <Unicode>geachtet und wahr genommen, so darüber</Unicode>
                </TextEquiv>
            </TextLine>
            <TextLine id="r2l19" custom="readingOrder {index:18;}">
                <Coords points="611,1486 981,1513 1091,1569 1164,1531 1272,1581 1424,1549 1519,1575 1525,1520 1447,1485 1312,1517 1278,1484 1212,1507 1149,1469 1103,1498 1071,1467 1003,1487 967,1457 701,1460 617,1427"/>
                <Baseline points="618,1478 662,1481 707,1485 752,1487 797,1492 842,1497 887,1501 931,1506 976,1511 1021,1515 1066,1520 1111,1526 1156,1530 1201,1535 1245,1539 1290,1543 1335,1546 1380,1548 1425,1551 1470,1552 1515,1553"/>
                <TextEquiv>
                    <Unicode>hingangen und gesucht, was er daselbst</Unicode>
                </TextEquiv>
            </TextLine>
            <TextLine id="r2l20" custom="readingOrder {index:19;}">
                <Coords points="613,1566 828,1565 937,1597 999,1570 1118,1610 1252,1602 1281,1634 1324,1607 1493,1631 1497,1573 1426,1548 1272,1581 1167,1532 1089,1567 975,1513 871,1535 740,1492 694,1520 618,1501"/>
                <Baseline points="621,1550 664,1551 707,1553 751,1556 794,1559 837,1562 881,1565 924,1570 967,1574 1011,1578 1054,1582 1097,1586 1141,1591 1184,1595 1227,1597 1271,1601 1314,1604 1357,1607 1401,1608 1444,1610 1488,1610"/>
                <TextEquiv>
                    <Unicode>verborgen habe. Alß ia sy das</Unicode>
                </TextEquiv>
            </TextLine>
            <TextLine id="r2l21" custom="readingOrder {index:20;}">
                <Coords points="617,1628 997,1640 1097,1697 1226,1666 1514,1681 1517,1624 1324,1606 1287,1636 1179,1594 1087,1612 1002,1570 897,1603 827,1566 621,1568"/>
                <Baseline points="624,1625 668,1625 712,1625 756,1625 800,1628 845,1629 889,1633 933,1635 977,1640 1021,1644 1066,1647 1110,1650 1154,1655 1198,1659 1242,1662 1287,1665 1331,1668 1375,1671 1419,1673 1463,1674 1508,1674"/>
                <TextEquiv>
                    <Unicode>versteckte gelt daselbst gefanden und</Unicode>
                </TextEquiv>
            </TextLine>
            <TextLine id="r2l22" custom="readingOrder {index:21;}">
                <Coords points="588,1724 641,1692 706,1725 784,1695 1017,1750 1070,1713 1160,1743 1297,1732 1354,1767 1448,1735 1526,1759 1530,1692 1226,1667 1098,1695 896,1634 855,1665 715,1625 592,1652"/>
                <Baseline points="597,1688 643,1688 689,1690 735,1692 781,1694 828,1697 874,1700 920,1703 966,1706 1012,1710 1059,1713 1105,1716 1151,1720 1197,1723 1243,1727 1290,1729 1336,1731 1382,1733 1428,1734 1474,1734 1521,1734"/>
                <TextEquiv>
                    <Unicode>zu ihren handen genommen, syges sy deüber</Unicode>
                </TextEquiv>
            </TextLine>
            <TextLine id="r2l23" custom="readingOrder {index:22;}">
                <Coords points="614,1776 801,1755 927,1795 1057,1778 1124,1806 1170,1781 1222,1807 1256,1782 1461,1813 1509,1798 1511,1753 1343,1766 1297,1731 1134,1745 1073,1720 940,1746 847,1694 719,1735 617,1696"/>
                <Baseline points="621,1752 665,1757 709,1759 753,1762 797,1764 841,1767 885,1769 929,1772 973,1774 1017,1776 1062,1778 1106,1780 1150,1782 1194,1784 1238,1785 1282,1787 1326,1787 1370,1788 1414,1790 1458,1791 1503,1791"/>
                <TextEquiv>
                    <Unicode>hin zu ihros kommen, mit vermelden</Unicode>
                </TextEquiv>
            </TextLine>
            <TextLine id="r2l24" custom="readingOrder {index:23;}">
                <Coords points="596,1849 701,1826 756,1858 794,1827 860,1856 911,1819 1063,1856 1098,1837 1172,1878 1209,1852 1488,1862 1489,1830 1379,1795 1168,1825 1051,1781 916,1806 807,1756 599,1774"/>
                <Baseline points="603,1824 649,1823 695,1821 741,1821 788,1821 834,1823 880,1825 926,1827 973,1830 1019,1833 1065,1836 1111,1839 1158,1843 1204,1845 1250,1849 1296,1851 1343,1853 1389,1854 1435,1856 1482,1856"/>
                <TextEquiv>
                    <Unicode>Imfahl sy nüt sangen, wolte unnd</Unicode>
                </TextEquiv>
            </TextLine>
            <TextLine id="r2l25" custom="readingOrder {index:24;}">
                <Coords points="567,1912 617,1925 696,1882 792,1888 857,1931 910,1891 1479,1942 1483,1860 1274,1853 1221,1884 1098,1838 885,1836 848,1866 809,1831 747,1858 702,1826 569,1858"/>
                <Baseline points="575,1895 619,1891 664,1889 709,1887 754,1887 799,1887 844,1889 889,1890 934,1893 979,1895 1024,1897 1068,1901 1113,1904 1158,1906 1203,1909 1248,1912 1293,1914 1338,1916 1383,1917 1428,1919 1473,1919"/>
                <TextEquiv>
                    <Unicode>die sach gehemb behalten, wolte sy</Unicode>
                </TextEquiv>
            </TextLine>
            <TextLine id="r2l26" custom="readingOrder {index:25;}">
                <Coords points="611,1959 692,1960 740,1997 856,1954 1147,1968 1261,2011 1325,1973 1511,1983 1513,1937 1212,1916 1074,1942 1041,1907 927,1894 859,1932 734,1887 612,1928"/>
                <Baseline points="617,1955 661,1952 705,1952 750,1952 794,1952 839,1953 883,1955 927,1957 972,1959 1016,1961 1061,1963 1105,1966 1149,1968 1194,1971 1238,1973 1283,1974 1327,1976 1371,1976 1416,1976 1460,1976 1505,1974"/>
                <TextEquiv>
                    <Unicode>mit ihra das gelt, welches ir schwäger</Unicode>
                </TextEquiv>
            </TextLine>
            <TextLine id="r2l27" custom="readingOrder {index:26;}">
                <Coords points="596,2046 751,2013 907,2058 969,2033 1006,2071 1161,2036 1257,2078 1364,2034 1520,2084 1523,1990 1459,1976 1374,1974 1326,2011 1096,1965 991,2000 797,1958 741,1997 655,1954 599,1968"/>
                <Baseline points="603,2021 648,2019 694,2018 739,2018 785,2018 831,2019 876,2020 922,2022 967,2023 1013,2025 1059,2028 1104,2030 1150,2031 1195,2034 1241,2037 1287,2039 1332,2042 1378,2042 1423,2045 1469,2046 1515,2046"/>
                <TextEquiv>
                    <Unicode>Elein Jagge im Husdach versteckt</Unicode>
                </TextEquiv>
            </TextLine>
            <TextLine id="r2l28" custom="readingOrder {index:27;}">
                <Coords points="614,2115 697,2124 746,2086 869,2126 901,2097 949,2141 996,2101 1480,2120 1480,2078 1389,2046 1289,2080 1111,2035 1047,2082 983,2050 887,2069 756,2018 615,2041"/>
                <Baseline points="621,2094 663,2095 706,2096 748,2096 791,2097 834,2099 876,2099 919,2100 961,2102 1004,2103 1047,2103 1089,2105 1132,2105 1174,2105 1217,2106 1260,2106 1302,2106 1345,2106 1387,2106 1430,2105 1473,2103"/>
                <TextEquiv>
                    <Unicode>ghan theilen. Darüber ihron</Unicode>
                </TextEquiv>
            </TextLine>
            <TextLine id="r2l29" custom="readingOrder {index:28;}">
                <Coords points="593,2178 686,2217 902,2166 997,2221 1050,2182 1178,2181 1250,2222 1328,2168 1521,2157 1521,2100 1244,2113 1191,2143 1125,2104 1061,2146 745,2086 698,2125 593,2129"/>
                <Baseline points="599,2169 644,2168 690,2168 736,2168 782,2168 827,2168 873,2169 919,2169 965,2171 1010,2172 1056,2172 1102,2174 1148,2174 1193,2174 1239,2174 1285,2172 1331,2171 1376,2168 1422,2165 1468,2161 1514,2156"/>
                <TextEquiv>
                    <Unicode>solches herfürgezeigt, weliches 26 dubi</Unicode>
                </TextEquiv>
            </TextLine>
            <TextLine id="r2l30" custom="readingOrder {index:29;}">
                <Coords points="588,2301 673,2247 738,2274 831,2235 1292,2285 1512,2231 1511,2187 1461,2168 1316,2177 1250,2223 1053,2181 974,2218 902,2166 783,2211 586,2206"/>
                <Baseline points="593,2247 638,2246 684,2245 729,2244 775,2244 821,2243 866,2243 912,2243 957,2243 1003,2243 1049,2243 1094,2243 1140,2241 1185,2240 1231,2240 1277,2237 1322,2235 1368,2232 1413,2228 1459,2224 1505,2217"/>
                <TextEquiv>
                    <Unicode>gewesen, darus sy zwen glych theil</Unicode>
                </TextEquiv>
            </TextLine>
            <TextLine id="r2l31" custom="readingOrder {index:30;}">
                <Coords points="602,2346 667,2316 753,2354 797,2322 964,2307 1310,2329 1522,2284 1521,2242 1440,2228 1397,2272 1292,2285 1133,2258 1072,2289 1008,2252 944,2271 830,2234 759,2277 600,2279"/>
                <Baseline points="608,2318 653,2315 698,2313 744,2312 789,2310 834,2310 880,2310 925,2310 970,2310 1016,2312 1061,2312 1106,2310 1152,2310 1197,2309 1242,2307 1288,2305 1333,2301 1378,2296 1424,2291 1469,2283 1515,2274"/>
                <TextEquiv>
                    <Unicode>gemacht und ira einen von 13 doblin</Unicode>
                </TextEquiv>
            </TextLine>
            <TextLine id="r2l32" custom="readingOrder {index:31;}">
                <Coords points="605,2400 747,2370 892,2407 1076,2376 1170,2407 1275,2380 1320,2414 1361,2375 1513,2370 1510,2306 1263,2312 1208,2351 1165,2315 1038,2339 964,2307 909,2342 791,2324 746,2357 689,2327 603,2363"/>
                <Baseline points="611,2397 655,2393 700,2390 745,2388 789,2385 834,2384 879,2383 923,2382 968,2382 1013,2381 1058,2381 1102,2379 1147,2378 1192,2375 1236,2374 1281,2370 1326,2366 1370,2361 1415,2354 1460,2346 1505,2337"/>
                <TextEquiv>
                    <Unicode>geben, weliches gelt sy gedachtem fren</Unicode>
                </TextEquiv>
            </TextLine>
            <TextLine id="r2l33" custom="readingOrder {index:32;} person {offset:10; length:10;}">
                <Coords points="588,2502 857,2456 986,2491 1054,2463 1093,2494 1135,2456 1299,2429 1382,2471 1512,2400 1510,2372 1443,2361 1322,2413 1268,2381 1170,2406 1077,2376 885,2411 747,2370 585,2449"/>
                <Baseline points="593,2472 638,2469 684,2467 729,2465 775,2463 821,2460 866,2459 912,2457 957,2456 1003,2454 1049,2451 1094,2449 1140,2445 1185,2442 1231,2439 1277,2434 1322,2429 1368,2423 1413,2417 1459,2409 1505,2400"/>
                <TextEquiv>
                    <Unicode>Hochzyter Gygerhausi 8 tag nach irer</Unicode>
                </TextEquiv>
            </TextLine>
            <TextLine id="r2l34" custom="readingOrder {index:33;}">
                <Coords points="578,2603 880,2528 948,2560 992,2530 1264,2514 1316,2546 1380,2490 1480,2482 1476,2422 1383,2470 1270,2438 1126,2461 1093,2495 1053,2464 985,2491 903,2455 824,2509 743,2467 571,2517"/>
                <Baseline points="581,2552 625,2548 670,2544 714,2541 759,2538 803,2535 848,2534 892,2532 937,2530 981,2528 1026,2526 1071,2524 1115,2522 1160,2518 1204,2514 1249,2509 1293,2504 1338,2497 1382,2490 1427,2481 1472,2471"/>
                <TextEquiv>
                    <Unicode>zusähnen kunfft und versprechung </Unicode>
                </TextEquiv>
            </TextLine>
            <TextLine id="r2l35" custom="readingOrder {index:34;} place {offset:19; length:4;}">
                <Coords points="591,2628 694,2665 755,2615 812,2642 1008,2616 1055,2645 1122,2593 1241,2633 1300,2582 1415,2605 1483,2509 1398,2492 1334,2529 1229,2514 940,2569 833,2550 785,2580 742,2550 693,2596 588,2584"/>
                <Baseline points="597,2621 641,2617 685,2614 729,2612 773,2609 817,2607 861,2606 905,2604 949,2603 993,2601 1038,2598 1082,2596 1126,2594 1170,2590 1214,2585 1258,2581 1302,2576 1346,2569 1390,2561 1434,2552 1479,2540"/>
                <TextEquiv>
                    <Unicode>am herbst marit zu Thue geschehen.</Unicode>
                </TextEquiv>
            </TextLine>
            <TextLine id="r2l36" custom="readingOrder {index:35;}">
                <Coords points="582,2717 873,2684 927,2715 1011,2689 1062,2708 1110,2673 1230,2700 1450,2623 1492,2640 1489,2596 1276,2600 1238,2641 1153,2606 1048,2651 934,2616 693,2664 576,2630"/>
                <Baseline points="587,2699 631,2694 676,2691 721,2688 766,2685 811,2684 856,2682 900,2680 945,2679 990,2678 1035,2676 1080,2674 1125,2671 1170,2668 1214,2665 1259,2660 1304,2654 1349,2647 1394,2639 1439,2628 1484,2618"/>
                <TextEquiv>
                    <Unicode>vbergeben, vnd von demselbigen</Unicode>
                </TextEquiv>
            </TextLine>
            <TextLine id="r2l37" custom="readingOrder {index:36;}">
                <Coords points="606,2779 704,2760 794,2802 829,2766 1347,2746 1477,2699 1475,2664 1363,2648 1223,2704 1161,2673 1102,2725 1015,2689 939,2733 854,2688 778,2732 697,2702 601,2715"/>
                <Baseline points="612,2774 654,2770 697,2766 740,2764 783,2762 826,2761 869,2759 912,2757 955,2757 998,2755 1041,2753 1083,2751 1126,2748 1169,2745 1212,2741 1255,2736 1298,2729 1341,2723 1384,2714 1427,2704 1470,2691"/>
                <TextEquiv>
                    <Unicode>nit mehr verbrucht worden, sey</Unicode>
                </TextEquiv>
            </TextLine>
            <TextLine id="r2l38" custom="readingOrder {index:37;}">
                <Coords points="588,2874 997,2825 1138,2865 1201,2815 1303,2804 1368,2838 1479,2758 1474,2705 1423,2704 1371,2762 1297,2746 1196,2782 1128,2748 1009,2794 862,2766 792,2805 676,2781 583,2818"/>
                <Baseline points="594,2861 640,2854 686,2847 732,2842 779,2837 825,2834 871,2831 917,2829 964,2826 1010,2825 1056,2822 1102,2820 1149,2816 1195,2811 1241,2806 1287,2800 1334,2791 1380,2780 1426,2769 1473,2754"/>
                <TextEquiv>
                    <Unicode>alß ein dublonen uß welcheren für</Unicode>
                </TextEquiv>
            </TextLine>
            <TextLine id="r2l39" custom="readingOrder {index:38;} place {offset:16; length:5;}">
                <Coords points="601,2958 739,2970 771,2946 812,2970 908,2930 1019,2943 1094,2894 1198,2929 1320,2882 1401,2898 1504,2831 1499,2785 1466,2784 1365,2842 1308,2805 1194,2870 1065,2868 997,2825 822,2862 779,2839 652,2906 594,2890"/>
                <Baseline points="606,2940 650,2930 695,2921 739,2916 784,2910 828,2907 873,2904 917,2901 962,2898 1006,2896 1051,2895 1095,2892 1140,2889 1184,2886 1229,2882 1273,2876 1318,2868 1362,2860 1407,2849 1451,2835 1496,2819"/>
                <TextEquiv>
                    <Unicode>en bahr schu zu muren erkonfft r</Unicode>
                </TextEquiv>
            </TextLine>
            <TextLine id="r2l40" custom="readingOrder {index:39;} person {offset:4; length:18;}">
                <Coords points="595,3082 719,3038 1376,2980 1486,2936 1482,2901 1407,2891 1358,2937 1297,2912 1105,2951 1058,2932 1000,2981 910,2933 691,3009 581,2965"/>
                <Baseline points="600,3063 646,3052 692,3042 738,3034 785,3027 831,3021 877,3017 923,3013 970,3009 1016,3005 1062,3003 1108,2999 1155,2995 1201,2990 1247,2984 1293,2978 1340,2968 1386,2958 1432,2947 1479,2931"/>
                <TextEquiv>
                    <Unicode>Der wysläderich seckel aber, darin</Unicode>
                </TextEquiv>
            </TextLine>
            <TextLine id="r2l41" custom="readingOrder {index:40;}">
                <Coords points="591,3129 895,3092 954,3113 1252,3053 1410,3069 1472,3026 1465,2967 1401,2996 1355,2972 1275,3017 1228,2996 1171,3035 966,3024 859,3058 783,3031 732,3072 635,3058 586,3092"/>
                <Baseline points="597,3131 640,3121 683,3114 727,3108 770,3102 813,3097 857,3092 900,3088 943,3085 987,3080 1030,3077 1073,3072 1117,3069 1160,3064 1203,3059 1247,3053 1290,3047 1333,3040 1377,3031 1420,3023 1464,3011"/>
                <TextEquiv>
                    <Unicode>das gelt verscharret worden, syn</Unicode>
                </TextEquiv>
            </TextLine>
            <TextLine id="r2l42" custom="readingOrder {index:41;}">
                <Coords points="574,3229 1241,3167 1283,3119 1336,3138 1471,3077 1466,3042 1409,3069 1325,3053 1272,3088 1220,3058 1080,3119 895,3093 737,3131 658,3118 563,3159"/>
                <Baseline points="579,3221 623,3210 667,3201 711,3194 756,3187 800,3180 844,3174 888,3169 933,3163 977,3158 1021,3153 1065,3147 1110,3142 1154,3136 1198,3129 1242,3123 1287,3115 1331,3106 1375,3096 1419,3085 1464,3072"/>
                <TextEquiv>
                    <Unicode>Gygerhausseigner und nit enes</Unicode>
                </TextEquiv>
            </TextLine>
            <TextLine id="r2l43" custom="readingOrder {index:42;}">
                <Coords points="604,3324 658,3272 685,3262 719,3280 752,3269 804,3292 830,3276 861,3281 910,3246 902,3181 853,3208 817,3204 737,3234 686,3204 660,3204 622,3234 594,3240"/>
                <Baseline points="605,3276 632,3271 659,3268 686,3264 713,3261 740,3257 767,3254 794,3251 821,3248 848,3246 875,3243 902,3239"/>
                <TextEquiv>
                    <Unicode>alderen gy.</Unicode>
                </TextEquiv>
            </TextLine>
            <TextLine id="r2l44" custom="readingOrder {index:43;}">
                <Coords points="577,3363 755,3329 862,3344 904,3297 987,3314 1209,3246 1307,3272 1388,3213 1494,3195 1484,3142 1348,3148 1246,3200 1114,3174 917,3235 859,3284 565,3293"/>
                <Baseline points="581,3350 626,3342 671,3334 716,3328 761,3321 807,3313 852,3305 897,3299 942,3291 987,3285 1033,3278 1078,3270 1123,3262 1168,3255 1213,3246 1259,3237 1304,3227 1349,3217 1394,3206 1439,3195 1485,3182"/>
                <TextEquiv>
                    <Unicode>Im ubrigen dan habe sy von disem ser</Unicode>
                </TextEquiv>
            </TextLine>
            <TextLine id="r2l45" custom="readingOrder {index:44;}">
                <Coords points="517,3433 621,3467 701,3406 854,3433 982,3360 1144,3384 1208,3334 1312,3356 1378,3287 1480,3293 1468,3213 1306,3273 1194,3258 1170,3291 1129,3269 1058,3305 926,3303 790,3368 596,3352 512,3404"/>
                <Baseline points="522,3429 569,3421 616,3413 664,3407 711,3400 758,3393 806,3386 853,3380 900,3373 948,3366 995,3359 1042,3351 1090,3344 1137,3336 1184,3327 1232,3318 1279,3308 1326,3297 1374,3285 1421,3273 1469,3260"/>
                <TextEquiv>
                    <Unicode>borgnem nach anderen gstalee geldten</Unicode>
                </TextEquiv>
            </TextLine>
            <TextEquiv>
                <Unicode>E
Eesinn
andergee
oren dace vgehlen
gehohnen und gespürten ernste in den she
halt
un und nach der mardter bekhendt.
Vrnflingrten¬
gefangner schwäger Ulein Jangi, syn fr
Madlena Hugenen und sy ufen Mans
in Gnedtners hub sich bysahnen befunden.
mit einanderen geschen und trunken
habe dohmallen ermelter kkein tage
sich vf den Soldern begeben, vnd daselbst
ettwas in dem dach grüblet unnd
versteckt, deßen hr schwester Am
So vßsenher bim gardten zuhr gestanden
geachtet und wahr genommen, so darüber
hingangen und gesucht, was er daselbst
verborgen habe. Alß ia sy das
versteckte gelt daselbst gefanden und
zu ihren handen genommen, syges sy deüber
hin zu ihros kommen, mit vermelden
Imfahl sy nüt sangen, wolte unnd
die sach gehemb behalten, wolte sy
mit ihra das gelt, welches ir schwäger
Elein Jagge im Husdach versteckt
ghan theilen. Darüber ihron
solches herfürgezeigt, weliches 26 dubi
gewesen, darus sy zwen glych theil
gemacht und ira einen von 13 doblin
geben, weliches gelt sy gedachtem fren
Hochzyter Gygerhausi 8 tag nach irer
zusähnen kunfft und versprechung 
am herbst marit zu Thue geschehen.
vbergeben, vnd von demselbigen
nit mehr verbrucht worden, sey
alß ein dublonen uß welcheren für
en bahr schu zu muren erkonfft r
Der wysläderich seckel aber, darin
das gelt verscharret worden, syn
Gygerhausseigner und nit enes
alderen gy.
Im ubrigen dan habe sy von disem ser
borgnem nach anderen gstalee geldten</Unicode>
            </TextEquiv>
        </TextRegion>
        <TextRegion orientation="0.0" id="r3" custom="readingOrder {index:2;}">
            <Coords points="1601,354 1601,3229 2753,3229 2753,354"/>
            <TextLine id="r3l1" custom="readingOrder {index:0;}">
                <Coords points="1910,490 2067,430 2157,462 2264,434 2406,473 2517,423 2565,440 2751,389 2747,326 2473,341 2423,385 2263,349 2152,394 2068,368 2009,419 1903,403"/>
                <Baseline points="1914,459 1955,452 1997,448 2038,443 2080,440 2121,437 2163,434 2204,432 2246,431 2287,429 2329,427 2370,425 2412,423 2453,420 2495,416 2536,413 2578,408 2619,403 2661,395 2702,389 2744,380"/>
                <TextEquiv>
                    <Unicode>genst nach einher gstalt </Unicode>
                </TextEquiv>
            </TextLine>
            <TextLine id="r3l2" custom="readingOrder {index:1;}">
                <Coords points="1769,502 1785,499 1788,494 1792,495 1805,486 1820,487 1828,480 1834,485 1841,484 1830,409 1818,412 1806,405 1799,409 1789,406 1782,409 1775,406 1766,410 1755,409"/>
                <Baseline points="1773,483 1803,477 1833,474"/>
                <TextEquiv>
                    <Unicode></Unicode>
                </TextEquiv>
            </TextLine>
            <TextLine id="r3l3" custom="readingOrder {index:2;}">
                <Coords points="1722,559 1754,552 1800,582 1836,546 1888,528 2011,551 2071,505 2112,498 2106,447 2072,429 2037,456 2021,445 1927,476 1909,463 1873,501 1828,480 1716,512"/>
                <Baseline points="1727,539 1752,536 1777,533 1802,529 1827,526 1853,522 1878,518 1903,515 1928,511 1953,509 1979,506 2004,503 2029,501 2054,499 2079,498 2105,497"/>
                <TextEquiv>
                    <Unicode>darzu geholffen</Unicode>
                </TextEquiv>
            </TextLine>
            <TextLine id="r3l4" custom="readingOrder {index:3;}">
                <Coords points="1726,645 2056,572 2173,595 2529,548 2618,583 2735,516 2712,450 2484,499 2415,473 2216,541 1894,529 1801,582 1719,559"/>
                <Baseline points="1731,632 1780,619 1830,607 1880,597 1930,589 1980,583 2030,576 2080,572 2130,568 2180,564 2230,561 2279,559 2329,557 2379,554 2429,552 2479,549 2529,545 2579,541 2629,536 2679,530 2729,522"/>
                <TextEquiv>
                    <Unicode>Antressendt das gemelte ihre schwest</Unicode>
                </TextEquiv>
            </TextLine>
            <TextLine id="r3l5" custom="readingOrder {index:4;}">
                <Coords points="1729,694 1819,705 1872,655 2004,641 2104,671 2232,626 2301,648 2350,609 2725,601 2743,555 2060,576 2007,614 1907,595 1725,645"/>
                <Baseline points="1734,681 1784,669 1834,660 1884,652 1934,644 1985,639 2035,634 2085,630 2135,627 2185,625 2236,623 2286,621 2336,620 2386,617 2436,615 2487,611 2537,607 2587,602 2637,596 2687,588 2738,579"/>
                <TextEquiv>
                    <Unicode>Amn, so die elteste under ihnen der aren</Unicode>
                </TextEquiv>
            </TextLine>
            <TextLine id="r3l6" custom="readingOrder {index:5;} person {offset:12; length:12;}">
                <Coords points="1716,767 1893,717 1946,740 1974,707 2036,743 2124,686 2324,714 2503,668 2605,699 2716,656 2710,583 2577,630 2381,607 2295,652 2232,627 2105,670 2044,638 1916,681 1871,651 1819,705 1707,663"/>
                <Baseline points="1721,746 1770,736 1819,726 1869,718 1918,711 1967,705 2017,701 2066,698 2115,693 2165,690 2214,688 2263,685 2313,683 2362,680 2411,677 2461,673 2510,668 2559,663 2609,656 2658,649 2708,639"/>
                <TextEquiv>
                    <Unicode>schwesteren Hofensharten zucht ungefahren</Unicode>
                </TextEquiv>
            </TextLine>
            <TextLine id="r3l7" custom="readingOrder {index:6;}">
                <Coords points="1704,821 1761,832 1816,781 1926,824 2025,767 2225,774 2312,738 2520,772 2609,712 2725,723 2719,663 2612,698 2503,667 2327,721 2267,693 2197,733 2068,712 2027,746 1894,718 1698,762"/>
                <Baseline points="1709,810 1759,801 1809,793 1860,784 1910,778 1961,772 2011,767 2061,762 2112,758 2162,755 2213,751 2263,748 2313,745 2364,742 2414,738 2465,735 2515,731 2565,726 2616,720 2666,714 2717,707"/>
                <TextEquiv>
                    <Unicode>von 15 jahre alt, habe dieselbiche me</Unicode>
                </TextEquiv>
            </TextLine>
            <TextLine id="r3l8" custom="readingOrder {index:7;}">
                <Coords points="1769,894 1957,824 2081,862 2232,824 2594,818 2711,764 2708,727 2608,712 2452,781 2393,746 2303,781 2022,769 1907,822 1806,782 1763,822"/>
                <Baseline points="1773,857 1819,849 1866,844 1912,839 1959,834 2006,830 2052,828 2099,825 2145,822 2192,819 2239,816 2285,814 2332,812 2378,808 2425,805 2472,800 2518,796 2565,792 2611,786 2658,779 2705,771"/>
                <TextEquiv>
                    <Unicode>ahlen von eliche man, aber wole zwee</Unicode>
                </TextEquiv>
            </TextLine>
            <TextLine id="r3l9" custom="readingOrder {index:8;}">
                <Coords points="1707,946 2101,888 2155,925 2463,859 2670,888 2754,848 2749,778 2083,865 1950,826 1903,867 1703,900"/>
                <Baseline points="1712,932 1763,923 1815,915 1867,910 1919,905 1970,900 2022,896 2074,893 2126,889 2177,887 2229,884 2281,881 2333,878 2384,875 2436,872 2488,867 2540,863 2591,857 2643,851 2695,844 2747,836"/>
                <TextEquiv>
                    <Unicode>vnehliche kinder gehabt, deren das elfeßen</Unicode>
                </TextEquiv>
            </TextLine>
            <TextLine id="r3l10" custom="readingOrder {index:9;}">
                <Coords points="1716,1001 2140,957 2188,988 2354,928 2429,967 2562,923 2678,941 2745,906 2743,873 2659,893 2599,860 2531,902 2462,859 2344,913 2234,891 2112,936 1950,905 1712,948"/>
                <Baseline points="1721,989 1771,981 1822,976 1873,970 1924,966 1975,962 2026,958 2077,955 2128,951 2179,948 2230,945 2280,942 2331,939 2382,936 2433,933 2484,930 2535,926 2586,921 2637,916 2688,909 2739,903"/>
                <TextEquiv>
                    <Unicode>by 6 und das jüngste 2 jahren alt seyen</Unicode>
                </TextEquiv>
            </TextLine>
            <TextLine id="r3l11" custom="readingOrder {index:10;}">
                <Coords points="1713,1070 2077,1021 2183,1050 2242,1007 2350,1042 2466,990 2758,981 2756,916 2421,976 2294,947 2186,988 2139,957 2108,985 1834,981 1791,1015 1707,995"/>
                <Baseline points="1718,1050 1769,1046 1821,1041 1873,1036 1925,1032 1976,1028 2028,1024 2080,1020 2132,1017 2183,1013 2235,1009 2287,1007 2339,1002 2390,999 2442,995 2494,990 2546,985 2597,980 2649,974 2701,969 2753,962"/>
                <TextEquiv>
                    <Unicode>welche sich vfem Cnechst vergangnen Martin</Unicode>
                </TextEquiv>
            </TextLine>
            <TextLine id="r3l12" custom="readingOrder {index:11;}">
                <Coords points="1725,1125 1879,1095 1961,1133 2130,1079 2199,1108 2471,1057 2664,1084 2730,1041 2725,977 2611,1025 2463,991 2358,1042 2233,1008 2184,1050 2080,1025 2019,1061 1866,1043 1831,1079 1722,1086"/>
                <Baseline points="1731,1119 1780,1112 1830,1106 1879,1101 1929,1096 1979,1091 2028,1088 2078,1084 2127,1081 2177,1078 2227,1075 2276,1073 2326,1070 2375,1067 2425,1064 2475,1061 2524,1056 2574,1050 2623,1046 2673,1040 2723,1032"/>
                <TextEquiv>
                    <Unicode>marit noch alhie befunden. Aber nach</Unicode>
                </TextEquiv>
            </TextLine>
            <TextLine id="r3l13" custom="readingOrder {index:12;}">
                <Coords points="1713,1197 1757,1179 1820,1215 1910,1174 1971,1210 2232,1181 2285,1141 2415,1139 2488,1177 2655,1113 2653,1081 2581,1053 2199,1109 2148,1087 2111,1119 2037,1095 1948,1144 1875,1102 1709,1140"/>
                <Baseline points="1719,1182 1765,1176 1811,1172 1858,1168 1904,1165 1951,1161 1997,1158 2044,1156 2090,1152 2137,1150 2183,1147 2229,1145 2276,1142 2322,1140 2369,1136 2415,1134 2462,1130 2508,1126 2555,1122 2601,1117 2648,1112"/>
                <TextEquiv>
                    <Unicode>siderhar nach dem widerlandt begeben.</Unicode>
                </TextEquiv>
            </TextLine>
            <TextLine id="r3l14" custom="readingOrder {index:13;}">
                <Coords points="1712,1261 1724,1262 1738,1252 1751,1263 1775,1257 1796,1272 1823,1266 1820,1168 1813,1169 1781,1200 1772,1192 1756,1195 1747,1188 1710,1199"/>
                <Baseline points="1718,1250 1750,1247 1782,1245 1815,1248"/>
                <TextEquiv>
                    <Unicode>habe.</Unicode>
                </TextEquiv>
            </TextLine>
            <TextLine id="r3l15" custom="readingOrder {index:14;}">
                <Coords points="1708,1357 2153,1296 2540,1297 2713,1259 2721,1227 2559,1243 2423,1190 2239,1263 2151,1218 2093,1258 1702,1279"/>
                <Baseline points="1713,1335 1763,1328 1813,1321 1863,1315 1913,1311 1964,1306 2014,1302 2064,1299 2114,1295 2164,1292 2215,1289 2265,1286 2315,1283 2365,1280 2415,1277 2466,1273 2516,1270 2566,1266 2616,1263 2666,1257 2717,1253"/>
                <TextEquiv>
                    <Unicode>Im Ubrigen dan habe gwar sy vor einem</Unicode>
                </TextEquiv>
            </TextLine>
            <TextLine id="r3l16" custom="readingOrder {index:15;}">
                <Coords points="1716,1405 1870,1424 1935,1373 2063,1382 2126,1350 2194,1391 2257,1351 2503,1328 2558,1360 2698,1330 2694,1266 1712,1351"/>
                <Baseline points="1722,1395 1770,1387 1818,1381 1867,1375 1915,1371 1964,1366 2012,1362 2060,1359 2109,1356 2157,1353 2206,1350 2254,1348 2302,1345 2351,1343 2399,1341 2448,1337 2496,1333 2544,1329 2593,1324 2641,1319 2690,1313"/>
                <TextEquiv>
                    <Unicode>verfloßen jahr (war der 24. ocembris</Unicode>
                </TextEquiv>
            </TextLine>
            <TextLine id="r3l17" custom="readingOrder {index:16;}">
                <Coords points="1713,1467 1850,1474 2004,1428 2039,1454 2109,1421 2291,1440 2351,1408 2408,1440 2461,1400 2577,1436 2719,1393 2714,1320 2534,1373 2360,1345 2197,1392 2124,1349 1931,1413 1709,1405"/>
                <Baseline points="1719,1460 1768,1452 1818,1444 1867,1439 1917,1433 1967,1430 2016,1426 2066,1422 2116,1421 2165,1419 2215,1416 2265,1413 2314,1412 2364,1410 2414,1407 2463,1405 2513,1401 2563,1397 2612,1393 2662,1386 2712,1380"/>
                <TextEquiv>
                    <Unicode>b 5g eine sydtsglubt gethan mnghe und</Unicode>
                </TextEquiv>
            </TextLine>
            <TextLine id="r3l18" custom="readingOrder {index:17;} place {offset:16; length:4;}">
                <Coords points="1711,1568 1780,1509 1842,1537 1935,1502 2703,1461 2699,1399 2668,1394 2577,1440 2519,1414 2408,1440 2352,1407 2215,1450 2003,1429 1705,1471"/>
                <Baseline points="1715,1517 1764,1514 1813,1511 1862,1508 1911,1505 1960,1502 2009,1500 2058,1497 2107,1494 2156,1492 2205,1489 2254,1487 2303,1482 2352,1480 2401,1476 2450,1473 2499,1470 2548,1466 2597,1462 2646,1458 2696,1454"/>
                <TextEquiv>
                    <Unicode>obers der statl Bern kandt nit mehr</Unicode>
                </TextEquiv>
            </TextLine>
            <TextLine id="r3l19" custom="readingOrder {index:18;}">
                <Coords points="1694,1633 1904,1564 2092,1620 2183,1577 2740,1525 2736,1472 2617,1506 2517,1468 2238,1526 2032,1498 1842,1537 1780,1509 1689,1557"/>
                <Baseline points="1697,1581 1748,1580 1800,1580 1852,1578 1904,1577 1955,1575 2007,1574 2059,1571 2111,1568 2162,1565 2214,1563 2266,1559 2318,1556 2369,1551 2421,1547 2473,1542 2525,1537 2576,1532 2628,1526 2680,1521 2732,1514"/>
                <TextEquiv>
                    <Unicode>zubetredt. Ober derselbigen zu wider</Unicode>
                </TextEquiv>
            </TextLine>
            <TextLine id="r3l20" custom="readingOrder {index:19;}">
                <Coords points="1702,1687 1814,1649 1910,1686 1944,1651 2214,1665 2311,1623 2382,1649 2543,1604 2746,1606 2742,1547 2633,1576 2524,1544 2453,1573 2340,1554 2244,1599 2183,1577 2087,1625 1911,1572 1698,1626"/>
                <Baseline points="1706,1649 1757,1647 1809,1647 1860,1646 1912,1644 1964,1644 2015,1642 2067,1640 2118,1638 2170,1635 2222,1633 2273,1629 2325,1626 2376,1623 2428,1619 2480,1615 2531,1611 2583,1605 2634,1600 2686,1595 2738,1589"/>
                <TextEquiv>
                    <Unicode>gethan, sihins landt gelassen und aner</Unicode>
                </TextEquiv>
            </TextLine>
            <TextLine id="r3l21" custom="readingOrder {index:20;}">
                <Coords points="1667,1743 1792,1714 2074,1730 2125,1704 2171,1733 2286,1694 2425,1705 2422,1642 2350,1630 2214,1667 2135,1639 2015,1665 1945,1651 1909,1684 1860,1654 1753,1688 1665,1679"/>
                <Baseline points="1673,1727 1710,1722 1747,1718 1784,1714 1821,1712 1859,1710 1896,1707 1933,1706 1970,1706 2007,1704 2045,1704 2082,1703 2119,1703 2156,1701 2193,1701 2231,1700 2268,1698 2305,1696 2342,1695 2379,1692 2417,1688"/>
                <TextEquiv>
                    <Unicode>wendten wygerhausi geheticket.</Unicode>
                </TextEquiv>
            </TextLine>
            <TextLine id="r3l22" custom="readingOrder {index:21;}">
                <Coords points="1698,1835 1745,1804 1947,1821 2014,1792 2060,1830 2109,1800 2254,1826 2328,1777 2407,1802 2666,1773 2686,1721 2562,1680 2431,1726 2318,1699 2268,1754 2122,1768 1971,1710 1805,1743 1692,1725"/>
                <Baseline points="1703,1808 1751,1805 1800,1802 1849,1800 1898,1797 1947,1794 1996,1791 2045,1790 2094,1787 2143,1784 2192,1781 2240,1780 2289,1776 2338,1774 2387,1773 2436,1770 2485,1767 2534,1764 2583,1763 2632,1761 2681,1758"/>
                <TextEquiv>
                    <Unicode>Ist ein mal lahr vfzogen worden.</Unicode>
                </TextEquiv>
            </TextLine>
            <TextLine id="r3l23" custom="readingOrder {index:22;}">
                <Coords points="1652,1894 2080,1866 2208,1909 2323,1865 2425,1871 2424,1808 2309,1796 2252,1826 2124,1810 2077,1831 2016,1791 1923,1823 1745,1804 1714,1830 1650,1802"/>
                <Baseline points="1658,1875 1696,1872 1734,1869 1772,1867 1810,1865 1848,1863 1886,1861 1924,1859 1962,1857 2000,1857 2038,1856 2076,1856 2114,1855 2152,1855 2190,1856 2228,1856 2266,1857 2304,1858 2342,1859 2380,1861 2418,1863"/>
                <TextEquiv>
                    <Unicode>Actam ut supra3.</Unicode>
                </TextEquiv>
            </TextLine>
            <TextLine id="r3l24" custom="readingOrder {index:23;}">
                <Coords points="1670,1999 2092,1955 2267,1957 2317,2001 2378,1970 2456,1996 2558,1955 2734,1962 2733,1913 2487,1875 2315,1912 2009,1876 1955,1920 1875,1878 1776,1908 1668,1886"/>
                <Baseline points="1676,1970 1728,1969 1781,1967 1833,1967 1886,1964 1938,1963 1991,1962 2043,1960 2096,1959 2148,1958 2201,1956 2254,1955 2306,1955 2359,1953 2411,1953 2464,1953 2516,1953 2569,1953 2621,1953 2674,1955 2727,1956"/>
                <TextEquiv>
                    <Unicode>Das gelt so sich biß E 65. t. klaufft ligt hinder dem</Unicode>
                </TextEquiv>
            </TextLine>
            <TextLine id="r3l25" custom="readingOrder {index:24;} place {offset:13; length:7;}">
                <Coords points="1594,2053 1649,2039 1705,2069 1793,2036 1869,2037 1891,2055 1947,2042 1981,2068 2061,2027 2118,2027 2117,1961 2094,1955 2041,1987 2021,1972 1914,1990 1837,1975 1786,1994 1750,1970 1681,1996 1644,1976 1594,1993"/>
                <Baseline points="1601,2028 1626,2028 1652,2027 1677,2027 1703,2025 1728,2025 1754,2025 1779,2024 1805,2024 1830,2024 1856,2024 1881,2024 1907,2024 1932,2024 1958,2024 1983,2024 2009,2024 2034,2025 2060,2025 2085,2027 2111,2027"/>
                <TextEquiv>
                    <Unicode>Frywedbel zu Rithten.</Unicode>
                </TextEquiv>
            </TextLine>
            <TextLine id="r3l26" custom="readingOrder {index:25;} person {offset:0; length:12;}">
                <Coords points="1874,2312 2002,2292 2536,2320 2537,2264 2499,2251 2240,2257 2116,2197 2008,2244 1876,2235"/>
                <Baseline points="1881,2282 1913,2282 1945,2283 1978,2283 2010,2283 2043,2284 2075,2285 2107,2286 2140,2286 2172,2288 2205,2288 2237,2289 2269,2290 2302,2292 2334,2292 2367,2294 2399,2295 2431,2297 2464,2297 2496,2298 2529,2300"/>
                <TextEquiv>
                    <Unicode>Hans Burtner der alte</Unicode>
                </TextEquiv>
            </TextLine>
            <TextLine id="r3l27" custom="readingOrder {index:26;} place {offset:20; length:8;}">
                <Coords points="1775,2355 1838,2390 1876,2367 2026,2390 2171,2342 2222,2382 2417,2383 2458,2411 2560,2395 2563,2324 2476,2332 2411,2305 2094,2324 2008,2298 1892,2310 1841,2275 1777,2303"/>
                <Baseline points="1782,2330 1820,2334 1859,2337 1897,2340 1936,2343 1975,2345 2013,2346 2052,2348 2091,2348 2129,2349 2168,2349 2207,2350 2245,2351 2284,2352 2323,2353 2361,2354 2400,2355 2439,2357 2477,2361 2516,2364 2555,2367"/>
                <TextEquiv>
                    <Unicode>waseintvffen moß by Muldorff</Unicode>
                </TextEquiv>
            </TextLine>
            <TextLine id="r3l28" custom="readingOrder {index:27;} person {offset:0; length:12;}">
                <Coords points="1599,2470 2527,2498 2550,2417 2254,2423 2207,2390 2090,2445 1910,2390 1805,2408 1739,2361 1600,2417"/>
                <Baseline points="1605,2456 1651,2456 1698,2456 1745,2457 1792,2457 1839,2459 1885,2459 1932,2461 1979,2462 2026,2464 2073,2465 2119,2466 2166,2468 2213,2469 2260,2471 2307,2472 2353,2473 2400,2474 2447,2474 2494,2474 2541,2474"/>
                <TextEquiv>
                    <Unicode>Hans Gurtner ein alter seiner sag nach</Unicode>
                </TextEquiv>
            </TextLine>
            <TextLine id="r3l29" custom="readingOrder {index:28;}">
                <Coords points="1624,2557 1666,2566 1726,2520 1786,2566 1868,2530 2380,2533 2503,2569 2549,2543 2550,2497 2478,2515 2362,2476 2316,2499 2163,2473 2058,2508 2025,2475 1691,2463 1626,2498"/>
                <Baseline points="1632,2519 1677,2519 1723,2520 1768,2522 1814,2523 1859,2525 1905,2526 1950,2528 1996,2528 2041,2529 2087,2531 2133,2532 2178,2532 2224,2534 2269,2535 2315,2535 2360,2537 2406,2538 2451,2538 2497,2539 2543,2540"/>
                <TextEquiv>
                    <Unicode>jähriger übelmögender lamer kom, he</Unicode>
                </TextEquiv>
            </TextLine>
            <TextLine id="r3l30" custom="readingOrder {index:29;} place {offset:13; length:9;} person {offset:41; length:5; continued:true;}">
                <Coords points="1683,2616 1807,2592 1854,2632 2053,2594 2213,2636 2272,2593 2338,2634 2377,2599 2721,2636 2723,2580 2596,2542 2479,2576 2354,2539 1922,2533 1792,2567 1686,2542"/>
                <Baseline points="1691,2585 1742,2585 1793,2585 1844,2585 1895,2586 1947,2588 1998,2589 2049,2590 2100,2592 2151,2594 2203,2596 2254,2598 2305,2600 2356,2603 2407,2604 2459,2606 2510,2609 2561,2610 2612,2612 2663,2613 2715,2613"/>
                <TextEquiv>
                    <Unicode>uffem moß by mülidorff. Ist io bysen hro Rhnts</Unicode>
                </TextEquiv>
            </TextLine>
            <TextLine id="r3l31" custom="readingOrder {index:30;} person {offset:0; length:10; continued:true;}">
                <Coords points="1675,2683 1965,2658 2085,2690 2359,2675 2395,2708 2563,2677 2604,2716 2706,2686 2708,2631 2576,2615 2504,2647 2369,2608 2338,2634 2271,2593 2191,2642 2058,2601 1855,2632 1797,2593 1736,2623 1677,2603"/>
                <Baseline points="1683,2643 1733,2646 1784,2649 1835,2651 1886,2652 1937,2654 1988,2657 2038,2658 2089,2659 2140,2660 2191,2661 2242,2663 2293,2664 2344,2666 2394,2667 2445,2668 2496,2670 2547,2672 2598,2674 2649,2676 2700,2679"/>
                <TextEquiv>
                    <Unicode>zechenders ir Großweibels und fro als schitte</Unicode>
                </TextEquiv>
            </TextLine>
            <TextLine id="r3l32" custom="readingOrder {index:31;}">
                <Coords points="1685,2720 2023,2729 2132,2768 2265,2741 2517,2756 2519,2704 2392,2708 2360,2675 2310,2701 2048,2673 1982,2692 1859,2660 1826,2689 1687,2680"/>
                <Baseline points="1692,2703 1735,2708 1778,2712 1821,2715 1864,2718 1907,2721 1950,2723 1993,2726 2036,2728 2079,2730 2123,2732 2166,2733 2209,2733 2252,2735 2295,2736 2338,2736 2381,2736 2424,2736 2467,2737 2511,2738"/>
                <TextEquiv>
                    <Unicode>nit ferbegs den 4tn eecemb. 1652.</Unicode>
                </TextEquiv>
            </TextLine>
            <TextLine id="r3l33" custom="readingOrder {index:32;}">
                <Coords points="2516,2776 2524,2777 2558,2748 2574,2749 2578,2683 2560,2683 2552,2679 2530,2690 2523,2690"/>
                <Baseline points="2526,2738 2568,2741"/>
                <TextEquiv>
                    <Unicode>d</Unicode>
                </TextEquiv>
            </TextLine>
            <TextLine id="r3l34" custom="readingOrder {index:33;}">
                <Coords points="1646,2801 1714,2792 1747,2818 1785,2785 1840,2825 1944,2789 2169,2817 2236,2798 2325,2839 2409,2798 2411,2752 2093,2771 1950,2725 1861,2754 1755,2715 1648,2750"/>
                <Baseline points="1653,2783 1690,2781 1728,2780 1765,2780 1803,2780 1840,2782 1878,2783 1915,2784 1953,2787 1990,2789 2028,2791 2065,2793 2103,2795 2140,2796 2178,2798 2215,2798 2253,2799 2290,2799 2328,2798 2365,2795 2403,2793"/>
                <TextEquiv>
                    <Unicode>Kifi verhört und gegen den gefan</Unicode>
                </TextEquiv>
            </TextLine>
            <TextLine id="r3l35" custom="readingOrder {index:34;} person {offset:0; length:7;}">
                <Coords points="1661,2856 1843,2841 2203,2900 2325,2860 2395,2896 2465,2865 2631,2885 2645,2800 2525,2828 2462,2802 2411,2840 2098,2798 1845,2824 1785,2786 1747,2819 1662,2799"/>
                <Baseline points="1668,2838 1716,2841 1764,2843 1813,2844 1861,2846 1910,2847 1958,2849 2007,2851 2055,2852 2104,2853 2152,2855 2200,2856 2249,2856 2297,2858 2346,2859 2394,2859 2443,2861 2491,2861 2540,2862 2588,2862 2637,2864"/>
                <TextEquiv>
                    <Unicode>Stoffel deß anklagten bösen gezegs selbig</Unicode>
                </TextEquiv>
            </TextLine>
            <TextLine id="r3l36" custom="readingOrder {index:35;}">
                <Coords points="1688,2923 1936,2923 2049,2971 2187,2972 2304,2922 2444,2957 2488,2938 2465,2864 2380,2898 2277,2866 2215,2902 2129,2865 2018,2896 1974,2863 1910,2891 1857,2855 1815,2875 1690,2853"/>
                <Baseline points="1695,2897 1734,2903 1773,2907 1812,2911 1852,2915 1891,2918 1930,2919 1970,2921 2009,2922 2048,2922 2088,2924 2127,2924 2166,2924 2205,2924 2245,2924 2284,2924 2323,2924 2363,2925 2402,2925 2441,2927 2481,2928"/>
                <TextEquiv>
                    <Unicode>stoctiert worden, Der hat daruber</Unicode>
                </TextEquiv>
            </TextLine>
            <TextLine id="r3l37" custom="readingOrder {index:36;}">
                <Coords points="1681,2976 1715,2985 1733,2974 1746,2983 1764,2975 1788,2978 1808,2987 1829,3009 1842,3011 1848,2928 1816,2919 1795,2930 1775,2913 1733,2916 1724,2908 1698,2927 1685,2929"/>
                <Baseline points="1688,2967 1713,2969 1738,2969 1763,2970 1788,2973 1813,2976 1838,2979"/>
                <TextEquiv>
                    <Unicode>bekent,</Unicode>
                </TextEquiv>
            </TextLine>
            <TextLine id="r3l38" custom="readingOrder {index:37;} person {offset:16; length:5;}">
                <Coords points="1651,3055 1714,3034 1908,3070 1994,3040 2105,3063 2321,3059 2323,2980 2177,3015 2093,3009 2061,2977 1954,2991 1893,2972 1808,2999 1702,2988 1654,2958"/>
                <Baseline points="1659,3035 1691,3036 1724,3036 1757,3038 1790,3039 1823,3041 1855,3041 1888,3042 1921,3044 1954,3045 1987,3047 2019,3047 2052,3048 2085,3048 2118,3048 2150,3050 2183,3050 2216,3050 2249,3050 2282,3050 2315,3048"/>
                <TextEquiv>
                    <Unicode>D er inne elein Jaggi die Ma</Unicode>
                </TextEquiv>
            </TextLine>
            <TextLine id="r3l39" custom="readingOrder {index:38;}">
                <Coords points="1676,3097 1786,3098 1833,3133 1857,3112 1928,3103 1963,3139 2020,3099 2128,3104 2164,3139 2195,3141 2196,3070 2171,3056 2105,3065 2048,3046 2012,3060 1991,3040 1914,3071 1854,3046 1803,3065 1765,3041 1677,3047"/>
                <Baseline points="1683,3089 1708,3091 1733,3093 1758,3095 1784,3096 1809,3097 1834,3098 1860,3098 1885,3099 1910,3099 1936,3099 1961,3099 1986,3099 2011,3099 2037,3099 2062,3099 2087,3099 2113,3101 2138,3101 2163,3102 2189,3104"/>
                <TextEquiv>
                    <Unicode>andere Ire mittpfuustige</Unicode>
                </TextEquiv>
            </TextLine>
            <TextLine id="r3l40" custom="readingOrder {index:39;}">
                <Coords points="2205,3127 2214,3126 2224,3137 2241,3122 2273,3142 2312,3108 2322,3108 2330,3115 2340,3113 2340,3058 2289,3055 2271,3072 2263,3065 2256,3068 2226,3055 2205,3060"/>
                <Baseline points="2211,3102 2241,3096 2272,3096 2303,3099 2334,3099"/>
                <TextEquiv>
                    <Unicode>zeze</Unicode>
                </TextEquiv>
            </TextLine>
            <TextLine id="r3l41" custom="readingOrder {index:40;}">
                <Coords points="1679,3160 1872,3177 1908,3152 2012,3173 2180,3158 2280,3190 2379,3149 2400,3162 2370,3105 2284,3134 2203,3115 2166,3141 2125,3105 2023,3098 1963,3139 1928,3104 1835,3135 1777,3095 1680,3098"/>
                <Baseline points="1686,3146 1721,3149 1756,3151 1792,3153 1827,3154 1862,3156 1898,3156 1933,3156 1968,3156 2004,3158 2039,3157 2074,3156 2110,3156 2145,3156 2180,3156 2216,3155 2251,3155 2286,3155 2322,3155 2357,3155 2393,3156"/>
                <TextEquiv>
                    <Unicode>mit Inen geßen, vnd fruncken habe.</Unicode>
                </TextEquiv>
            </TextLine>
            <TextLine id="r3l42" custom="readingOrder {index:41;}">
                <Coords points="1664,3249 1729,3215 1754,3230 1813,3213 1940,3263 2163,3250 2230,3206 2313,3222 2313,3177 2255,3188 2189,3160 2148,3182 2110,3163 1989,3187 1903,3168 1849,3197 1803,3159 1663,3148"/>
                <Baseline points="1670,3213 1701,3213 1733,3213 1765,3215 1797,3215 1829,3215 1861,3215 1892,3215 1924,3215 1956,3215 1988,3215 2020,3215 2052,3215 2084,3215 2115,3215 2147,3213 2179,3213 2211,3213 2243,3212 2275,3210 2307,3210"/>
                <TextEquiv>
                    <Unicode>sye von übelmögenheit und ar</Unicode>
                </TextEquiv>
            </TextLine>
            <TextEquiv>
                <Unicode>genst nach einher gstalt 

darzu geholffen
Antressendt das gemelte ihre schwest
Amn, so die elteste under ihnen der aren
schwesteren Hofensharten zucht ungefahren
von 15 jahre alt, habe dieselbiche me
ahlen von eliche man, aber wole zwee
vnehliche kinder gehabt, deren das elfeßen
by 6 und das jüngste 2 jahren alt seyen
welche sich vfem Cnechst vergangnen Martin
marit noch alhie befunden. Aber nach
siderhar nach dem widerlandt begeben.
habe.
Im Ubrigen dan habe gwar sy vor einem
verfloßen jahr (war der 24. ocembris
b 5g eine sydtsglubt gethan mnghe und
obers der statl Bern kandt nit mehr
zubetredt. Ober derselbigen zu wider
gethan, sihins landt gelassen und aner
wendten wygerhausi geheticket.
Ist ein mal lahr vfzogen worden.
Actam ut supra3.
Das gelt so sich biß E 65. t. klaufft ligt hinder dem
Frywedbel zu Rithten.
Hans Burtner der alte
waseintvffen moß by Muldorff
Hans Gurtner ein alter seiner sag nach
jähriger übelmögender lamer kom, he
uffem moß by mülidorff. Ist io bysen hro Rhnts
zechenders ir Großweibels und fro als schitte
nit ferbegs den 4tn eecemb. 1652.
d
Kifi verhört und gegen den gefan
Stoffel deß anklagten bösen gezegs selbig
stoctiert worden, Der hat daruber
bekent,
D er inne elein Jaggi die Ma
andere Ire mittpfuustige
zeze
mit Inen geßen, vnd fruncken habe.
sye von übelmögenheit und ar</Unicode>
            </TextEquiv>
        </TextRegion>
    </Page>
</PcGts>
