3024 4032
762 210 1197 369 Hans Güäg
574 244 1458 528 dtindnt ragt
617 374 1528 620 geehrter Sern Krolus von Vorstetten, Erd
605 429 1521 667 mittrhat in bei sein hochgedachts herren w
601 487 1498 709 helns von Diesebach, hrs alt spittalm vos
615 554 1519 790 bers, hrr alt vogt Nötigers undt de
607 614 1506 851 Goßweibels Hans Gnagi einen altein
603 694 1490 897 übelmogenden man von dlemer weil
610 751 1516 965 aucf mündtlich examiniert, der hatten
606 827 1128 961 nach langem bekent.
555 882 1514 1099 Daß gedachter er vogt Nötiger, ime alßi
548 957 1513 1151 sette zeit zu Rauppen in der gefangenscht von
576 1033 1510 1219 schuld wegen ußgestanden und wegen nit er
589 1088 1537 1297 volgter bezahlung, uff hro rhatsseren he
611 1181 1493 1339 begeren hin, den eidt von Ir g Statt vnd
562 1247 1488 1396 Landen, geben: den en gebrochen, vnd vor
594 1301 1495 1468 vnd ehe er von Ir 9 Herren Schuldth doch¬
583 1379 1493 1551 selhofen als ein ehenachfahr wolehren.
574 1444 1500 1605 gemelts hrr kochs s bewilligunger.
583 1543 1525 1668 langet, mahl kandt betretfen, Soob
587 1598 1503 1741 mar von gesuchter narung wegen und
567 1680 1092 1781 ußmangel bescheihn
1284 1705 1510 1804 Solche s
585 1757 1502 1880 trettung aber sye imme hertzlich lid
562 1824 1491 1941 und bittet deßweg umb gnad und von
530 1897 812 2026 zeichung.
816 1902 1508 2028 Ad 18. decemb 112
538 2088 1480 2201 en 20. decemb 1652 ist diser Gnägi inbe
565 2158 1490 2266 obachtung seines hochen zunwünglich alters su
562 2214 1477 2340 gnädiger straff 1 monat lung ins schallen
568 2269 1507 2384 werde erkent, wiewol er dahin untugenlich
533 2379 1495 2482 doch aber von diser eidts übersechung wegen
523 2429 1492 2556 straffwürdig. jedoch das hernach er sich aller
536 2499 1309 2634 trölen müßigen und enzüch solle.
1582 938 1653 1037 8
2653 270 2740 348 75
1908 331 2314 461 Wadle Shär
1655 397 2694 587 empfangnen beüelich habend e vch diener Große
1663 451 2743 623 und gricht schreiber den 23. decenb 1652 die diob
2619 499 2681 570 so
1674 505 2620 682 im spittal khaffte Madle Hans Jacob Schärfs
1649 545 2657 738 zur salhie eheliche tochter, so ich vor 2 Jahren
1673 602 2749 775 mit Barthloiie marthi ab e landtgarben e ehelichet
1669 644 2759 822 und by ime ein kind erzeget und annach by ire
1652 707 2757 900 abt erntwörtig und by betreüwung der Martl
1669 772 2595 939 examiniert, die hat um dreber bekent.
1656 846 2734 1017 Nachden ir mann sidt der ersten in vergangnen jahr
1685 925 2759 1062 gewesnen waßergröße, sie verlaßen und ohne mittel
1664 986 2716 1113 von Irn ins niderlaud gezogen, sabe sie zwar
1676 1040 2713 1181 sich ein zeit lang mit näyen und anderer handtar.
1657 1109 2706 1253 beit erhalten, Heinach aber leider hin und her
1654 1171 2734 1323 zum zugreiffen ergeben, vnd an vndrheidenlich
1658 1253 2269 1380 ortten genomen, Namlich
1634 1324 2433 1466 Dem jrs sigmundt von Waldenweil
1603 1403 2295 1536 Herr Vr von Wuttenweil¬
1642 1478 2381 1609 Ir Hans Ulrich von Graffmried
1657 1569 2713 1675 heren stattschreiber schuldtheiße abbrechts von
1644 1642 2025 1740 Erlach s wittib.
1624 1716 2140 1833 Dalten fr Biedere.
1627 1789 2198 1892 dem jurg hrn durcheim
1645 1846 2624 1999 hrr 6lb jeder persahn ein ehrig düpfn
2644 1892 2749 1971 So
1666 1940 2426 2050 aber inen allen neid geben worden.
1591 2036 2669 2197 Deme der hr stattschreibers roht 1 ehri
1608 2101 1747 2228 suß
1591 2203 2683 2345 r seinlicher steiger ein ehrig düpf udt
1647 2266 2637 2401 2. Abbrich dem sie auch wider zugestelt.
1632 2357 2737 2516 Hans Bengers frauwen der hebiumen alhie
1654 2463 2704 2587 ein ehrigs gäfeli, welches aber ir mannnen
1664 2533 1887 2627 abgeiagt.
1566 2602 2637 2782 Mehr, alß Sie bein Schwellindt Scharr Ire
1644 2686 2754 2879 Vatteren gedienet, habe Sie deßelben töchtern
1647 2755 2762 2956 hine guldige guben entfröübdet und selbige
1644 2812 2655 3010 Ir wolffg Mey vmb 34 bz. G kaufften
1642 2902 2741 3105 Lis will aber dselb deßelben gar nüt gestredig
1668 2946 1734 3035 ein
1570 3014 2742 3255 Item mr Wolffgang dywie 1 schallweßel
1645 3105 2698 3346 und dem zeib dywi s en jinigs blägtli
1648 3180 2508 3358 so aber auch beidzeits bezalt worden
1604 3295 1649 3365 2
1665 3283 2718 3492 Dumb 1652 ist erkent, das sie solle uf ein gute cnher
1661 3344 2766 3540 und verwehruung ledig gelaßen undt mit einer glübt
1666 3385 2731 3646 of gnad hin von Burgs zie Heiwig vwisen werden.
