3024 4032
586 214 1531 455 Prmnner, So tetzundt auch in vnd
652 266 1531 502 könne sy nüt sagen, daß sy selbs
664 324 1494 556 ttwas b�s verbracht habind.
915 713 1344 846 Ans Heren
765 742 1327 935 vos gen selgesosen
671 891 1557 1104 ach dem Hanß Heini sonst gent Gyger
630 951 1561 1156 hausi fürgebendermaß pürtig von wyßen
615 1005 1557 1201 Burg Hansen deß schmidts vos sohn ungetagli
651 1067 1482 1253 22 jahren alt. sambst ags den 20tag
652 1131 1454 1300 nechsthin mit seiner tirren Margret
1482 1197 1556 1275 16
633 1218 1541 1384 by anß wyß in der ey der kilcheyn vglen
1459 1235 1547 1337 f
631 1242 1536 1431 und gricht walckringen in dem nemen
643 1307 1559 1483 seine nachtlerbrig genomen und mornerst
641 1372 1524 1528 von dem aman zu Wattringen unnd
643 1432 1542 1583 anderen mehr für verdechtig gehalten
631 1487 1540 1636 Deßwegen morndeß den 21.tag mit fra
609 1551 1542 1683 gefenklich angenommen, und de 22t dito
639 1616 1524 1764 allhar gefhnert, auch bißhar ge
651 1684 1527 1806 warsamlich enthalten worden. att
654 1749 1547 1878 e. g für gut und nothwendig angehen
649 1809 1552 1915 daß erwendter GygerHans vnnd
636 1894 1535 1995 seine rarn (welche schon hieubr alhie
636 1924 1546 2047 gfangen deß zu murten mit dem stran
646 1978 1552 2108 hingerichten Stapfhaußen eicen gewesen,
660 2058 1536 2155 und uf ein glüht hin de� landts viesen
647 2107 1532 2222 worden. Soltindt ernstwörtich und nach
641 2182 1516 2289 befindtnuß mit mardter sonderlich
637 2241 1530 2341 aber, ob sy nit von den durch ihren
633 2303 1467 2401 gefangnen schwäger Klein Jagg
578 2330 1515 2468 verbrachten Diebstal zu Asfalte
639 2405 1511 2546 gewüst. In dem sehbig geholffen
600 2467 1504 2610 Item geldt sin einem secel by gewelt
582 2533 1542 2690 Wyßeen Osfenhus im ärdeserich verharen
621 2589 1503 2734 unß verborgen, aller nechst vor ihrer
631 2642 1522 2833 behendlegang examiniert werden.
612 2698 1493 2878 So gestert den 3  und uf heüt
613 2764 1501 2953 Den 34 decembr wylen sy abder
610 2809 1514 3019 fründtligkheit müt thu wolten, prilich
589 2872 1516 3086 beschech, Die habendtin an un
620 2959 1458 3152 nach der mardter bekendt:
505 3040 1517 3256 amlich er Hanß Heini Seye sidt 1 oder
598 3095 1519 3320 14 jahren daher nachdam in sein vatt
614 3178 1501 3392 gestorben, hm landtumbher unn
359 3231 1533 3504 in gegenwürtigkeit deß woledlen etc. Herren genciel
425 3290 1507 3546 vol glach er gmittehat, hr. drosr von Wattenweil u
409 3407 1246 3633 hrr zu Andwrig augspargeles verburg.
2675 309 2759 393 70
1743 345 2683 491 sonderlich sidt ettlichen jahren dahar mit
1724 414 2716 550 der gygen uff den jahrnerieten umbhergee
1708 474 2725 627 zagen nit bstendig unn meisteren, sonder
1742 523 2731 643 auß zun zythen vmb den dawen gedienet
1714 587 2719 718 sich vor etlwas zyts an eine gwüße wybs
1730 648 2695 769 persohn, so sich Maria ußem sollothnenen
1724 713 2699 839 gebiet genambset gehenkt, derselbigen
1718 746 2693 882 zwar den eh versprochen und ungefahrt
1722 805 2698 938 anderthalbs jahr mit ihra im landt
1715 878 2674 1000 umbher gezogen, ohne emch voln zagnes
1699 929 2763 1050 kirchenrecht, Alß aber sy imme schwarte
1727 981 2781 1115 wullig huseuch. darus er imme habe welle
1717 1044 2767 1189 hosen mach laß denthagen und ihra zanck
1713 1139 2687 1242 darumb unbesgrues einen rak darub
1723 1163 2731 1313 machen laßern und sich darmit fort gemacht
1711 1238 2714 1369 Hernach aber wider zu semme kommen
1710 1296 2713 1428 habe er ira disen rack genommen und sy
1667 1367 2722 1494 So mit anderen geleichelt verlaßen,
1635 1452 2746 1627 Nachdisem habe er ermelte Margret Brunner
1727 1565 2753 1658 ein tochter von der Hosenscharfen zucht zu synem
1725 1595 2760 1706 großen unglüche leider am nechst verfloßen
1714 1661 2780 1775 herbstmerckt zu thun angetroffen, derselbigen
1708 1710 2738 1837 zwar die eh versprochen, aber nach nitt
1723 1770 2716 1883 nach Christenlicher ordnung mit ihro
1994 1835 2718 1935 Dise nun habe imme das
1714 1846 1960 1934 volzogen.
1720 1886 2689 2001 geldt, weliches er in der ey neben des
1705 1943 2775 2052 Wyßen offenhus in das Ardterich in einem
1729 2010 2710 2118 Selbel, den Er zu Zurzach kauff ver
1733 2069 2745 2168 harret und verborgen geben und daby
1720 2125 2778 2238 vermeldet, daß sy söliches dem klein Jaggi
1725 2187 2773 2292 ihrem schwägers genommen habe, weliches nocht
1713 2256 2771 2353 willes verhanden ußegt dem gfft, weliches er zu Müri umb ein bahr schug
1702 2309 2761 2402 im ubrigen hatt er weder wenig noch
1726 2361 2754 2436 vihl wollen endtrauldet auch mitsich
1725 2416 2756 2491 mit anderen in unkunschheit verdrabet
1710 2479 2740 2569 haben, sonder diß übel und unglegenheit
1718 2537 2717 2628 angedeüter seiner thienen zugemeßen
1724 2587 2715 2699 Wiewol er nütit uf sy angeben und
1717 2653 2256 2759 und bekennen w�llen.
2254 2659 2322 2737 1
1690 2717 2693 2865 Ist 1in mal lähs und 1i mal mit den
1709 2812 2742 2934 eleisten oder 45 lbigen stein ufzig worden.
1689 2939 2693 3092 Den 4tn decemb 1652 ist gedachter Hans Heini
1685 3048 2695 3152 weiln seine thalb beßerung zeuerhoffen Zur straff
1686 3100 2725 3216 Ins schallenwerck erkent und diser erlütherung
1688 3173 2651 3271 das vor 2 jahren er daselbst nit ledig gelaßen
1697 3253 1986 3342 werden solle.
