3024 4032
603 217 1559 476 Demmach habe er vor 8 oder 10 tagen uß
659 267 1560 539 vershennen
689 332 1584 608 etene eltenen
630 388 1556 649 Korn, weliches 25 miet bloßet vßge
664 477 1479 694 und in der fr Wyßenen müli alhie
682 547 1082 662 eomnlet worden.
1487 645 1565 735 gn
622 601 1559 898 ver alsen elent
668 740 1564 958 gebiet, alß en daselbst das vych gehüten
520 808 1558 1021 Syen abe er Caspar Mauen von Saluenen
660 888 1554 1083 4. mahl in den spycher gebrochen und
638 941 1557 1143 jeden mahls by 4 meßen getreidt
623 1017 1582 1252 halb bloßes und halb im füsen genn
620 1143 1533 1341 Item laudi Heini daselbst 5 mal
644 1254 1524 1401 ynbrochen, Jedoch Jeden mahls nur
667 1343 1514 1507 ein wenig gnon und sye der speiche
653 1393 1400 1556 eben nit wol beschloßen gsy.
501 1495 1532 1713 Zu Grißach im seyburg gebret auch
612 1614 1552 1788 uß einem speicher under 2 mahlen gnansi
619 1683 1068 1809 getredt nt
603 1801 1519 1960 und zu Lybistorff dem Anman Hans
610 1896 1495 2053 kilchhern an Roggen und gersten
687 1961 866 2065 3. mes.
514 2091 1525 2228 Mehr vor 5 jahren zu kriechenweil
647 2184 1481 2302 einem wagner und noch lynbrochen,
638 2261 1526 2370 gnon 3 mäß haber und Wicki undt
618 2335 1531 2456 4. Mes die wel zum 3ten mahl aber
608 2409 1150 2545 syner verjagt worden.
561 2539 1513 2695 Iternegs alß er vor 4 jahren zu Lur
612 2639 1504 2751 tigen dem vych gehetet, habe er Jaggi
569 2704 1474 2834 Marti under 2 mahl ußem spychen gnonen
600 2775 1488 2901 6. mes dinwel vnd zum Dritten 2
611 2881 940 2990 ins rtoggen.
552 2952 1456 3132 Item zu haltenfidlen vor 4 jahren
601 3041 1415 3173 einen gwüßen vemeinend gabeel.
587 3132 1076 3264 dieckel 4 mes
472 3203 1493 3409 Wyters daselbst uß einem offfnen heller
579 3294 1407 3485 In einem kübel by 8 lb ancke.
2724 287 2817 365 84.
1752 353 2803 495 zu montenach auch fryb gebrets sentz stur.
1747 427 2794 539 in vor 6 jahren under 2mahlen dinckel
1741 513 1947 605 18 me
1696 564 2680 719 uf einem hoff auch im fryb gebiet vndt
1729 654 2689 770 vor 6 jahren ungefährlich uß einem
1696 695 2159 865 Scprch 4 bott.
1716 820 2683 934 vor 5 jahren zu Winterling deßelben
1725 865 2779 1005 gebrets einem alten mann uß einem keller
1722 934 2701 1083 2 küsen, so by 7 oder 8 lbig gewesen.
1697 1026 2767 1178 Im nechst vergangnen herpst zu Bümplitz
1658 1103 2688 1265 Dß einem Keller- 1 Kübli mit anck
1663 1227 2699 1396 Item zu gleichen zeit zu Mäleren einem
1645 1299 2788 1459 gwüßen Bröniman ußem spych 2 mes
1716 1372 2355 1475 mal und 4 leib brot.
1672 1496 2785 1619 Deßgleichen vor 4 jahren zu Uttendof
1682 1553 2736 1677 uß einem kellen quon 2 aucken ballen.
1709 1619 2754 1758 und einen mägern Köß, so Peter Jenns
1691 1711 1815 1830 gsy
1654 1821 2786 1943 Mehr vor 5 jahren zu Ubikhi uß einem
1665 1888 2749 2011 Keller 2 brott 1 käß undt 2 kulken
1701 1970 1829 2079 ballen.
1638 2069 2790 2210 Uli Byeler seinen eignen Vettern von Schwartz
1708 2144 2631 2297 enbug im nechst verwichnen herhs
1690 2206 2626 2360 uß seinem keller, alß sie noch davor
1691 2301 2687 2418 wahren, entwendt4 lubbrott
1682 2350 2247 2500 undt 1i magt kiß.
1603 2506 2738 2668 Deßgleich Hans Nydeggs daselbst vor
1702 2587 2673 2718 einem Johrn vß seinem Keller 2 leib
1639 2664 2661 2823 brott Küß und 2 stückli käß.
1636 2813 2631 2966 Dm Buggisperg vor 8 jahren uß einem
1650 2903 2609 3047 Baden 3 leibbrott 1 käß vnt
1684 2972 2076 3099 2. Ancken ball.
1634 3060 2649 3219 Vndt endtlich vern zu Schwarzenbuag
1666 3165 2605 3279 uß einem spricher entfrömbdet, 4 eines
1659 3237 2360 3346 Bachin spächts undt e käß.
