3024 4032
299 1581 433 1718 I
442 233 1439 561 begn es heheng
489 385 1445 617 11. mahl. alhie In das Schallemer n
515 454 1436 685 yngegeßlet worden. Er habe aber
505 553 1456 788 über das vermeldete mit böses geten
506 629 1449 849 sondersye alle zeit uf gehaltne
494 715 1456 937 gegener alß ein müßigend gsell und
515 803 1457 1038 ohne andere ursach oder unthat gfegte
522 895 1468 1138 angenonden, und Ins Schttenwert
530 999 1029 1171 gescheidet worden.
364 1077 1461 1266 Ist den 2. septembris 651 von 129r und berß zu he
503 1200 1456 1352 zeihnen und endtlichen verwysung uf ein vrshede
523 1256 1416 1399 condaminert und an ime erstattet worden.
762 1332 1301 1490 Hristyna Kintz
574 1379 1385 1592 uß der schwenden der Kilchori
807 1528 1170 1660 diemptigen.
487 1658 1408 1848 begenwürtige Christyna Küchi
496 1785 1439 1917 hat verwächen und bekent. l sy
518 1860 1429 2002 In irem 12 jährigen alter sich von hiß
529 1960 1417 2093 ins elsaß begeben und sich daselbst
531 2041 1432 2174 fünf jahr lang, ehrlich und redlich ohne
523 2127 1447 2260 fählen verhalten, sye sie hernach wider
531 2206 1462 2351 umb alhar in unserer g Herren und ober
507 2301 1442 2428 den statt hern landt komen, dem all
546 2375 1453 2526 musen nachzogen und daby villfaltig
522 2446 1430 2635 und zu underschidenlichen mahlen ur
521 2551 1461 2718 unlüschheit angereitzt worden, Jnnas
526 2649 1449 2805 sie sich auch verführen und dem mutwille
516 2715 1441 2911 Ires fleischs den gaum dahyschießen, das
495 2812 1441 3017 sie sich mit nüm persohnen, darander
527 2898 1443 3087 7. ehemeiner jr Gury und ehebrich
525 3016 1156 3154 vertrabet und vergeßen.
422 3078 1445 3349 Ist den 2. septembris 1631 zum schwärt erkent
478 3214 1229 3375 und an jra exequiert worden.
2494 221 2607 294 25.
1754 328 2369 513 athergua Sadow
1681 462 2160 604 vem sthmidigen
1534 568 2570 779 Is zugegen stehende arme Cathry Hadorn
1486 638 2547 859 von Frymütigen hat in bestätigung der
1561 710 2609 910 Del wachßelwald (von dannen sie mit der
1581 780 2597 969 nebend grastehenden Chrystina Rüntzi ge
1576 873 2606 1047 fängklich allhar geführt worden) gethanen
1598 953 2641 1116 bekantnus angeben und verjächen, das sie
1569 1010 2597 1221 sich leider in einer seum mit 11 persohnen
1564 1126 2654 1314 dorunder acht ehemeiner begriffen in Hury
1580 1204 2670 1366 und ehebruch wider gottes deß herren sibende
1604 1272 2613 1470 gebott hrchst vertiefft und vertrabet.
1537 1389 2630 1597 Ist den 2. sptembris 1651 mit den schwärt auch hin
1547 1537 1977 1657 gerichtet worden.
1764 1676 2199 1800 Anna Himmel.
1694 1771 2237 1929 Vßem anterbrunnen
1518 1951 2662 2072 Biewol dise schon fieuor In dem huß den ma
1609 2030 2647 2164 y der vor brübten unküschen wencken har
1607 2112 2648 2246 bekommen unflätigen kranckheit curiert.
1610 2192 2576 2330 worden. Hat jedoch sie sich so vill nit
1582 2276 2602 2415 verschont, denn daß sie widumb an das
1607 2346 2608 2483 alte bett der ür, hernach aber von
1583 2432 2666 2567 iren vilen unküschen wercken wegen alhas
1594 2508 2659 2650 In er g nach kommen, daselbst nach erforden
1613 2612 2616 2744 examiniert und nach bekenten villfaltign
1597 2682 2581 2829 dr Furenfühleren und ehebrüch in die
1598 2768 2603 2910 Ober gefangensicht gesetzt, wyters ernst:
1623 2866 2553 2982 wörtig und pynlich befragt worden.
1593 2930 2619 3063 Die hat nun verjächen und an der Marten
1620 3002 2610 3146 erhalten, das sie mit underschidenlich persohnen
1559 3100 2113 3227 ehergrichtliche gfangensch
1622 3210 2565 3344 st den 1 etmbris zur confirmaon irer unthaten, an die
1754 3310 2059 3407 gschragen worden.
