3024 4032
438 1377 491 1498 1.
666 205 1479 442 wesnen, aber desselben Jahrs den
674 287 1487 531 eenetn bethea
601 328 1478 573 licher brunst und begird ungefahr-
617 418 1437 648 gans umb 9 uhrten vergangen
601 493 1516 721 farb aber selbige gsiz, möge ernnt e
630 570 1526 810 Allein daß sy eine wyßt zilige blß
644 635 881 732 gehabt.
604 686 1531 978 Dnn ve bnch allen
643 841 1528 1050 und stettlei in einer gasen eines mor
620 901 1510 1097 gens habe er sich in gleicher graben
602 970 1517 1195 denthadt mit einem wyßen schaf vergen
625 1051 1521 1249 weß aber selbiges gsin syge mögeee
631 1124 906 1230 nit wüße.
486 1250 1502 1464 yters auch eines morgens vor einem
637 1360 1509 1518 monat habe er sich ebenmeßig im stall
618 1416 1480 1576 vergeßen mit einem rotbrunnen kelbel
625 1474 1524 1673 welches daß Bläsiß ufem Herenberg geet
574 1616 1487 1799 Item vor anderthalben jahren nachtszu
610 1714 1503 1874 Wyden im vmenthal mit einem hi
571 1833 1507 1982 Im vbrigen dan habe er auch sich mit
570 1926 1489 2050 zweyen ledigen wybs persohnen zu
604 2000 1501 2123 Wanzwyl, fleren die einte sich dert
615 2072 1495 2194 namse der anderen namen aber er
604 2142 1492 2263 nit wüße in zurey (re vergangen
548 2277 1501 2417 Sonsten habe er andere unthaten usert
585 2356 1501 2492 grobem fluchen und schweren nit begaen
574 2459 1490 2615 Bittet gott und ein hochen oberkheit
549 2565 1356 2706 umb gnad und verzychung
1247 2679 1467 2770 vor3 jahren
1171 2724 1254 2778 set
754 2675 877 2797 vor
546 2730 1472 2865 Berners gat er bekent, dzs sich auch vnne
585 2789 1472 2937 türlicher weiß vergeßen habe mit zwey
527 2837 1495 3019 Geißen und einem falbel weßende
557 2952 1270 3099 selbige gsin, möge er nit wüßen
361 3096 1354 3257 N. sind der unchristenlich actiones.
2590 298 2689 384 47.
1819 313 2407 485 ufff in der Gützgasten
1950 413 2283 541 zeerläßen
1633 474 2626 656 Eß hat gott der fer im 3teg auch mogtz
1653 564 2628 725 Dm 18. und 20. caß neben anderen grüwlich
1607 622 2707 784 Pasteren, auch ußtruckenlich die Vnehrist d
1651 675 2680 825 unnotürliche thaten, Tardunn der möntsch ver¬
1665 735 2672 887 uneiniget wirt, nit mir verbotten, sonder noch
1640 821 2668 961 die straff der ußmittung d übertrettenden
1637 903 2690 1046 Seilen daruff gesetzt, Ver welichem grüsenlich
1617 980 2704 1104 Caster, dann sich diser gegenwürdige arme mentsh
1544 1040 2698 1193 ich vorfeter debt auch woll hette verhüten undt
1635 1111 2688 1261 bewahren söllen, damit dardurch nit, er gott
1566 1157 1654 1211 der vn
1586 1203 1638 1256 eit
1644 1185 2667 1319 so hoch erzürnte und eine so schwäre straff uß
1541 1246 1633 1316 ub zu
1646 1250 2679 1409 steher, vnd empfachen müßte. Disem zumid
1646 1339 2669 1482 aber hat er leider sich villfaltig und offt
1642 1421 2689 1561 höchlich vergriffen und mit angedüter schweren
1643 1493 2705 1618 kind und mißhandlung besedlet, inmaßen dan
1639 1563 2713 1702 er die 7 diß monats in bysyn und gegenmürtig.
1648 1643 2719 1772 keit der gleg ehrenuestern f f f und wisen
1609 1717 2711 1853 hirren drn bendicht Martis deß kleinen Von
1625 1809 2721 1914 Bernhardts von Wattenweil Großweibels, vndt
1645 1876 2718 1999 Hry Nielaus Stürlers deß großen khats etc. bekent
1625 1941 2650 2083 und siderhar bestättiget. Darumb
1633 2000 2661 2164 Schuldtheiß shät und B diser lobe statt bern
1632 2097 2683 2238 von deren Oberkeitlichen Ampts wegen, Vrsach
1642 2189 2615 2318 gehabt, sich uf hatt von dises hochen schwären.
1602 2260 2645 2388 und gott erzürnender verbrechens willen,
1641 2347 2665 2457 versandlen, Darüber ein Vrteill verdienter
1643 2417 2675 2524 traff halb umb ußrüttung deß bösen ze fellen
1567 2480 2676 2610 abend also hochgute mnghern s R vnnd a
1615 2566 2464 2689 vf Ire Endt gesprochen, vnd erkent:
1951 2644 2178 2767 Vntheib.
2183 2640 2263 2745 a
2261 2678 2499 2769 Jacob Seen.
1624 2686 2606 2840 Es sölle diser zugegen stehende fiter gatt dem
1615 2777 2693 2871 Scharpf richter übergeben werden, der inne oben
1634 2879 2702 2970 us uf gewohnliche nichtstatt führen, ime daselbst
1631 2925 2584 3007 venordnist das haube abschlochen, synen
1625 2992 2664 3098 haper hernach ins führ währffen zustaub
1624 3035 2659 3171 vndt äshen verbronnen, vndt alß nach Reisene:
1635 3122 2629 3237 lichen, undt der statt Ber retchen vom luben
1600 3190 2179 3309 zem todt hinnicht sölle.
1585 3263 2313 3395 Ist den 12taen an fun ereget worden
