3024 4032
569 275 1432 504 Entreffend dann den haubshundel
633 388 1499 592 onsrontam namblich ob er nit bl
615 449 1469 646 lich sein wölle, das er uß besein für sih
606 509 1403 687 sich gelusten laßen, zum erster i
602 581 1486 764 geeren, das hr gmmmel alsie und hrren
586 656 1473 842 den Hoff Schs. zu Rurgdorff sich nh
607 739 1499 928 erwenten frymütig myth egaßen
583 809 1481 985 hät er nachlangen Reggen und vagig
611 887 1484 1070 eine solche bekantnus gethan Nah
591 948 1476 1144 Dem erRentz Rigker Beßi zu
601 1016 1489 1183 hr Boldbach in wirtshuß iswe mit in
595 1085 1498 1275 anderen truncken, segind sy mit ein ender
581 1167 1494 1344 zu red worden, wie her hummel sot
607 1218 1473 1375 am chorgricht allie sye und mit el
578 1293 1494 1476 gesucht, wie ir Huverläben, langer frr
585 1368 1469 1535 triben werden und sie ollr gfar sy
592 1457 1473 1606 möchten. Habe er druf gesagt, es
591 1537 1487 1678 were nit böß, wann man den hrr h
599 1602 1468 1730 nel auch wurde angeben, ob hette er
580 1683 1487 1836 mit disem mettli ze thun gehabt, man
593 1754 1491 1900 wurde alßdann umb etwas glinder mit
574 1837 1486 1965 Inen procedilren. Vnd demnach habe
593 1903 1478 2044 er zu erst dise wortt wider der hr
541 1999 1478 2115 Himmel fliegen laßen und ihme böß
578 2074 1465 2193 ürtiger wyß in einen solchn bösen verdecht
564 2156 819 2279 gebracht.
524 2316 1435 2502 Ist den 1. septembris 1631 wegen bebenten
496 2409 1486 2566 4Pählers und berusster faltschen aulle
530 2497 1452 2640 vermelten zweyer hieren zur schmeiten
529 2563 1489 2719 und eindtlichen verweisung ohne gnad von deh
510 2645 1473 2813 stett und fonden condamniert und solche
496 2738 1471 2889 Urteil den 4. gtb an inne erie klich e
519 2873 975 3003 stattet worden..
2514 179 2627 272 18
1714 288 2156 455 Ana smml
1683 383 2125 545 aer wedene
1625 430 2621 672 achten um uß beuelch ingner gnebigen herren
1603 518 2607 736 und oberen dise im kisfli thurn verdaffte
1766 596 2578 746 immel durch myne hochgeehrte hegren
1608 658 2615 874 h rathsherren von Grassenriedt, von Gros
1616 741 2599 923 weybel von Waldenwyl in bysyn und gegen
1613 795 2616 969 wirtig kheit herren Johannes Holltzers ernst
1621 872 2598 1043 wörtig und mit troüwung der marter
1633 939 2585 1099 eraminiert und befragt worden, sal
1620 999 2657 1167 soliche sich mit nachvolgenepersohnen fleischlich
1615 1081 2641 1238 und in zurey vergangen ze haben an geben
1611 1199 1909 1304 und bekendt.
1606 1298 2629 1439 Eestlich so habe sy sich mit Hanß Keller der
1610 1393 2619 1536 Wagwar die s versprochen gehapst in i
1623 1486 2081 1600 annsheit vergangen.
1609 1623 2679 1732 Dißen nach mit Christen Ammalder by welchen
1628 1697 2661 1811 sy ein unehlich kind erzüget und darumb zu
1611 1760 2110 1859 Interlaiben ab Bürst.
1601 1871 2646 2008 Item mit Hanß Hharben synes handtwerke
1607 1962 2608 2076 ein schumacher, so ein ledige persohn und
1601 2026 2356 2136 umb frütigen umbher gewohnet.
1600 2171 2428 2296 verners mit einem heiße Ulli sya e
1607 2253 2514 2363 Mann und im vnterbeunen dahaub
1607 2310 1967 2401 Greueler von
1612 2390 2438 2521 eßglychen mit Cristen Jonegger
1609 2456 2397 2575 unterbrunen, so noch ledig war.
1571 2601 2441 2747 Wyders mit Christen Rösti habe im
1595 2686 2410 2810 dienet, so auch noch ledig gewesen.
1559 2810 2447 2957 Mit Anthoni Huern ußen sibentlo
1601 2916 2325 3031 imme fürgeben, er sie noch anmen
1591 3033 2015 3175 denne mit Hanß i
