<?xml version="1.0" encoding="UTF-8" standalone="yes"?>
<PcGts xmlns="http://schema.primaresearch.org/PAGE/gts/pagecontent/2013-07-15" xmlns:xsi="http://www.w3.org/2001/XMLSchema-instance" xsi:schemaLocation="http://schema.primaresearch.org/PAGE/gts/pagecontent/2013-07-15 http://schema.primaresearch.org/PAGE/gts/pagecontent/2013-07-15/pagecontent.xsd">
    <Metadata>
        <Creator>prov=University of Rostock/Institute of Mathematics/CITlab|PLANET AI GmbH/Gundram Leifert/gundram.leifert@planet-ai.de:name=German_Kurrent_XVI-XVIII_M1(htr_id=19584)::::v=2.6.6
prov=University of Rostock/Institute of Mathematics/CITlab|PLANET AI GmbH/Tobias Gruening/tobias.gruening@planet-ai.de:name=de.uros.citlab.module.baseline2polygon.B2PSeamMultiOriented:v=2.6.6
prov=University of Rostock/Institute of Mathematics/CITlab|PLANET AI GmbH/Tobias Gruening/tobias.gruening@planet-ai.de:name=/net_tf/LA73_249_0mod360.pb:de.uros.citlab.segmentation.CITlab_LA_ML:v=2.6.6
Transkribus</Creator>
        <Created>2020-10-05T11:43:04.734+02:00</Created>
        <LastChange>2022-09-12T14:40:34.426+02:00</LastChange>
        <TranskribusMetadata docId="1334828" pageId="52360608" pageNr="6" tsid="114642373" status="IN_PROGRESS" userId="9570" imgUrl="https://files.transkribus.eu/Get?id=BQRMHYBIJSZQUYKQIQFPKYYC&amp;fileType=view" xmlUrl="https://files.transkribus.eu/Get?id=NRADRNFOEWJPWAGGVGWWNZVW" imageId="16044422"/>
    </Metadata>
    <Page imageFilename="IMG_7803.JPG" imageWidth="3024" imageHeight="4032">
        <ReadingOrder>
            <OrderedGroup id="ro_1687513741841" caption="Regions reading order">
                <RegionRefIndexed index="0" regionRef="r1"/>
                <RegionRefIndexed index="1" regionRef="r2"/>
                <RegionRefIndexed index="2" regionRef="r3"/>
                <RegionRefIndexed index="3" regionRef="r4"/>
            </OrderedGroup>
        </ReadingOrder>
        <TextRegion orientation="0.0" id="r1" custom="readingOrder {index:0;}">
            <Coords points="473,341 473,3369 1517,3369 1517,341"/>
            <TextLine id="r1l1" custom="readingOrder {index:0;}">
                <Coords points="870,382 914,381 968,416 995,408 1015,424 1027,417 1046,430 1065,422 1090,429 1127,417 1135,374 1106,373 1091,360 1071,368 1050,346 1035,348 1006,312 978,310 972,300 881,320"/>
                <Baseline points="879,374 905,377 932,381 959,386 986,392 1013,397 1040,402 1067,407 1094,411 1121,414"/>
                <TextEquiv>
                    <Unicode>1650</Unicode>
                </TextEquiv>
            </TextLine>
            <TextLine id="r1l2" custom="readingOrder {index:1;}">
                <Coords points="527,448 606,443 644,498 873,480 1115,562 1331,568 1516,619 1254,476 1187,507 903,415 623,393 544,356"/>
                <Baseline points="537,432 585,438 634,447 682,453 731,461 780,468 828,476 877,484 925,491 974,500 1023,508 1071,518 1120,525 1168,534 1217,545 1266,556 1314,565 1363,577 1411,589 1460,602 1509,614"/>
                <TextEquiv>
                    <Unicode>Verschaffet, ds Sie alhie gfengklich angenomen</Unicode>
                </TextEquiv>
            </TextLine>
            <TextLine id="r1l3" custom="readingOrder {index:2;}">
                <Coords points="548,526 722,534 816,575 929,555 966,590 1032,573 1259,644 1407,629 1492,691 1511,624 1331,567 1255,587 1066,526 1034,546 986,507 644,498 607,447 561,446"/>
                <Baseline points="558,507 607,514 656,519 706,525 755,532 805,538 854,545 903,551 953,558 1002,565 1052,572 1101,581 1151,589 1200,598 1249,607 1299,617 1348,628 1398,640 1447,652 1497,665"/>
                <TextEquiv>
                    <Unicode>bedordrist zwar in die chorgrichtliche vol</Unicode>
                </TextEquiv>
            </TextLine>
            <TextLine id="r1l4" custom="readingOrder {index:3;}">
                <Coords points="559,614 791,609 959,664 1093,640 1516,744 1521,709 1408,630 1368,656 1346,630 1230,642 1098,591 967,591 927,558 780,571 679,532 568,552"/>
                <Baseline points="570,581 617,585 664,589 711,594 758,599 805,603 852,609 899,614 946,619 993,624 1040,631 1087,637 1134,644 1181,653 1228,662 1275,671 1322,682 1369,692 1416,703 1463,718 1511,732"/>
                <TextEquiv>
                    <Unicode>gents aber daselbst dannen nach vernommen</Unicode>
                </TextEquiv>
            </TextLine>
            <TextLine id="r1l5" custom="readingOrder {index:4;}">
                <Coords points="562,669 615,664 682,709 761,684 880,719 941,700 966,730 1039,713 1080,743 1183,714 1298,791 1475,793 1480,749 1347,695 1262,703 1055,640 960,664 781,625 741,652 659,601 569,611"/>
                <Baseline points="570,657 615,662 660,665 705,670 750,674 795,678 840,681 885,686 930,690 975,695 1020,700 1065,705 1110,711 1155,717 1200,724 1245,731 1290,740 1335,749 1380,757 1425,767 1470,779"/>
                <TextEquiv>
                    <Unicode>leidigen beschaffenheit ires villfaltigen</Unicode>
                </TextEquiv>
            </TextLine>
            <TextLine id="r1l6" custom="readingOrder {index:5;}">
                <Coords points="507,748 1122,803 1249,860 1358,830 1488,890 1512,838 1441,784 1297,790 1209,732 1099,758 1049,714 868,722 761,684 682,709 523,627"/>
                <Baseline points="516,728 565,733 614,738 663,743 712,747 762,750 811,756 860,760 909,765 958,769 1008,774 1057,781 1106,787 1155,794 1204,802 1254,811 1303,821 1352,832 1401,845 1450,860 1500,875"/>
                <TextEquiv>
                    <Unicode>verbrechens und underschikenlichen mit im</Unicode>
                </TextEquiv>
            </TextLine>
            <TextLine id="r1l7" custom="readingOrder {index:6;}">
                <Coords points="499,833 816,834 881,877 952,855 1069,902 1158,869 1493,958 1504,915 1368,841 1253,860 1122,803 1051,824 509,753"/>
                <Baseline points="510,804 559,809 608,813 657,817 706,822 756,825 805,830 854,834 903,839 952,844 1002,851 1051,855 1100,861 1149,868 1198,876 1248,885 1297,894 1346,903 1395,915 1444,926 1494,939"/>
                <TextEquiv>
                    <Unicode>Seurigen beschechnen confrontaonen, In die</Unicode>
                </TextEquiv>
            </TextLine>
            <TextLine id="r1l8" custom="readingOrder {index:7;}">
                <Coords points="534,902 663,905 744,957 888,915 937,951 1092,941 1157,987 1206,964 1418,1028 1496,1021 1502,975 1180,877 1066,901 942,854 877,885 816,834 541,848"/>
                <Baseline points="543,885 590,889 637,891 685,894 732,898 779,902 827,906 874,911 921,916 969,921 1016,925 1063,931 1111,938 1158,944 1205,952 1253,961 1300,970 1347,979 1395,991 1442,1001 1490,1014"/>
                <TextEquiv>
                    <Unicode>Obere gfangenschafft gesetzt, vnd drüber</Unicode>
                </TextEquiv>
            </TextLine>
            <TextLine id="r1l9" custom="readingOrder {index:8;}">
                <Coords points="543,992 608,1023 680,979 707,1014 770,993 847,1038 1062,1011 1185,1084 1281,1061 1521,1132 1533,1047 1392,1032 1335,986 1158,988 1096,947 916,955 877,926 740,957 556,903"/>
                <Baseline points="555,962 603,966 651,971 699,974 747,978 795,983 843,986 891,990 939,995 987,999 1036,1006 1084,1012 1132,1018 1180,1026 1228,1034 1276,1043 1324,1055 1372,1066 1420,1078 1468,1094 1517,1109"/>
                <TextEquiv>
                    <Unicode>uß hochgedacht ir gu beulich uff zinstag nichth</Unicode>
                </TextEquiv>
            </TextLine>
            <TextLine id="r1l10" custom="readingOrder {index:9;}">
                <Coords points="548,1064 597,1078 648,1043 682,1077 1009,1074 1094,1092 1146,1146 1196,1120 1425,1165 1441,1081 1189,1083 1047,1010 951,1041 834,1040 762,992 673,1026 555,1006"/>
                <Baseline points="558,1038 601,1042 644,1046 688,1049 731,1052 774,1055 818,1059 861,1062 904,1066 948,1070 991,1074 1034,1078 1078,1084 1121,1089 1164,1096 1208,1103 1251,1111 1294,1120 1338,1130 1381,1141 1425,1154"/>
                <TextEquiv>
                    <Unicode>pynlich examiniert und befragt worden.</Unicode>
                </TextEquiv>
            </TextLine>
            <TextLine id="r1l11" custom="readingOrder {index:10;}">
                <Coords points="530,1150 585,1134 659,1172 760,1131 879,1174 935,1150 972,1195 1058,1165 1141,1228 1207,1182 1379,1237 1500,1235 1507,1170 1441,1139 1211,1156 1071,1087 1006,1105 758,1061 625,1091 542,1043"/>
                <Baseline points="540,1119 587,1121 635,1124 683,1126 730,1129 778,1131 826,1136 873,1141 921,1145 969,1149 1017,1155 1064,1161 1112,1168 1160,1173 1207,1181 1255,1188 1303,1195 1350,1203 1398,1211 1446,1219 1494,1227"/>
                <TextEquiv>
                    <Unicode>Die hat nun in bysyn und gegenwürtigkeite</Unicode>
                </TextEquiv>
            </TextLine>
            <TextLine id="r1l12" custom="readingOrder {index:11;}">
                <Coords points="539,1218 592,1203 758,1260 946,1232 1037,1282 1123,1242 1177,1278 1328,1265 1368,1296 1493,1300 1518,1269 1438,1225 1388,1250 1319,1194 1208,1181 1141,1228 1058,1165 978,1207 924,1147 856,1188 756,1137 648,1174 547,1145"/>
                <Baseline points="549,1190 599,1193 649,1197 700,1202 750,1205 801,1210 851,1216 902,1221 952,1225 1003,1232 1053,1237 1104,1242 1154,1248 1205,1255 1255,1260 1306,1266 1356,1273 1407,1279 1457,1286 1508,1293"/>
                <TextEquiv>
                    <Unicode>der wolgeachten, ehremnesten vesten froum</Unicode>
                </TextEquiv>
            </TextLine>
            <TextLine id="r1l13" custom="readingOrder {index:12;}">
                <Coords points="548,1265 718,1300 810,1283 865,1330 940,1314 994,1346 1074,1317 1212,1361 1261,1337 1367,1373 1511,1368 1515,1315 1405,1278 1107,1257 1055,1288 831,1229 669,1256 554,1204"/>
                <Baseline points="555,1263 602,1268 650,1272 697,1277 745,1281 792,1286 840,1290 887,1295 935,1299 982,1305 1030,1309 1077,1314 1125,1320 1172,1324 1220,1329 1267,1336 1315,1340 1362,1346 1410,1352 1457,1357 1505,1362"/>
                <TextEquiv>
                    <Unicode>fürnemmen fürsichtigen und wysen seeren</Unicode>
                </TextEquiv>
            </TextLine>
            <TextLine id="r1l14" custom="readingOrder {index:13;} person {offset:4; length:15;} person {offset:36; length:3; continued:true;}">
                <Coords points="531,1369 656,1345 760,1387 1091,1391 1155,1436 1235,1404 1446,1460 1514,1449 1519,1400 1448,1365 1343,1392 1259,1338 1212,1361 1090,1317 891,1350 810,1283 680,1303 540,1275"/>
                <Baseline points="540,1344 588,1349 636,1352 685,1356 733,1360 782,1363 830,1367 878,1371 927,1375 975,1380 1024,1384 1072,1390 1120,1394 1169,1399 1217,1405 1266,1410 1314,1417 1362,1423 1411,1429 1459,1436 1508,1443"/>
                <TextEquiv>
                    <Unicode>hro Thnodor mortots deß kleinen hrn Joh</Unicode>
                </TextEquiv>
            </TextLine>
            <TextLine id="r1l15" custom="readingOrder {index:14;} person {offset:0; length:7; continued:true;} person {offset:12; length:14;}">
                <Coords points="537,1451 589,1435 622,1471 711,1442 753,1476 813,1446 1444,1525 1474,1469 1335,1424 1197,1461 1116,1397 1007,1435 650,1352 544,1365"/>
                <Baseline points="546,1425 591,1428 637,1431 683,1433 729,1437 775,1441 821,1445 867,1449 913,1453 959,1459 1005,1464 1050,1469 1096,1473 1142,1478 1188,1483 1234,1487 1280,1490 1326,1494 1372,1498 1418,1500 1464,1503"/>
                <TextEquiv>
                    <Unicode>versets hrn andres Hermans und hrn</Unicode>
                </TextEquiv>
            </TextLine>
            <TextLine id="r1l16" custom="readingOrder {index:15;} person {offset:11; length:10;}">
                <Coords points="511,1542 1002,1546 1253,1621 1483,1590 1479,1514 1324,1495 1242,1536 1066,1492 972,1507 907,1460 855,1489 517,1458"/>
                <Baseline points="519,1515 566,1517 614,1517 662,1520 710,1521 758,1524 806,1528 853,1531 901,1535 949,1540 997,1544 1045,1548 1093,1551 1141,1556 1188,1560 1236,1564 1284,1568 1332,1571 1380,1574 1428,1577 1476,1578"/>
                <TextEquiv>
                    <Unicode>Großweibel Tscharners deß großen sohgts</Unicode>
                </TextEquiv>
            </TextLine>
            <TextLine id="r1l17" custom="readingOrder {index:16;}">
                <Coords points="534,1619 602,1600 816,1643 899,1618 1001,1661 1068,1639 1112,1668 1331,1668 1485,1723 1492,1638 1436,1600 1259,1622 1120,1573 915,1573 866,1536 792,1583 542,1523"/>
                <Baseline points="543,1595 592,1596 641,1599 691,1602 740,1605 790,1608 839,1611 888,1615 938,1618 987,1623 1037,1626 1086,1631 1136,1636 1185,1640 1234,1645 1284,1649 1333,1654 1383,1658 1432,1664 1482,1668"/>
                <TextEquiv>
                    <Unicode>Vnd etlichen weiblen, Ir s. Dieneren, mehren</Unicode>
                </TextEquiv>
            </TextLine>
            <TextLine id="r1l18" custom="readingOrder {index:17;}">
                <Coords points="528,1718 612,1694 676,1727 748,1692 792,1727 855,1707 973,1733 1031,1701 1311,1771 1355,1737 1451,1757 1454,1711 1320,1673 1135,1687 1064,1642 876,1673 803,1635 534,1620"/>
                <Baseline points="537,1682 582,1682 627,1682 673,1682 718,1683 764,1685 809,1686 855,1689 900,1692 946,1695 991,1697 1036,1701 1082,1704 1127,1709 1173,1713 1218,1716 1264,1721 1309,1724 1355,1729 1400,1732 1446,1736"/>
                <TextEquiv>
                    <Unicode>In bestättigung der vor einem ehrsamen</Unicode>
                </TextEquiv>
            </TextLine>
            <TextLine id="r1l19" custom="readingOrder {index:18;} organization {offset:0; length:9;}">
                <Coords points="525,1817 705,1784 1169,1815 1216,1792 1434,1838 1500,1817 1478,1743 1349,1740 1311,1770 1208,1725 1131,1759 1065,1709 529,1721"/>
                <Baseline points="534,1769 582,1766 630,1764 678,1764 726,1764 774,1764 822,1765 870,1766 918,1767 966,1770 1014,1772 1062,1775 1110,1778 1158,1781 1206,1782 1254,1786 1302,1789 1350,1792 1398,1794 1446,1798 1494,1800"/>
                <TextEquiv>
                    <Unicode>horgricht gethanen vergicht, mit, vndt ohr</Unicode>
                </TextEquiv>
            </TextLine>
            <TextLine id="r1l20" custom="readingOrder {index:19;}">
                <Coords points="536,1848 726,1856 822,1900 926,1853 990,1877 1123,1857 1226,1891 1290,1885 1292,1816 1215,1793 1100,1818 1053,1789 747,1816 704,1785 537,1814"/>
                <Baseline points="543,1842 580,1842 617,1842 654,1842 691,1842 728,1842 765,1842 802,1843 839,1844 876,1844 913,1845 950,1846 987,1847 1024,1848 1061,1851 1098,1853 1135,1855 1172,1857 1209,1861 1246,1864 1284,1869"/>
                <TextEquiv>
                    <Unicode>Marter erhalten und bekent.</Unicode>
                </TextEquiv>
            </TextLine>
            <TextLine id="r1l21" custom="readingOrder {index:20;}">
                <Coords points="517,1976 896,1959 983,1989 1035,1967 1087,2009 1460,1983 1523,2017 1525,1930 1436,1900 1253,1921 1127,1866 734,1915 570,1853 519,1883"/>
                <Baseline points="524,1968 573,1968 623,1968 672,1968 722,1968 772,1968 821,1968 871,1968 921,1968 970,1968 1020,1968 1070,1970 1119,1970 1169,1971 1219,1974 1268,1976 1318,1977 1368,1981 1417,1985 1467,1989 1517,1994"/>
                <TextEquiv>
                    <Unicode>Das sie leider sich In verzucht und un kuscthe</Unicode>
                </TextEquiv>
            </TextLine>
            <TextLine id="r1l22" custom="readingOrder {index:21;}">
                <Coords points="526,2083 772,2035 1036,2044 1129,2088 1194,2040 1285,2081 1514,2051 1460,1983 1304,1987 1255,2021 893,1961 813,2014 731,1976 686,2009 526,1970"/>
                <Baseline points="533,2046 581,2043 630,2042 679,2041 728,2040 776,2039 825,2039 874,2039 923,2039 971,2039 1020,2040 1069,2040 1118,2040 1166,2040 1215,2042 1264,2042 1313,2042 1361,2042 1410,2042 1459,2042 1508,2040"/>
                <TextEquiv>
                    <Unicode>Ist einer summ mirt zwolff persohnen, da</Unicode>
                </TextEquiv>
            </TextLine>
            <TextLine id="r1l23" custom="readingOrder {index:22;}">
                <Coords points="535,2134 701,2122 744,2160 862,2117 938,2150 1282,2110 1448,2151 1501,2133 1501,2085 1324,2095 1198,2043 1132,2087 887,2046 535,2083"/>
                <Baseline points="542,2115 589,2115 637,2115 684,2115 732,2115 780,2114 827,2114 875,2112 922,2112 970,2111 1018,2111 1065,2111 1113,2109 1160,2109 1208,2109 1256,2109 1303,2109 1351,2111 1398,2112 1446,2114 1494,2115"/>
                <TextEquiv>
                    <Unicode>unnder zichen ehemänner und ein redige</Unicode>
                </TextEquiv>
            </TextLine>
            <TextLine id="r1l24" custom="readingOrder {index:23;}">
                <Coords points="524,2243 646,2242 756,2188 866,2235 940,2184 1173,2203 1284,2168 1450,2210 1505,2190 1505,2146 1388,2114 1284,2153 1192,2118 1010,2150 846,2123 753,2161 654,2126 522,2172"/>
                <Baseline points="530,2193 578,2193 626,2191 675,2190 723,2189 772,2187 820,2186 869,2184 917,2183 966,2181 1014,2180 1062,2178 1111,2177 1159,2177 1208,2177 1256,2175 1305,2175 1353,2177 1402,2177 1450,2178 1499,2180"/>
                <TextEquiv>
                    <Unicode>persohn, all uß den ambtBipp und einge</Unicode>
                </TextEquiv>
            </TextLine>
            <TextLine id="r1l25" custom="readingOrder {index:24;}">
                <Coords points="540,2283 845,2260 964,2285 1120,2253 1218,2304 1316,2254 1415,2293 1509,2270 1507,2192 1438,2218 1218,2178 1145,2204 940,2184 865,2236 814,2193 733,2192 670,2241 539,2243"/>
                <Baseline points="546,2273 593,2270 641,2267 689,2264 737,2261 785,2259 832,2258 880,2256 928,2255 976,2255 1024,2253 1071,2253 1119,2253 1167,2253 1215,2253 1263,2253 1310,2253 1358,2253 1406,2253 1454,2253 1502,2252"/>
                <TextEquiv>
                    <Unicode>wüßer unbekantner soldat höchst vergesten</Unicode>
                </TextEquiv>
            </TextLine>
            <TextLine id="r1l26" custom="readingOrder {index:25;}">
                <Coords points="525,2377 948,2329 1046,2374 1099,2331 1223,2328 1309,2372 1367,2332 1512,2334 1511,2279 1414,2295 1317,2253 1217,2304 1084,2265 730,2303 686,2273 642,2298 523,2277"/>
                <Baseline points="531,2346 579,2343 628,2340 677,2339 725,2337 774,2335 823,2333 871,2332 920,2331 969,2330 1018,2328 1066,2328 1115,2327 1164,2327 1212,2327 1261,2327 1310,2327 1358,2325 1407,2326 1456,2327 1505,2327"/>
                <TextEquiv>
                    <Unicode>und vertrabet, also und dergestalt, das sie</Unicode>
                </TextEquiv>
            </TextLine>
            <TextLine id="r1l27" custom="readingOrder {index:26;}">
                <Coords points="548,2438 680,2415 807,2466 892,2411 1029,2447 1080,2407 1493,2406 1507,2332 1328,2372 1222,2329 1046,2374 956,2333 880,2361 690,2348 624,2395 547,2388"/>
                <Baseline points="555,2426 602,2421 649,2418 697,2415 744,2412 791,2410 839,2408 886,2405 933,2403 981,2402 1028,2400 1075,2400 1123,2399 1170,2397 1217,2397 1265,2396 1312,2396 1359,2396 1407,2394 1454,2394 1502,2393"/>
                <TextEquiv>
                    <Unicode>einer seits sich mit chweyen bruderen. und ers</Unicode>
                </TextEquiv>
            </TextLine>
            <TextLine id="r1l28" custom="readingOrder {index:27;}">
                <Coords points="541,2509 904,2490 999,2536 1096,2485 1155,2525 1335,2511 1385,2475 1515,2496 1512,2412 1320,2403 1181,2404 1117,2449 895,2415 799,2470 679,2416 540,2472"/>
                <Baseline points="548,2501 596,2499 644,2498 692,2496 740,2494 788,2492 836,2489 884,2487 932,2485 980,2482 1028,2480 1076,2479 1124,2477 1172,2475 1220,2474 1268,2472 1316,2471 1364,2469 1412,2469 1460,2468 1508,2468"/>
                <TextEquiv>
                    <Unicode>mit vatter und sohn wüßenthafft, undt</Unicode>
                </TextEquiv>
            </TextLine>
            <TextLine id="r1l29" custom="readingOrder {index:28;}">
                <Coords points="509,2606 762,2558 872,2600 1109,2549 1287,2589 1475,2565 1471,2494 1388,2476 1332,2520 1196,2527 1098,2484 1000,2535 893,2496 597,2529 504,2493"/>
                <Baseline points="515,2588 562,2583 610,2579 657,2576 705,2573 752,2570 800,2568 847,2564 895,2563 942,2560 990,2558 1038,2555 1085,2553 1133,2552 1180,2549 1228,2547 1275,2546 1323,2543 1370,2541 1418,2540 1466,2537"/>
                <TextEquiv>
                    <Unicode>Drittens mit zweyen schwägeren, jedoch</Unicode>
                </TextEquiv>
            </TextLine>
            <TextLine id="r1l30" custom="readingOrder {index:29;}">
                <Coords points="525,2703 735,2646 860,2680 897,2644 958,2686 1077,2681 1184,2622 1317,2656 1513,2618 1509,2551 1229,2593 1171,2545 1095,2598 903,2574 839,2623 725,2573 604,2630 519,2603"/>
                <Baseline points="530,2666 578,2661 627,2656 676,2652 725,2648 773,2645 822,2641 871,2637 920,2633 968,2630 1017,2627 1066,2624 1115,2621 1163,2619 1212,2616 1261,2615 1310,2613 1358,2612 1407,2610 1456,2609 1505,2609"/>
                <TextEquiv>
                    <Unicode>fra unbewüsst, fleischlich vergangen und</Unicode>
                </TextEquiv>
            </TextLine>
            <TextLine id="r1l31" custom="readingOrder {index:30;}">
                <Coords points="527,2760 667,2790 741,2734 866,2744 1021,2699 1124,2761 1223,2727 1438,2741 1520,2687 1516,2624 1319,2656 1272,2626 1177,2656 971,2628 523,2703"/>
                <Baseline points="533,2744 582,2739 631,2733 680,2729 729,2725 778,2720 827,2716 876,2712 925,2708 974,2704 1023,2702 1072,2697 1121,2695 1170,2693 1219,2690 1268,2689 1317,2687 1366,2685 1415,2685 1464,2684 1514,2684"/>
                <TextEquiv>
                    <Unicode>vermischet. Hiemit g abschüchliche zeutscheden</Unicode>
                </TextEquiv>
            </TextLine>
            <TextLine id="r1l32" custom="readingOrder {index:31;}">
                <Coords points="520,2851 577,2868 645,2821 685,2840 737,2809 784,2816 781,2760 668,2789 650,2780 612,2789 558,2754 516,2773"/>
                <Baseline points="525,2820 550,2816 575,2813 600,2811 625,2809 650,2808 675,2808 700,2807 725,2806 750,2804 776,2801"/>
                <TextEquiv>
                    <Unicode>begangen.</Unicode>
                </TextEquiv>
            </TextLine>
            <TextLine id="r1l33" custom="readingOrder {index:32;} person {offset:26; length:14;}">
                <Coords points="469,3018 675,2961 1458,2898 1474,2828 937,2843 641,2924 544,2868 456,2891"/>
                <Baseline points="473,2985 525,2979 578,2972 630,2967 683,2961 735,2956 788,2950 841,2946 893,2940 946,2936 998,2931 1051,2925 1103,2921 1156,2916 1209,2910 1261,2905 1314,2900 1366,2893 1419,2887 1472,2879"/>
                <TextEquiv>
                    <Unicode>Über disere der vermelten Mädle Ründlibe</Unicode>
                </TextEquiv>
            </TextLine>
            <TextLine id="r1l34" custom="readingOrder {index:33;}">
                <Coords points="528,3092 640,3027 867,3030 956,2997 1026,3024 1361,2959 1411,2980 1515,2943 1511,2890 1395,2887 1355,2918 1263,2897 1119,2959 920,2938 519,3005"/>
                <Baseline points="530,3051 578,3043 627,3035 676,3029 725,3022 774,3016 823,3010 872,3005 921,3000 970,2995 1019,2990 1067,2986 1116,2981 1165,2977 1214,2972 1263,2967 1312,2961 1361,2955 1410,2949 1459,2942 1508,2934"/>
                <TextEquiv>
                    <Unicode>gangte und bekante schware vertrabt und</Unicode>
                </TextEquiv>
            </TextLine>
            <TextLine id="r1l35" custom="readingOrder {index:34;}">
                <Coords points="538,3133 743,3092 827,3116 995,3069 1072,3103 1258,3038 1378,3051 1494,3006 1508,2960 1172,2980 922,3055 817,3014 763,3042 639,3027 533,3097"/>
                <Baseline points="542,3116 590,3111 638,3106 686,3102 734,3097 782,3091 830,3086 879,3080 927,3075 975,3068 1023,3062 1071,3055 1119,3050 1167,3044 1216,3036 1264,3029 1312,3023 1360,3016 1408,3010 1456,3003 1505,2996"/>
                <TextEquiv>
                    <Unicode>mißhandlungen, Abend hochgeden</Unicode>
                </TextEquiv>
            </TextLine>
            <TextLine id="r1l36" custom="readingOrder {index:35;}">
                <Coords points="503,3222 612,3235 702,3182 886,3157 1015,3177 1075,3135 1130,3160 1195,3103 1283,3135 1504,3080 1506,2998 1418,3050 1238,3040 948,3120 870,3093 810,3129 728,3103 491,3138"/>
                <Baseline points="506,3200 556,3195 606,3190 656,3185 706,3179 756,3173 806,3167 856,3160 906,3154 956,3147 1007,3140 1057,3132 1107,3125 1157,3117 1207,3110 1257,3104 1307,3095 1357,3088 1407,3081 1457,3074 1508,3066"/>
                <TextEquiv>
                    <Unicode>meyhrren und oberen schuldtheiß Rhüt und</Unicode>
                </TextEquiv>
            </TextLine>
            <TextLine id="r1l37" custom="readingOrder {index:36;} place {offset:29; length:4;}">
                <Coords points="500,3309 845,3237 976,3259 1092,3203 1342,3212 1479,3157 1495,3106 1436,3088 1124,3162 1066,3140 1017,3184 805,3168 594,3240 490,3228"/>
                <Baseline points="503,3273 552,3267 602,3261 651,3255 701,3249 750,3244 800,3237 849,3232 899,3226 948,3219 998,3214 1047,3208 1097,3203 1146,3195 1196,3188 1245,3181 1295,3175 1344,3166 1394,3158 1443,3150 1493,3141"/>
                <TextEquiv>
                    <Unicode>Burger diser loblichen Statt Bern Vff Iren</Unicode>
                </TextEquiv>
            </TextLine>
            <TextLine id="r1l38" custom="readingOrder {index:37;}">
                <Coords points="487,3393 651,3385 729,3341 1043,3290 1196,3318 1230,3277 1308,3281 1416,3228 1390,3197 1280,3218 1218,3192 1162,3227 1093,3203 894,3272 855,3243 569,3272 480,3329"/>
                <Baseline points="489,3353 535,3347 581,3342 627,3336 673,3329 719,3324 765,3318 811,3313 857,3305 903,3301 949,3294 995,3288 1041,3282 1087,3277 1133,3271 1179,3266 1225,3261 1271,3257 1317,3252 1363,3248 1410,3243"/>
                <TextEquiv>
                    <Unicode>Eydt zu Recht erkent, vnd gesprochen:</Unicode>
                </TextEquiv>
            </TextLine>
            <TextEquiv>
                <Unicode>1650
Verschaffet, ds Sie alhie gfengklich angenomen
bedordrist zwar in die chorgrichtliche vol
gents aber daselbst dannen nach vernommen
leidigen beschaffenheit ires villfaltigen
verbrechens und underschikenlichen mit im
Seurigen beschechnen confrontaonen, In die
Obere gfangenschafft gesetzt, vnd drüber
uß hochgedacht ir gu beulich uff zinstag nichth
pynlich examiniert und befragt worden.
Die hat nun in bysyn und gegenwürtigkeite
der wolgeachten, ehremnesten vesten froum
fürnemmen fürsichtigen und wysen seeren
hro Thnodor mortots deß kleinen hrn Joh
versets hrn andres Hermans und hrn
Großweibel Tscharners deß großen sohgts
Vnd etlichen weiblen, Ir s. Dieneren, mehren
In bestättigung der vor einem ehrsamen
horgricht gethanen vergicht, mit, vndt ohr
Marter erhalten und bekent.
Das sie leider sich In verzucht und un kuscthe
Ist einer summ mirt zwolff persohnen, da
unnder zichen ehemänner und ein redige
persohn, all uß den ambtBipp und einge
wüßer unbekantner soldat höchst vergesten
und vertrabet, also und dergestalt, das sie
einer seits sich mit chweyen bruderen. und ers
mit vatter und sohn wüßenthafft, undt
Drittens mit zweyen schwägeren, jedoch
fra unbewüsst, fleischlich vergangen und
vermischet. Hiemit g abschüchliche zeutscheden
begangen.
Über disere der vermelten Mädle Ründlibe
gangte und bekante schware vertrabt und
mißhandlungen, Abend hochgeden
meyhrren und oberen schuldtheiß Rhüt und
Burger diser loblichen Statt Bern Vff Iren
Eydt zu Recht erkent, vnd gesprochen:</Unicode>
            </TextEquiv>
        </TextRegion>
        <TextRegion orientation="0.0" id="r2" custom="readingOrder {index:1;}">
            <Coords points="1599,2761 1599,2911 1614,2911 1614,2761"/>
            <TextLine id="r2l1" custom="readingOrder {index:0;}">
                <Coords points="1593,2871 1600,2871 1604,2867 1610,2869 1621,2868 1621,2801 1613,2801 1600,2815 1593,2815"/>
                <Baseline points="1599,2861 1614,2861"/>
                <TextEquiv>
                    <Unicode></Unicode>
                </TextEquiv>
            </TextLine>
            <TextEquiv>
                <Unicode></Unicode>
            </TextEquiv>
        </TextRegion>
        <TextRegion orientation="0.0" id="r3" custom="readingOrder {index:2;}">
            <Coords points="1620,1658 1620,1808 1649,1808 1649,1658"/>
            <TextLine id="r3l1" custom="readingOrder {index:0;}">
                <Coords points="1613,1790 1623,1790 1630,1797 1643,1788 1655,1786 1655,1714 1649,1714 1643,1719 1634,1718 1630,1721 1613,1719"/>
                <Baseline points="1620,1758 1649,1758"/>
                <TextEquiv>
                    <Unicode></Unicode>
                </TextEquiv>
            </TextLine>
            <TextEquiv>
                <Unicode></Unicode>
            </TextEquiv>
        </TextRegion>
        <TextRegion orientation="0.0" id="r4" custom="readingOrder {index:3;}">
            <Coords points="1560,280 1560,3320 2750,3320 2750,280"/>
            <TextLine id="r4l1" custom="readingOrder {index:0;}">
                <Coords points="2600,338 2608,338 2615,331 2617,334 2632,331 2643,337 2658,327 2673,326 2673,258 2658,258 2651,252 2612,283 2600,283"/>
                <Baseline points="2606,314 2636,314 2666,314"/>
                <TextEquiv>
                    <Unicode>6.</Unicode>
                </TextEquiv>
            </TextLine>
            <TextLine id="r4l2" custom="readingOrder {index:1;}">
                <Coords points="1890,451 1908,443 1932,453 1952,440 1973,446 1994,436 2007,440 2045,415 2125,428 2115,356 2098,360 2062,337 2024,352 1972,343 1951,354 1938,350 1900,380 1881,384"/>
                <Baseline points="1895,434 1922,427 1949,422 1977,417 2004,413 2031,409 2059,407 2086,405 2114,404"/>
                <TextEquiv>
                    <Unicode>1650.</Unicode>
                </TextEquiv>
            </TextLine>
            <TextLine id="r4l3" custom="readingOrder {index:2;} person {offset:7; length:12;}">
                <Coords points="1630,598 2690,442 2677,354 2271,375 2145,444 1948,446 1620,525"/>
                <Baseline points="1635,581 1687,572 1739,563 1791,555 1844,546 1896,535 1948,528 2001,518 2053,510 2105,503 2158,494 2210,486 2262,479 2314,471 2367,465 2419,458 2471,452 2524,446 2576,440 2628,435 2681,431"/>
                <TextEquiv>
                    <Unicode>da sie madle hundle dem nachrichter an dhand geben</Unicode>
                </TextEquiv>
            </TextLine>
            <TextLine id="r4l4" custom="readingOrder {index:3;}">
                <Coords points="1645,663 2169,548 2380,576 2490,501 2552,538 2621,513 2644,465 2412,462 2183,520 2145,501 2036,551 1956,531 1926,566 1752,600 1634,593"/>
                <Baseline points="1649,641 1698,631 1748,623 1797,613 1847,604 1897,596 1946,587 1996,578 2046,569 2095,560 2145,554 2195,545 2244,537 2294,532 2344,525 2393,519 2443,512 2493,506 2542,501 2592,497 2642,492"/>
                <TextEquiv>
                    <Unicode>dr sie oben uß uff gewohnliche richtstatt führen.</Unicode>
                </TextEquiv>
            </TextLine>
            <TextLine id="r4l5" custom="readingOrder {index:4;}">
                <Coords points="1645,731 1683,749 1763,677 1809,706 1926,669 1992,695 2084,638 2270,630 2348,592 2429,627 2473,577 2645,559 2640,519 2416,517 2266,578 2139,553 2040,612 1938,594 1635,669"/>
                <Baseline points="1647,707 1696,697 1746,687 1795,677 1845,667 1895,658 1944,648 1994,640 2043,632 2093,623 2143,616 2192,608 2242,601 2291,594 2341,586 2391,581 2440,574 2490,569 2539,563 2589,558 2639,552"/>
                <TextEquiv>
                    <Unicode>daselbst ir haubth abschlachen und also sent</Unicode>
                </TextEquiv>
            </TextLine>
            <TextLine id="r4l6" custom="readingOrder {index:5;} place {offset:18; length:4;} place {offset:38; length:5;}">
                <Coords points="1624,793 2259,702 2410,646 2493,674 2554,622 2678,642 2672,570 2484,585 2425,626 2214,610 1833,715 1762,676 1682,749 1646,726 1618,755"/>
                <Baseline points="1628,774 1680,764 1732,753 1784,744 1836,735 1889,726 1941,717 1993,709 2045,703 2097,695 2150,688 2202,681 2254,674 2306,667 2358,661 2411,654 2463,647 2515,641 2567,633 2619,626 2672,618"/>
                <TextEquiv>
                    <Unicode>dem Schwerrdt von Rbig zum todt, nach Kuser</Unicode>
                </TextEquiv>
            </TextLine>
            <TextLine id="r4l7" custom="readingOrder {index:6;}">
                <Coords points="1656,846 1822,811 1918,844 2000,785 2113,834 2285,739 2348,770 2545,709 2687,731 2683,658 2553,623 2472,686 2388,652 2265,704 2045,713 2013,747 1965,718 1650,801"/>
                <Baseline points="1662,840 1715,827 1769,814 1822,804 1876,794 1930,785 1983,776 2037,767 2091,760 2144,752 2198,746 2251,739 2305,734 2359,727 2412,722 2466,718 2520,714 2573,709 2627,705 2681,701"/>
                <TextEquiv>
                    <Unicode>lichen, vndt diser loben. Statt zrrusricht solle</Unicode>
                </TextEquiv>
            </TextLine>
            <TextLine id="r4l8" custom="readingOrder {index:7;}">
                <Coords points="1559,1052 1741,1018 1771,978 1886,999 2054,917 2136,959 2255,903 2332,944 2463,869 2558,896 2614,875 2606,817 2017,849 1960,895 1900,866 1746,886 1674,950 1540,917"/>
                <Baseline points="1560,1016 1612,1002 1664,991 1716,980 1769,968 1821,959 1873,950 1926,941 1978,932 2030,924 2083,917 2135,909 2187,904 2239,898 2292,892 2344,886 2396,881 2449,878 2501,873 2553,868 2606,864"/>
                <TextEquiv>
                    <Unicode>Siely ist den 0 groß uff seine ehrts wfleg</Unicode>
                </TextEquiv>
            </TextLine>
            <TextLine id="r4l9" custom="readingOrder {index:8;}">
                <Coords points="1630,1074 1721,1034 2020,1027 2195,969 2462,980 2532,931 2627,939 2619,877 2556,909 2493,871 2415,882 2338,936 2257,917 2133,956 2033,923 1900,994 1772,978 1741,1018 1625,1035"/>
                <Baseline points="1635,1056 1684,1046 1733,1038 1782,1029 1831,1021 1880,1013 1929,1006 1979,998 2028,990 2077,985 2126,978 2175,972 2224,966 2273,961 2323,955 2372,949 2421,945 2470,939 2519,935 2568,929 2618,924"/>
                <TextEquiv>
                    <Unicode>dise wägneeisung geben worden, wyl sie mit</Unicode>
                </TextEquiv>
            </TextLine>
            <TextLine id="r4l10" custom="readingOrder {index:9;}">
                <Coords points="1652,1140 1877,1080 2169,1090 2335,1014 2672,1011 2664,950 2258,971 2086,1023 1720,1034 1642,1069"/>
                <Baseline points="1656,1119 1706,1110 1756,1102 1807,1093 1857,1084 1907,1075 1958,1066 2008,1058 2058,1051 2109,1042 2159,1035 2209,1028 2260,1021 2310,1016 2360,1011 2411,1007 2461,1002 2511,999 2562,997 2612,996 2663,995"/>
                <TextEquiv>
                    <Unicode>Ien bekontlich hurig confientiert worden undt</Unicode>
                </TextEquiv>
            </TextLine>
            <TextLine id="r4l11" custom="readingOrder {index:10;}">
                <Coords points="1652,1206 1692,1224 2087,1110 2164,1140 2226,1096 2610,1077 2642,1026 2334,1014 2169,1089 1912,1075 1815,1132 1694,1119 1646,1153"/>
                <Baseline points="1656,1182 1705,1173 1754,1164 1803,1157 1852,1149 1901,1141 1950,1135 2000,1127 2049,1120 2098,1114 2147,1108 2196,1102 2245,1097 2294,1091 2344,1086 2393,1080 2442,1075 2491,1071 2540,1066 2589,1061 2639,1056"/>
                <TextEquiv>
                    <Unicode>deßwegen nit wolln laugnen kan, solle er</Unicode>
                </TextEquiv>
            </TextLine>
            <TextLine id="r4l12" custom="readingOrder {index:11;}">
                <Coords points="1653,1293 1775,1241 1920,1268 2074,1183 2211,1237 2574,1166 2641,1192 2692,1131 2728,1139 2722,1075 2585,1113 2465,1087 2418,1121 2225,1096 2167,1141 2087,1109 2017,1158 1856,1157 1693,1222 1643,1201"/>
                <Baseline points="1655,1244 1708,1234 1761,1226 1814,1218 1868,1210 1921,1203 1974,1196 2027,1189 2081,1183 2134,1177 2187,1172 2240,1166 2294,1161 2347,1157 2400,1152 2453,1147 2507,1144 2560,1139 2613,1136 2666,1133 2720,1130"/>
                <TextEquiv>
                    <Unicode>ungeaust abfallens, wider sie fürfahren laßen</Unicode>
                </TextEquiv>
            </TextLine>
            <TextLine id="r4l13" custom="readingOrder {index:12;}">
                <Coords points="1662,1378 1763,1349 1841,1401 1912,1394 2123,1317 2333,1353 2427,1304 2661,1277 2680,1197 2554,1247 2444,1224 2161,1281 2094,1249 1653,1293"/>
                <Baseline points="1667,1362 1717,1356 1768,1350 1819,1345 1869,1339 1920,1333 1971,1327 2021,1321 2072,1315 2123,1310 2174,1304 2224,1300 2275,1295 2326,1290 2376,1285 2427,1281 2478,1278 2528,1275 2579,1272 2630,1269 2681,1268"/>
                <TextEquiv>
                    <Unicode>ist den 5ten nov 1650 exequiert worden.</Unicode>
                </TextEquiv>
            </TextLine>
            <TextLine id="r4l14" custom="readingOrder {index:13;} person {offset:0; length:21;}">
                <Coords points="1776,1635 1846,1646 1933,1604 2160,1608 2258,1558 2421,1599 2501,1547 2618,1537 2629,1502 2464,1508 2404,1475 2296,1525 2156,1478 2095,1521 1975,1542 1890,1498 1766,1502"/>
                <Baseline points="1779,1592 1821,1590 1863,1588 1905,1586 1948,1583 1990,1579 2032,1575 2075,1571 2117,1568 2159,1565 2202,1561 2244,1557 2286,1553 2328,1551 2371,1547 2413,1545 2455,1542 2498,1539 2540,1538 2582,1536 2625,1536"/>
                <TextEquiv>
                    <Unicode>Hans Salzvon Langnaue</Unicode>
                </TextEquiv>
            </TextLine>
            <TextLine id="r4l15" custom="readingOrder {index:14;} person {offset:8; length:9;} place {offset:40; length:4;}">
                <Coords points="1662,1771 1993,1765 2077,1726 2148,1753 2250,1713 2367,1756 2555,1691 2630,1735 2699,1709 2694,1627 2498,1676 2278,1637 2092,1692 1891,1676 1761,1709 1655,1670"/>
                <Baseline points="1668,1755 1719,1753 1770,1750 1821,1747 1872,1743 1923,1739 1974,1734 2026,1730 2077,1726 2128,1722 2179,1718 2230,1713 2281,1710 2332,1707 2384,1703 2435,1700 2486,1698 2537,1697 2588,1695 2639,1694 2691,1695"/>
                <TextEquiv>
                    <Unicode>Biewoll Hans salb fürgebender maßen von Lang.</Unicode>
                </TextEquiv>
            </TextLine>
            <TextLine id="r4l16" custom="readingOrder {index:15;}">
                <Coords points="1662,1831 1696,1852 1805,1806 1920,1827 2129,1785 2293,1802 2409,1767 2524,1800 2578,1758 2633,1766 2631,1733 2557,1691 2374,1748 2257,1716 1866,1778 1814,1753 1755,1790 1658,1773"/>
                <Baseline points="1668,1809 1715,1808 1763,1804 1811,1802 1859,1798 1907,1796 1955,1792 2002,1790 2050,1787 2098,1784 2146,1780 2194,1778 2242,1775 2290,1772 2337,1769 2385,1767 2433,1765 2481,1762 2529,1759 2577,1758 2625,1755"/>
                <TextEquiv>
                    <Unicode>eame, seines thnns sidtschweyen jahren ein keßler</Unicode>
                </TextEquiv>
            </TextLine>
            <TextLine id="r4l17" custom="readingOrder {index:16;} person {offset:38; length:11; continued:true;}">
                <Coords points="1649,1890 1923,1860 2002,1886 2256,1838 2404,1874 2445,1830 2504,1858 2665,1832 2662,1779 2578,1760 2517,1801 2397,1769 2199,1813 1808,1802 1696,1852 1645,1817"/>
                <Baseline points="1655,1868 1705,1865 1755,1863 1805,1860 1855,1859 1905,1856 1955,1854 2005,1851 2055,1848 2105,1846 2156,1844 2206,1841 2256,1838 2306,1836 2356,1833 2406,1830 2456,1826 2506,1823 2556,1821 2606,1817 2657,1814"/>
                <TextEquiv>
                    <Unicode>durch die Ehren vesten, Elen etc. Ern Christophel</Unicode>
                </TextEquiv>
            </TextLine>
            <TextLine id="r4l18" custom="readingOrder {index:17;} person {offset:0; length:10; continued:true;} organization {offset:15; length:7;} person {offset:34; length:10; continued:true;}">
                <Coords points="1644,1959 1889,1922 1927,1954 1969,1912 2212,1897 2335,1932 2396,1895 2637,1891 2635,1847 2529,1836 2485,1866 2441,1834 2392,1872 2150,1843 1998,1886 1941,1860 1640,1890"/>
                <Baseline points="1649,1931 1698,1928 1747,1924 1796,1921 1845,1918 1894,1915 1943,1912 1992,1909 2041,1905 2090,1902 2139,1900 2188,1897 2237,1895 2286,1892 2335,1890 2384,1887 2433,1885 2482,1883 2531,1883 2580,1881 2630,1880"/>
                <TextEquiv>
                    <Unicode>Fellenberg deß kleinen, Ire brath andrig von</Unicode>
                </TextEquiv>
            </TextLine>
            <TextLine id="r4l19" custom="readingOrder {index:18;} person {offset:0; length:8; continued:true;} organization {offset:13; length:12;}">
                <Coords points="1642,2001 1822,1991 1875,2032 1974,1974 2072,2011 2140,1966 2198,1995 2351,1956 2482,1984 2687,1954 2686,1922 2572,1881 2336,1931 2218,1897 1962,1921 1827,1966 1639,1933"/>
                <Baseline points="1649,1991 1700,1988 1752,1985 1803,1982 1855,1979 1907,1975 1958,1972 2010,1968 2061,1965 2113,1962 2165,1959 2216,1957 2268,1954 2319,1952 2371,1950 2423,1949 2474,1947 2526,1946 2577,1946 2629,1946 2681,1947"/>
                <TextEquiv>
                    <Unicode>Müllenen deß großen rhäts, is gegenwürtigkeit</Unicode>
                </TextEquiv>
            </TextLine>
            <TextLine id="r4l20" custom="readingOrder {index:19;} person {offset:15; length:10;}">
                <Coords points="1650,2093 1711,2062 1793,2105 1872,2051 1973,2089 2148,2035 2319,2065 2474,2023 2683,2042 2706,1959 2525,1956 2487,1993 2419,1961 2270,1995 2125,1971 2066,2012 1975,1973 1876,2032 1808,1994 1646,1999"/>
                <Baseline points="1655,2060 1707,2057 1759,2053 1812,2049 1864,2046 1916,2043 1969,2040 2021,2037 2073,2034 2126,2032 2178,2030 2230,2028 2283,2025 2335,2024 2387,2022 2440,2021 2492,2019 2544,2019 2597,2018 2649,2018 2702,2018"/>
                <TextEquiv>
                    <Unicode>Irs Großweibel Tscharnens und etlichen ir g weiblen</Unicode>
                </TextEquiv>
            </TextLine>
            <TextLine id="r4l21" custom="readingOrder {index:20;}">
                <Coords points="1646,2134 1769,2157 1835,2119 1966,2141 2103,2104 2185,2133 2261,2094 2320,2132 2387,2106 2440,2146 2477,2109 2650,2092 2648,2062 2478,2029 2361,2073 2098,2042 2029,2087 1916,2052 1798,2101 1698,2070 1645,2092"/>
                <Baseline points="1653,2130 1702,2125 1751,2121 1801,2117 1850,2113 1900,2111 1949,2108 1999,2105 2048,2103 2098,2102 2147,2100 2196,2099 2246,2097 2295,2096 2345,2094 2394,2094 2444,2093 2493,2091 2543,2090 2592,2088 2642,2087"/>
                <TextEquiv>
                    <Unicode>vermog empfangnen beuelchs wegen diser tager</Unicode>
                </TextEquiv>
            </TextLine>
            <TextLine id="r4l22" custom="readingOrder {index:21;} person {offset:45; length:5; continued:true;}">
                <Coords points="1655,2203 1821,2185 1905,2230 1946,2191 2195,2203 2295,2171 2368,2207 2448,2153 2753,2179 2755,2116 2663,2101 2592,2139 2516,2107 2435,2144 2251,2096 2188,2134 1897,2111 1653,2157"/>
                <Baseline points="1661,2192 1715,2189 1769,2186 1824,2183 1878,2180 1933,2177 1987,2174 2042,2171 2096,2168 2151,2166 2205,2164 2259,2162 2314,2160 2368,2159 2423,2159 2477,2157 2532,2157 2586,2157 2641,2159 2695,2160 2750,2160"/>
                <TextEquiv>
                    <Unicode>ob einen diebstahl eines dackbetts in so dem wieth</Unicode>
                </TextEquiv>
            </TextLine>
            <TextLine id="r4l23" custom="readingOrder {index:22;} person {offset:0; length:10; continued:true;}">
                <Coords points="1626,2295 1934,2248 2178,2291 2282,2255 2544,2277 2673,2248 2671,2190 2556,2204 2451,2153 2362,2208 2081,2180 1889,2235 1623,2204"/>
                <Baseline points="1632,2259 1683,2257 1735,2255 1787,2253 1838,2250 1890,2249 1942,2246 1993,2244 2045,2242 2097,2240 2149,2238 2200,2236 2252,2234 2304,2232 2355,2232 2407,2231 2459,2230 2510,2229 2562,2229 2614,2229 2666,2231"/>
                <TextEquiv>
                    <Unicode>Zur Cronen alhie gehörig, gegennacht begangnen</Unicode>
                </TextEquiv>
            </TextLine>
            <TextLine id="r4l24" custom="readingOrder {index:23;}">
                <Coords points="1646,2332 1732,2375 1806,2326 2045,2355 2138,2306 2564,2346 2706,2319 2705,2241 2178,2291 1935,2248 1861,2294 1798,2260 1646,2294"/>
                <Baseline points="1653,2325 1705,2324 1757,2322 1809,2320 1862,2318 1914,2316 1966,2315 2019,2313 2071,2312 2123,2311 2176,2310 2228,2309 2280,2309 2332,2307 2385,2307 2437,2307 2489,2306 2542,2306 2594,2306 2646,2306 2699,2306"/>
                <TextEquiv>
                    <Unicode>fräfels ernstwörtig examinilrt worden, Sate</Unicode>
                </TextEquiv>
            </TextLine>
            <TextLine id="r4l25" custom="readingOrder {index:24;}">
                <Coords points="1642,2427 1910,2394 2022,2439 2118,2395 2704,2403 2738,2393 2738,2325 2619,2361 2453,2327 2250,2357 2134,2312 2047,2355 1822,2331 1735,2375 1641,2332"/>
                <Baseline points="1649,2394 1703,2393 1757,2391 1811,2390 1865,2390 1919,2388 1973,2387 2028,2387 2082,2385 2136,2385 2190,2384 2244,2384 2298,2382 2352,2382 2407,2382 2461,2382 2515,2382 2569,2382 2623,2382 2677,2382 2732,2382"/>
                <TextEquiv>
                    <Unicode>edoch Er gantz nützit bekemnen wollen, Sonder alles</Unicode>
                </TextEquiv>
            </TextLine>
            <TextLine id="r4l26" custom="readingOrder {index:25;}">
                <Coords points="1647,2477 1817,2501 1998,2467 2071,2499 2387,2453 2496,2498 2561,2461 2716,2471 2716,2439 2652,2411 2587,2435 2532,2390 2474,2424 2106,2401 2024,2441 1889,2401 1647,2431"/>
                <Baseline points="1653,2456 1705,2457 1758,2457 1811,2457 1864,2457 1917,2457 1969,2456 2022,2456 2075,2456 2128,2456 2181,2455 2233,2454 2286,2454 2339,2454 2392,2454 2445,2456 2497,2456 2550,2457 2603,2457 2656,2459 2709,2460"/>
                <TextEquiv>
                    <Unicode>der domahligen trunckheit und druß entstandener</Unicode>
                </TextEquiv>
            </TextLine>
            <TextLine id="r4l27" custom="readingOrder {index:26;}">
                <Coords points="1649,2543 1884,2535 1926,2564 2006,2533 2059,2571 2269,2521 2724,2567 2725,2492 2669,2475 2539,2507 2401,2454 2293,2494 1650,2476"/>
                <Baseline points="1656,2522 1709,2523 1762,2523 1815,2523 1868,2525 1921,2525 1974,2525 2027,2525 2080,2525 2133,2525 2186,2525 2239,2525 2292,2525 2345,2525 2398,2526 2451,2526 2504,2528 2557,2529 2610,2531 2663,2533 2717,2537"/>
                <TextEquiv>
                    <Unicode>unwüßenheit zugerechnet und mit disen worten .</Unicode>
                </TextEquiv>
            </TextLine>
            <TextLine id="r4l28" custom="readingOrder {index:27;}">
                <Coords points="1658,2601 1869,2596 1956,2635 2001,2603 2114,2638 2221,2602 2362,2633 2486,2596 2625,2644 2707,2618 2707,2579 2538,2553 2398,2581 2266,2524 2061,2572 1883,2535 1809,2563 1746,2526 1658,2564"/>
                <Baseline points="1665,2585 1716,2588 1768,2591 1820,2593 1872,2595 1923,2595 1975,2597 2027,2597 2079,2597 2130,2598 2182,2598 2234,2598 2286,2598 2337,2598 2389,2598 2441,2598 2493,2598 2544,2598 2596,2598 2648,2600 2700,2600"/>
                <TextEquiv>
                    <Unicode>meldet, er möchte es than oder nit than haben, er</Unicode>
                </TextEquiv>
            </TextLine>
            <TextLine id="r4l29" custom="readingOrder {index:28;}">
                <Coords points="1655,2666 2362,2716 2424,2670 2722,2662 2476,2598 2392,2644 2046,2611 1952,2634 1868,2596 1790,2631 1707,2591 1655,2613"/>
                <Baseline points="1662,2649 1714,2652 1767,2655 1819,2657 1872,2658 1925,2660 1977,2660 2030,2661 2083,2661 2135,2661 2188,2663 2241,2663 2293,2663 2346,2663 2399,2663 2451,2663 2504,2664 2557,2664 2609,2666 2662,2667 2715,2669"/>
                <TextEquiv>
                    <Unicode>könte nit wüßen, wie er zur cronen nommen were</Unicode>
                </TextEquiv>
            </TextLine>
            <TextLine id="r4l30" custom="readingOrder {index:29;}">
                <Coords points="1643,2735 1736,2726 1790,2761 1835,2729 1937,2766 1998,2733 2162,2764 2268,2727 2346,2763 2430,2728 2553,2759 2692,2731 2611,2679 2570,2704 2406,2679 2331,2714 1643,2678"/>
                <Baseline points="1650,2718 1701,2719 1753,2720 1805,2720 1857,2721 1908,2721 1960,2723 2012,2723 2064,2724 2115,2725 2167,2726 2219,2726 2271,2727 2322,2727 2374,2727 2426,2727 2478,2727 2529,2727 2581,2727 2633,2726 2685,2724"/>
                <TextEquiv>
                    <Unicode>ußwelchem gehalt er es genommen und wohiner</Unicode>
                </TextEquiv>
            </TextLine>
            <TextLine id="r4l31" custom="readingOrder {index:30;}">
                <Coords points="1672,2823 1816,2792 1984,2829 2080,2798 2283,2853 2318,2821 2433,2844 2505,2807 2506,2763 2470,2757 2386,2780 2297,2745 2133,2769 2053,2735 1939,2769 1821,2733 1789,2761 1674,2738"/>
                <Baseline points="1680,2784 1723,2784 1766,2784 1809,2784 1852,2785 1895,2787 1938,2789 1981,2790 2024,2792 2067,2794 2111,2796 2154,2798 2197,2799 2240,2801 2283,2801 2326,2802 2369,2801 2412,2800 2455,2798 2499,2796"/>
                <TextEquiv>
                    <Unicode>es hintragen habe und dergleichen mehr.</Unicode>
                </TextEquiv>
            </TextLine>
            <TextLine id="r4l32" custom="readingOrder {index:31;}">
                <Coords points="1652,2912 1704,2872 1826,2897 1894,2864 1968,2908 2045,2874 2268,2907 2379,2870 2531,2905 2670,2865 2671,2835 2221,2854 2082,2809 1873,2843 1811,2809 1653,2821"/>
                <Baseline points="1659,2856 1709,2858 1759,2859 1809,2861 1859,2862 1910,2863 1960,2864 2010,2865 2060,2867 2110,2868 2161,2868 2211,2870 2261,2870 2311,2870 2361,2871 2412,2871 2462,2871 2512,2871 2562,2870 2612,2870 2663,2868"/>
                <TextEquiv>
                    <Unicode>er übrigen aber nachden er auch über ey gehanden</Unicode>
                </TextEquiv>
            </TextLine>
            <TextLine id="r4l33" custom="readingOrder {index:32;}">
                <Coords points="1673,2942 1921,2974 1986,2933 2027,2966 2528,2916 2629,2945 2689,2934 2689,2877 2570,2871 2528,2905 2376,2871 2208,2910 2047,2875 1952,2906 1896,2867 1673,2890"/>
                <Baseline points="1680,2919 1730,2921 1780,2922 1830,2924 1880,2925 1930,2926 1980,2927 2030,2927 2080,2927 2130,2927 2181,2927 2231,2927 2281,2925 2331,2925 2381,2924 2431,2924 2481,2922 2531,2922 2581,2921 2631,2921 2682,2919"/>
                <TextEquiv>
                    <Unicode>gehabten ußzeg uß dem Theerbuch, das er schan im</Unicode>
                </TextEquiv>
            </TextLine>
            <TextLine id="r4l34" custom="readingOrder {index:33;}">
                <Coords points="1666,3004 1834,2996 1919,3036 1979,2987 2214,3018 2325,2980 2371,3011 2619,3013 2660,2977 2727,2998 2727,2934 1665,2952"/>
                <Baseline points="1673,2981 1725,2984 1777,2985 1830,2987 1882,2988 1934,2988 1987,2988 2039,2987 2091,2987 2144,2985 2196,2984 2248,2982 2301,2981 2353,2978 2405,2978 2458,2976 2510,2975 2562,2975 2615,2975 2667,2976 2720,2978"/>
                <TextEquiv>
                    <Unicode>meyen 1649 gfangen und hernach uff biß gestade.</Unicode>
                </TextEquiv>
            </TextLine>
            <TextLine id="r4l35" custom="readingOrder {index:34;}">
                <Coords points="1675,3044 1964,3097 2061,3053 2150,3095 2307,3042 2538,3037 2607,3077 2674,3028 2673,2976 2618,3014 1675,3020"/>
                <Baseline points="1682,3041 1731,3045 1780,3050 1829,3053 1879,3054 1928,3056 1977,3056 2026,3055 2076,3053 2125,3052 2174,3050 2223,3047 2273,3045 2322,3044 2371,3041 2420,3039 2470,3038 2519,3036 2568,3036 2617,3036 2667,3038"/>
                <TextEquiv>
                    <Unicode>ermarter ein zeit lang du schallenwerck gsy</Unicode>
                </TextEquiv>
            </TextLine>
            <TextLine id="r4l36" custom="readingOrder {index:35;}">
                <Coords points="1654,3123 1937,3151 2228,3107 2313,3135 2376,3098 2701,3114 2699,3052 2535,3036 2361,3074 2307,3043 2151,3095 2098,3059 1965,3097 1653,3056"/>
                <Baseline points="1661,3105 1712,3110 1764,3113 1815,3116 1867,3116 1919,3117 1970,3117 2022,3116 2073,3114 2125,3113 2177,3111 2228,3108 2280,3105 2331,3103 2383,3101 2435,3098 2486,3095 2538,3093 2589,3092 2641,3090 2693,3090"/>
                <TextEquiv>
                    <Unicode>volgents nach seiner ledig laßung für einen Saldaten</Unicode>
                </TextEquiv>
            </TextLine>
            <TextLine id="r4l37" custom="readingOrder {index:36;}">
                <Coords points="1678,3203 2536,3163 2646,3191 2701,3162 2675,3104 2553,3136 2471,3106 2305,3141 2227,3108 2124,3148 1677,3145"/>
                <Baseline points="1685,3173 1735,3176 1785,3177 1836,3177 1886,3177 1937,3177 1987,3177 2038,3176 2088,3174 2139,3173 2189,3170 2239,3168 2290,3166 2340,3164 2391,3162 2441,3161 2492,3159 2542,3159 2593,3159 2643,3159 2694,3159"/>
                <TextEquiv>
                    <Unicode>nacher xatmation gedinget, aber underwegs uß.</Unicode>
                </TextEquiv>
            </TextLine>
            <TextLine id="r4l38" custom="readingOrder {index:37;}">
                <Coords points="1667,3276 1993,3239 2253,3256 2318,3226 2383,3267 2506,3217 2685,3227 2683,3171 2393,3194 2319,3168 1974,3221 1919,3186 1856,3216 1777,3186 1733,3219 1664,3204"/>
                <Baseline points="1673,3236 1723,3239 1773,3242 1823,3243 1874,3243 1924,3243 1974,3242 2024,3241 2075,3239 2125,3237 2175,3234 2225,3231 2276,3229 2326,3226 2376,3223 2426,3219 2477,3216 2527,3214 2577,3212 2627,3210 2678,3209"/>
                <TextEquiv>
                    <Unicode>gwißen befragt worden, hat er sich also brant</Unicode>
                </TextEquiv>
            </TextLine>
            <TextLine id="r4l39" custom="readingOrder {index:38;}">
                <Coords points="1679,3305 1890,3313 1954,3351 2171,3304 2249,3325 2334,3283 2564,3322 2640,3269 2728,3267 2714,3202 2388,3263 2163,3238 2064,3271 1994,3240 1678,3269"/>
                <Baseline points="1685,3299 1736,3302 1788,3305 1840,3305 1892,3305 1944,3305 1995,3302 2047,3300 2099,3297 2151,3294 2203,3290 2254,3288 2306,3283 2358,3280 2410,3277 2462,3273 2513,3272 2565,3269 2617,3268 2669,3267 2721,3267"/>
                <TextEquiv>
                    <Unicode>wortet, das er zufangen ir Schallenwercke gsi und</Unicode>
                </TextEquiv>
            </TextLine>
            <TextEquiv>
                <Unicode>6.
1650.
da sie madle hundle dem nachrichter an dhand geben
dr sie oben uß uff gewohnliche richtstatt führen.
daselbst ir haubth abschlachen und also sent
dem Schwerrdt von Rbig zum todt, nach Kuser
lichen, vndt diser loben. Statt zrrusricht solle
Siely ist den 0 groß uff seine ehrts wfleg
dise wägneeisung geben worden, wyl sie mit
Ien bekontlich hurig confientiert worden undt
deßwegen nit wolln laugnen kan, solle er
ungeaust abfallens, wider sie fürfahren laßen
ist den 5ten nov 1650 exequiert worden.
Hans Salzvon Langnaue
Biewoll Hans salb fürgebender maßen von Lang.
eame, seines thnns sidtschweyen jahren ein keßler
durch die Ehren vesten, Elen etc. Ern Christophel
Fellenberg deß kleinen, Ire brath andrig von
Müllenen deß großen rhäts, is gegenwürtigkeit
Irs Großweibel Tscharnens und etlichen ir g weiblen
vermog empfangnen beuelchs wegen diser tager
ob einen diebstahl eines dackbetts in so dem wieth
Zur Cronen alhie gehörig, gegennacht begangnen
fräfels ernstwörtig examinilrt worden, Sate
edoch Er gantz nützit bekemnen wollen, Sonder alles
der domahligen trunckheit und druß entstandener
unwüßenheit zugerechnet und mit disen worten .
meldet, er möchte es than oder nit than haben, er
könte nit wüßen, wie er zur cronen nommen were
ußwelchem gehalt er es genommen und wohiner
es hintragen habe und dergleichen mehr.
er übrigen aber nachden er auch über ey gehanden
gehabten ußzeg uß dem Theerbuch, das er schan im
meyen 1649 gfangen und hernach uff biß gestade.
ermarter ein zeit lang du schallenwerck gsy
volgents nach seiner ledig laßung für einen Saldaten
nacher xatmation gedinget, aber underwegs uß.
gwißen befragt worden, hat er sich also brant
wortet, das er zufangen ir Schallenwercke gsi und</Unicode>
            </TextEquiv>
        </TextRegion>
    </Page>
</PcGts>
