3024 4032
598 231 1579 525 sueahe lten shendesche
628 348 1583 596 geren gedienet und sonderlich seiner domahl
631 408 1577 643 kranck gelägner fr biß zu irem todt ab
623 503 1535 698 gewartet, Nach disem zwar widerumb
625 572 1575 805 huß zu iren elteren gangen und daselbst
608 652 1565 861 verbliben wöllen. Aber durch gedite ire
646 737 1565 932 lteren, widerumb zu gesagtem kofner
611 803 1571 1017 Irem Schwagen gewisen worden, Ime In seinen
616 884 1547 1091 wittligstand ehrlich und redlich hußzehalen,
608 968 1548 1159 Naden dann Sie Inen auch gevolget, Vndt
590 1055 1577 1277 verhoffet mit goffes hilff nit all ein das fi
569 1146 1561 1318 ze thun, sonders auch es wurde gemelten
608 1229 1565 1410 ires vatters schwaß Christen kofer
614 1311 1561 1479 alß ein vatter hand ob ira halten sie von
604 1407 1526 1571 unbill und gwalt schützen, und schwenen
620 1466 1560 1620 eine aber zuwiden, habe er sich gegen Ir
604 1564 1547 1711 einem jungen meitlin, fleischlich gelusten laß
581 1633 1561 1795 fra drüber die ehe angemutet, vnd alßwe
495 1722 1517 1863 wol sie imme selbige mit fürgeworffner all
597 1802 1525 1954 zu nachen gesipp. vnd verwandtschafft
593 1903 1516 2036 vnd seiner verhofften discretion, uß geschlagen
579 1993 1540 2126 Er jedoch sie mit glünpflich geführenden bschin
576 2070 1550 2194 ob möchte, luth deß hrr decans zu Thin mein
601 2154 1543 2273 nng, dise ehe zwüschen inen vollzogen werden,
525 2215 1552 2323 zu der verböttnen vermischung, zem ersten und
559 2298 1543 2431 hernach zum öffter und underschidenlich en n
566 2375 1522 2509 gebracht, und also in disen leidigen fahl
560 2439 1532 2596 getürtzet, so weit, das sie drüber schrang
572 2522 1533 2674 worden, Inne Lofner deßen berichtet, vnd
556 2604 1531 2764 Ier seinen bescheid ohur faucht so ng ze haben, hin
558 2673 1507 2823 zu iren elteren vehrt, In welcheren huß sie
540 2755 1527 2941 I byseß irer muter und geschweyen, im 5en
542 2821 1540 2999 nat eines tadtner kindts genäsen, Welch es d
543 2901 1537 3082 durch iren vatter und bendr dem gurig zu trehen
543 3015 1495 3170 und in der nacht uf dem kilchof zu geingen
441 3033 500 3119 4
535 3070 1533 3273 begraben worden. Also bald gescheiden und
420 3153 1501 3411 Wiß um Myl Schuldheiß khat und augen
2697 186 2766 262 13.
1701 238 2748 522 Ier loblichen Statt Bar Iß abgelasen ver¬
1719 358 2728 598 saht gefunden, vnd verstendee Gs dise gegen¬
1735 403 2730 641 muntige arme Persohn, sich so weit vndt Vesre
1727 475 2776 700 widen koffes verbott, IIn Vnfuschzeit, vndt
1718 560 2767 773 klutschandt mit Christen kofner vertrabet
1732 628 2715 838 vnd vergaßen Alß habend hochgue
1727 699 2747 938 Mgs d. R. vad. sfarndef hren vndt
2243 773 2757 895 befunden vnd erkent, das
1750 820 2798 981 enkent und gesprachen dito klüser ggicht für mghen
1759 886 2822 1067 daß Sr Margr Mleinver den Nach nicht 2
1686 957 2801 1151 übergeben der töchsten gwalt getragen und drüber
1755 1048 2535 1198 entlich abgesprochen werden solle.
1645 1192 2666 1404 An der Trützgaßen zeuerläsen.
1630 1352 2782 1550 Wiewol hin und wider in heyliger gschrifft
1734 1449 2767 1579 die unkeüsheit ins gemein und sonderlich im
1743 1512 2772 1652 3. Buch Mosis am 18 capr die fleischliche ves
1762 1585 2770 1713 mishnung etlicher nachen blutsfrunden und
1753 1656 2770 1774 verwanten specifici und ustruckenlich
1742 1735 2805 1850 den gott den herren gantz ernstig mit ange
1756 1805 2783 1928 lenckter tronung und straß gegen den
1735 1876 2749 1993 verbrecheren, verpolten, hat Jedoch
1744 1943 2797 2082 gegenwirtige Arma Martreth Blöüweri
1733 2007 2807 2154 von Stredllingen in fiechtsunger hind ansetzung
1753 2080 2799 2206 ich durch Cristen toffner von Zeingen
1721 2152 2774 2282 ihres valders lyblichen schwäger zu diser
1738 2229 2792 2385 Sppigen, Godt den Herren hochsmißfelligen
1722 2310 2765 2450 vereischung bereden und überwinden laßen,
1724 2388 2783 2521 vnnd sienit Goldes deß herrn expredsen
1736 2454 2782 2596 verpof vbersech, vnd einen incestum, vnd
1743 2522 2787 2668 abscheüchenliche butschand begange, darund
1738 2615 2774 2741 tag möhen und oberen uß oberkheitlicher
1747 2679 2733 2814 schuldigkheit nit umbgehen können, sy
1752 2742 2733 2887 gfenklich annemmen, allhar fhüeren unnd
1763 2830 2732 2977 ernstig examinieren und befrag ge laßen.
1757 2907 2710 3035 die hat im drüberhin frey willig und
1756 2978 2720 3083 ohne Marter zu Beysyn der wolgeachtn
1747 3048 2738 3177 E. f. und wolwysen herrn hez Abrahams
1760 3115 2728 3225 Am Pordt deß kleinen und srr Bernhardt
1755 3181 2685 3308 2scharners Großwerbels deß groß
