3024 4032
741 365 1413 606 2minel Crgediu.
559 502 1440 747 Es hat zwar gott der Herr den
556 613 1466 827 Mönnschen in den h. zrchen gebotten, sein
517 700 1481 905 Aesatz fürgeschriben und geben und selbige
546 761 1476 955 vermittlest einen hochen Christenlichen ob
541 843 1475 1034 kit alße gottes stattthaltere alhie uf
522 925 1458 1098 erden, dauch die diener göttlichen worts
518 1020 1473 1192 zu statt und land, alles yfnrs und mi
548 1097 1490 1270 offentlich predigen, lehren, Vnd die Juge
537 1177 1482 1351 In den gehaltnen kinderlehren in denselben
550 1299 1499 1468 wie auch in übrigen punckten Christmlich
530 1386 1485 1533 und allein säligmachender religion und
542 1478 1473 1618 wysen und undenrichten laßen, dannt
508 1569 1487 1719 Dännach wir ins gemein, und sonderlichen
538 1658 1497 1817 In styffen obhewrantz derselben verhaten
551 1766 1489 1890 und unser läben und wandel darnach
551 1856 1485 1991 alß ein richtschnur anstellind. Wage
566 1947 1491 2077 acht deßen aber habend gegenwürtig
555 2025 1485 2171 arbeitsälige, elend e persohnen, vl
549 2146 1492 2283 faltig darwider gehandlet, alle wan
567 2214 1492 2366 nungen, predigen und kinderlehren un
535 2309 1490 2468 der obecht gelaßen und in wind gschlagen
511 2424 1486 2556 Den derowegen gott sein beschiemende hand abze
510 2490 1490 2661 zogen und zu verdinter straff sie zuoffnt.
533 2559 1463 2706 licher verbrechung deß 7 unnd et gebott.
465 2645 1490 2821 Namlich in unbeyschheit und srebstahl gesen
542 2728 1489 2866 laßen. Darumb dain mghl und d
510 2793 1462 3022 uß scheldigen oberreitlichen mbtspfist
558 2867 1484 3072 nit vmbgang nemen sollen, Vnd wellen, diser
515 2939 1474 3179 begangnen fähleren nachgeforschen, sane
544 3024 1503 3242 durch ernstwörtige und pynliche exende
506 3087 1488 3324 Von beschechen, und habend den ein ander de
503 3155 1504 3391 vnd werte bekent, vnd erhalten, wie her
543 3286 1269 3505 ac zusech v
1511 1578 1565 1694 7
2536 252 2659 341 24.
1790 328 2557 500 ans Rychart sonst gut
1617 417 2575 625 Milli, von Buren zum Hoffte
1609 556 2584 737 ast Bekent, ds er vor 7 Jahren mit
1626 636 2590 812 hilff Joserß Härigs eines Geßlers, vnd
1599 687 2632 904 Frantz Gredners uß einem stölkli durch
1608 773 2635 977 Die Charen hinß das Reißgebt zu kilchen
1561 860 2613 1056 Findach entfrömbden helffen. Daruon
1630 918 2640 1106 aber sye imme nit mehr alß 9 tg j 63
1633 992 2625 1165 worden, ungeacht seine gespomnen imme
1598 1075 2669 1251 alß der uff der schiltzracht gestanden
1590 1157 2695 1338 vermeldet, auch wold darby gsig sye, Habeind
1636 1262 2491 1430 Imne also bschißen und tragen rer.
1582 1364 2661 1564 Denne by hochteten habe Er vß einen Daden
1575 1470 2696 1634 mit hilff seines gemelten Respanen deß erst.
1628 1545 2686 1694 lers, alß sie uß der Galmatischen Colta.
1619 1600 2706 1779 gan ußgerißen, kulben und brot entfrauw
1588 1731 1743 1841 ldet.
1592 1776 2696 1957 Item zu Solathurn fünf zusamen gleite meßen
1581 1877 2601 2017 und i gutt. darob aber sye er ergriffen,
1628 1959 2640 2095 gfengelich angenommen uß geschmeitzt, zeichnet
1608 2039 2235 2175 undendtlich verwisen worden.
1537 2184 2571 2320 Mehr habe er mit hilff einer gwüßen im
1610 2264 2685 2388 Aegeür pürtig gewesen frauwen Maria
1629 2331 2665 2479 gembris ein kembd und einen vierten teill
1641 2414 2410 2553 eines grb fleischs entfrombdet.
1608 2520 2628 2696 Wnd zu Schwänden mit hilff einesig, so sich
1633 2640 2605 2769 Peter genamset, etwas brots uß des
1611 2709 2686 2836 Stuben, vnd dry Cronen, vß einem Verschloßen
1647 2794 2632 2928 gewesen mit einen viel gröffrten wag
1625 2929 2675 3077 endtlichen habe er zu minsigen ob einer stang
1637 3000 2676 3133 ein mans und ey wyber hembd wegge
1652 3075 2579 3190 nomen und entrag und 6 jahr ali
1629 3131 2660 3268 Brunner alß eine tirnen ohne kilchenrëcht nach
1640 3211 2664 3362 hin geschleifft und 2 kinder by zra erzüget
