3024 4032
742 168 1594 513 ai he
745 256 1653 605 dn een
736 365 1645 669 aaß weden
710 442 1648 753 ede gren
734 548 1633 827 und delge elte
746 634 1658 963 ween Eesh gsn
732 709 1192 874 e eend
577 829 1610 1131 Aee ahen pr
695 931 1595 1189 Ire signundts von Wattemweil krefftigen
704 1015 1612 1276 susoplicaon und der Maleficant fründen beracen
708 1059 1584 1314 vnndt Kindern erscheinen, auch betrachtung
688 1141 1588 1375 der 15. wüchigen schwären gefangenscht von
692 1219 1610 1455 mehl S Rl und B milt, und mittbiderlich
666 1284 1608 1539 Ia sonder gnaden beiden obbemelt Perschen
655 1364 1586 1626 das läber geschenckt und erknnt nochen
658 1465 1598 1655 das die fine vnd andr Prrsohren Er Jehr
660 1534 1567 1733 lang von dero stetten und landen.
665 1618 1561 1821 wisen mrind dauid pertad schuldig sy
658 1684 1552 1876 sölle, den diebstahl dem verlürstig dritig
654 1765 1562 1955 mundt versettz und biß zu völlig ersatzung
665 1845 1273 1966 nit wider ins kend getratten.
651 1893 1546 2051 uf bemelten tag iie iu3o eit geben worden.
2740 394 2832 470 90.
1751 515 2783 679 Andermoz Anna und dle wegen zueignung einer
1952 597 2294 699 unehel. Kinds. 1.
1738 663 2740 825 Amenen, Händli, auf der Rachthulen, wegen Roth¬
1932 747 2135 854 Juhl. 22
1732 853 2742 999 Amd, Anna, v. Johingen, wegen diebstahl 1116 48
1933 936 2034 1017 185
1719 947 2690 1164 Abbüchl. Peter, v. Whistorf, begendebstahl. 13
1697 1526 1918 1678 Bunggen
1925 1523 2709 1711 Sibilla, u. thörigen, wegen Zeeignung
1927 1646 2422 1756 ihres mnehel Kinds. 1.
1688 1707 2772 1873 Böhlen, Catharma, v. Schlouezenburg, wegen Herrn,
1895 1810 2155 1924 fehler. 26
1685 1883 1849 1984 Blanen
1889 1900 2729 2047 Murgneth, v. Strättligen, wegen Klük¬
1893 1982 2235 2090 sihund. 11. 12.
1684 2039 1870 2153 daumen
1892 2071 2782 2234 Margreth, v. Stunchenbüchsten, Jaggi Zentze
1888 2166 2691 2309 ler stel. Frau, wegen diebstühlen R. 34.
1663 2208 1827 2340 ücher
1867 2235 2744 2407 athama v. Unterstren, begen Verdacht
1890 2315 2297 2449 v. Diebstahl M. 35.
1660 2372 2744 2586 Dart, Dendicht, v. Lobstigen, wegen Ehebuuch p. 35
1635 2458 2773 2693 Bnelen, Jakob und dem Markgurfenland, wegen Vor¬
1884 2599 2508 2735 dacht v. Mord M. 35 41. 42.
1812 2692 2737 2854 Elrbeth v. Schönenband geb. Ruhn, deßen danu
1862 2773 2742 2963 Verhör begenihend Sunner Skondhat. 42
1874 2869 1969 2944 43.
1627 2876 1871 3047 sihlohe
1883 2932 2778 3149 2. Hans Vnteru. Sohn, . Kilchtindach, begen
1877 3036 2742 3246 schlechter Bohandlung ihrer Vnters u. Groß¬
1875 3116 2112 3224 Aatens 13.
1621 3125 2715 3424 Kichlen, Madleng, v. leißigen, wegen unrichtigen
1813 3278 2604 3472 Zeeignung ihner neehal. Kinder 13
