3024 4032
940 218 1164 362 1650
605 292 1530 597 atg srn
645 434 1508 679 Hans, vnd Vnes Pentzig, Vatter, vnd dr
633 482 1501 740 ege nge
663 548 1471 803 degeshe de
639 606 1444 819 dem vatter nit habe geoffenbaret
636 692 1531 962 gntente  ee
607 760 1519 1037 Shen de gste eishen
655 856 1023 1010 ledigen gsellen.
590 929 1491 1182 Item mit Sebarstian Brudmnag den jm
634 1005 1522 1264 auch von Runysperg, welcher eben gesagt
625 1097 1544 1328 Urßen an der Egg schwöster zur ehehatt
604 1168 1529 1391 Diser irer schwägerscht halb aber gabes
636 1254 1520 1456 nichts gewüßst, auch keinem nichts von dem
642 1336 1049 1466 andwren gsagt:
578 1410 1522 1634 mehr mit Christen Ryff von Oberish
560 1495 1524 1729 Steffan Hartman von Witlispach, all
626 1615 1074 1732 der vogty Bipe.
594 1681 1529 1876 entlich mit einen gwüßen soldi von uß
633 1778 1538 1959 anlaßung deß kupflers Hans Stimpfli
578 1856 1305 2009 Deß wirts von aberkupe.
567 1979 1501 2107 i übrigen aber antreffend die beschechne
591 2036 1504 2165 confrontuon der Verhaften Sundtlin, gen¬
601 2112 1530 2243 Den auch in der oberen gfangensht jetzund
629 2194 1530 2326 enthaltenden Hans Schad, gat dieser
618 2261 1516 2415 luth horgrichtlichen fürtrags, imme besten
607 2340 1527 2498 dig erhalten, das er gra 3 l ze geben vnr
603 2430 1524 2574 sprochen, wann sie werde verschaffen, das er
602 2496 1501 2660 Chnisten sigrist und sie an der that er
609 2574 1531 2744 griffen könne, Vnd wie wol sie Ime darzu
597 2650 1505 2826 verholffen, vnd gesagter Sigrist Imme Schno¬
584 2723 1520 2907 Die that heuerschweigen ein juchen acher
572 2805 1486 2983 versprochen, so syen jedoch fra die mr
596 2877 1459 3080 sprochirs 3 u nit ußgerichtet worden.
577 3005 1521 3240 Darüber hat zwar ermelter schad bete
566 3085 1488 3300 das er die that leider auch nit jra zubracht.
584 3123 1514 3371 Aber sie zu gemelter anwysung nit gebrin
599 3221 1506 3458 nit bethürung zu gott, wol syn wahr das
561 3251 1535 3559 ee e
1574 3435 1635 3515 ser
1987 330 2179 425 1650
2629 330 2708 426 4.
1596 431 2710 588 Dich also wan Christen sigrist imme die versprochen
1726 508 2254 609 iverolgen laßen werde.
1596 552 2712 713 Entreffend dann das sie ime hieuor beschuldiget
1545 659 2699 787 ob hitte sie vor verrichteter hat imme ynes bru
1654 691 2709 816 Ders Nielaus Schads vorgangne fleischliche Ver¬
1663 756 2718 879 mischung mit jra groffebaret,  at sie jetz
1649 814 2677 938 und bekent, das er Hans Schad sie, als er jra zu
1656 877 2684 1006 konnen gfragt, ob sein brudr by dra gsige sant
1640 945 2649 1080 sageits, er sye auch by dra gsi, abe sien
1653 1014 2664 1140 imme geantwortet, sie wüße es nit, er werde es
1656 1078 2666 1190 wol wüßen etc. Daruff er geantwortet, er
1638 1151 2676 1268 habe sie gfragt, meitli, wann duetwas mit
1659 1212 2675 1340 eyner verwandtschafft die da großze thun
1652 1293 2737 1411 ghan hast, so sag mirs Darufff is geantwortete
1633 1357 2720 1464 Iu meinst gwüß ich wüße nit, was ich gethun habe
1609 1430 2677 1552 Darbei welle er verbleiben, mit frywilligen
1657 1499 2665 1623 anerbietung dises sein versprochen, auch durch
1593 1577 2125 1681 Die Marter zeerhalten
1613 1650 2650 1785 Dise begangne mißeandleng sygind zue leid
1601 1734 2665 1861 Deßwegen Gott, E. Eß vnd mennigelichen so sie
1636 1805 2505 1927 geergeret, vmb Verzeichung pittend.
1612 1874 2041 1986 Hat 29. octob.
1642 2070 2633 2244 Ans Schad vnd Madle rindli
1981 2178 2206 2272 obbemelt.
1600 2285 2636 2445 Winnol vff hutt vber Ir ß beuelch beide Hans
1644 2395 2688 2491 Schad und Nadle fündli widerumb in den Strecki
1641 2460 2664 2574 hurg geführt und wegen diser zweyen puncklen
1643 2531 2646 2641 10, das er sie vor einchen vertraben gefragt, das sei
1641 2599 2767 2714 bruder Haus schad mit jro gethun gehabt 2 ob 1
1644 2661 2778 2791 er nit Christen sigrist ze fellen, wa der dienen 3 l de
1654 2744 2696 2864 wie hienor vermelt versprochen. gegen ein anderen
1645 2816 2668 2933 controntiert, exomniert und er Schad 2 mahl
1648 2882 2662 3007 ehr und einmahl mit dem kleinsten stey, tortariert
1645 2956 2767 3076 worden, d bysin Herr heodor Morlots vom kleine
1630 3023 2792 3149 J Fridrich Pfarners und jr großweibel Wter
1640 3096 2791 3226 2scharners deß groß khats und etlicher weiben und
1624 3158 2704 3283 Hhat jedoch er schao vos seiner gestrigen verant
1657 3235 2706 3359 wort und versprechung und die dirnen von irer
1645 3304 2650 3419 anklag nit weichen wöllen, sonder sind beidesigs
1631 3364 2657 3489 bestendig verharret. De 30 octob lb50.
1633 3432 2674 3536 Schnd et wegender versprochnen 3 und empff achers,
1631 3512 2701 3604 Schmid pristens that zeuerschwyl uffguid hin mit dem
1655 3556 2698 3675 eidt von statt und land verwisen Ac 2. xer 1650
2720 2256 2760 2318 9
