<?xml version="1.0" encoding="UTF-8" standalone="yes"?>
<PcGts xmlns="http://schema.primaresearch.org/PAGE/gts/pagecontent/2013-07-15" xmlns:xsi="http://www.w3.org/2001/XMLSchema-instance" xsi:schemaLocation="http://schema.primaresearch.org/PAGE/gts/pagecontent/2013-07-15 http://schema.primaresearch.org/PAGE/gts/pagecontent/2013-07-15/pagecontent.xsd">
    <Metadata>
        <Creator>prov=University of Rostock/Institute of Mathematics/CITlab|PLANET AI GmbH/Gundram Leifert/gundram.leifert@planet-ai.de:name=German_Kurrent_XVI-XVIII_M1(htr_id=19584)::::v=2.6.6
prov=University of Rostock/Institute of Mathematics/CITlab|PLANET AI GmbH/Tobias Gruening/tobias.gruening@planet-ai.de:name=de.uros.citlab.module.baseline2polygon.B2PSeamMultiOriented:v=2.6.6
prov=University of Rostock/Institute of Mathematics/CITlab|PLANET AI GmbH/Tobias Gruening/tobias.gruening@planet-ai.de:name=/net_tf/LA73_249_0mod360.pb:de.uros.citlab.segmentation.CITlab_LA_ML:v=2.6.6
Transkribus</Creator>
        <Created>2020-10-05T11:43:05.439+02:00</Created>
        <LastChange>2022-09-12T14:41:09.528+02:00</LastChange>
        <TranskribusMetadata docId="1334828" pageId="52360712" pageNr="23" tsid="114642479" status="IN_PROGRESS" userId="9570" imgUrl="https://files.transkribus.eu/Get?id=VWVJJONWEDGAEAWIHSOJTAYA&amp;fileType=view" xmlUrl="https://files.transkribus.eu/Get?id=LZWJRJDYOAGBLLZFDMONOSRL" imageId="16044553"/>
    </Metadata>
    <Page imageFilename="IMG_7820.JPG" imageWidth="3024" imageHeight="4032">
        <ReadingOrder>
            <OrderedGroup id="ro_1687513742864" caption="Regions reading order">
                <RegionRefIndexed index="0" regionRef="r1"/>
                <RegionRefIndexed index="1" regionRef="r2"/>
                <RegionRefIndexed index="2" regionRef="r3"/>
            </OrderedGroup>
        </ReadingOrder>
        <TextRegion orientation="0.0" id="r1" custom="readingOrder {index:0;}">
            <Coords points="450,293 450,3315 1509,3315 1509,293"/>
            <TextLine id="r1l1" custom="readingOrder {index:0;}">
                <Coords points="604,323 814,347 872,396 1012,374 1361,434 1485,500 1496,436 1318,330 1038,328 938,264 774,294 742,258 619,235"/>
                <Baseline points="612,315 655,322 699,330 742,335 786,342 829,347 873,354 916,359 960,365 1003,370 1047,377 1090,383 1134,390 1177,397 1221,406 1264,416 1308,425 1351,437 1395,449 1438,461 1482,477"/>
                <TextEquiv>
                    <Unicode>enenghlen aelend aen</Unicode>
                </TextEquiv>
            </TextLine>
            <TextLine id="r1l2" custom="readingOrder {index:1;}">
                <Coords points="578,396 701,403 741,447 797,413 980,458 1127,451 1229,512 1298,492 1482,542 1487,502 1412,486 1362,433 1300,455 1211,412 1137,430 1009,375 872,397 822,360 590,324"/>
                <Baseline points="588,378 632,385 677,390 721,396 766,402 810,407 855,414 899,421 944,427 988,434 1033,441 1078,448 1122,456 1167,463 1211,471 1256,479 1300,488 1345,496 1389,504 1434,513 1479,522"/>
                <TextEquiv>
                    <Unicode>sitet hothgedacht Br g gantz trunge</Unicode>
                </TextEquiv>
            </TextLine>
            <TextLine id="r1l3" custom="readingOrder {index:2;}">
                <Coords points="586,460 1010,502 1106,546 1185,528 1243,565 1394,573 1500,640 1511,571 1427,513 1229,514 1118,455 1042,468 850,419 741,446 691,411 593,415"/>
                <Baseline points="594,447 639,452 684,457 729,463 775,469 820,475 865,480 911,485 956,491 1001,497 1047,503 1092,510 1137,517 1182,525 1228,534 1273,542 1318,551 1364,561 1409,572 1454,583 1500,596"/>
                <TextEquiv>
                    <Unicode>umb gnad und verzychung, mit versprechen</Unicode>
                </TextEquiv>
            </TextLine>
            <TextLine id="r1l4" custom="readingOrder {index:3;}">
                <Coords points="603,528 998,564 1052,617 1201,594 1372,647 1415,631 1480,674 1488,629 1279,547 1231,565 1175,529 1123,553 1018,504 860,522 710,457 611,472"/>
                <Baseline points="612,510 655,516 698,522 742,527 785,533 828,539 872,543 915,549 958,555 1002,561 1045,566 1088,573 1132,578 1175,585 1218,593 1262,601 1305,608 1348,616 1392,626 1435,634 1479,645"/>
                <TextEquiv>
                    <Unicode>ich fürskünfftig beßer, sonderlich aber</Unicode>
                </TextEquiv>
            </TextLine>
            <TextLine id="r1l5" custom="readingOrder {index:4;}">
                <Coords points="591,596 888,620 921,660 994,633 1133,649 1465,716 1471,674 1415,631 1333,642 1146,590 1052,617 998,564 901,582 759,531 596,563"/>
                <Baseline points="600,581 643,585 686,590 729,594 772,598 815,604 858,608 901,613 944,618 987,624 1030,629 1073,636 1116,641 1159,648 1202,655 1245,662 1288,669 1331,676 1374,684 1417,693 1461,702"/>
                <TextEquiv>
                    <Unicode>mit redlicher hand arbeit und artzne</Unicode>
                </TextEquiv>
            </TextLine>
            <TextLine id="r1l6" custom="readingOrder {index:5;}">
                <Coords points="574,666 638,659 740,714 827,674 1087,751 1269,732 1417,759 1453,800 1478,799 1487,734 1432,738 1368,687 1258,694 1165,655 1101,677 1004,634 911,662 754,599 583,591"/>
                <Baseline points="582,654 626,659 671,662 716,665 760,670 805,673 850,678 894,682 939,687 984,693 1029,697 1073,703 1118,709 1163,715 1207,721 1252,727 1297,735 1341,742 1386,750 1431,759 1476,768"/>
                <TextEquiv>
                    <Unicode>der pferdten, mit welichem er durch</Unicode>
                </TextEquiv>
            </TextLine>
            <TextLine id="r1l7" custom="readingOrder {index:6;} person {offset:0; length:6;}">
                <Coords points="559,759 812,742 854,777 1311,809 1361,849 1493,857 1497,812 1269,731 1090,751 994,714 906,725 829,675 742,717 617,653 570,666"/>
                <Baseline points="570,728 615,732 661,736 707,739 753,743 799,746 845,750 891,753 937,757 983,761 1029,767 1074,771 1120,776 1166,782 1212,789 1258,795 1304,802 1350,810 1396,818 1442,828 1488,837"/>
                <TextEquiv>
                    <Unicode>Goldes sägen vil curfiert, verhalten</Unicode>
                </TextEquiv>
            </TextLine>
            <TextLine id="r1l8" custom="readingOrder {index:7;}">
                <Coords points="441,836 508,860 563,823 670,829 770,908 831,890 903,922 1029,928 1131,876 1465,925 1471,855 1348,860 1272,811 1039,816 886,769 803,796 452,724"/>
                <Baseline points="450,821 500,825 550,828 601,832 651,836 702,838 752,842 802,846 853,849 903,852 954,857 1004,862 1054,867 1105,872 1155,878 1206,884 1256,890 1306,897 1357,905 1407,913 1458,923"/>
                <TextEquiv>
                    <Unicode>Ist den 2. embr uiß geschmeitzt und mit dem eidt</Unicode>
                </TextEquiv>
            </TextLine>
            <TextLine id="r1l9" custom="readingOrder {index:8;}">
                <Coords points="510,919 544,917 559,929 585,928 612,942 621,936 638,943 655,929 712,946 717,843 701,835 648,834 615,860 591,854 559,824 541,840 514,848"/>
                <Baseline points="519,887 546,885 573,884 600,885 627,887 654,889 681,892 708,896"/>
                <TextEquiv>
                    <Unicode>kirisen.</Unicode>
                </TextEquiv>
            </TextLine>
            <TextLine id="r1l10" custom="readingOrder {index:9;} person {offset:0; length:13;}">
                <Coords points="837,1026 887,1006 906,1025 950,1017 1007,1062 1093,1038 1163,1073 1217,1045 1380,1066 1388,981 1348,960 1312,972 1191,934 1081,949 1037,921 935,963 874,916 848,918"/>
                <Baseline points="846,1007 872,1008 898,1011 925,1013 951,1016 978,1018 1004,1021 1030,1024 1057,1026 1083,1029 1110,1032 1136,1034 1162,1038 1189,1040 1215,1043 1242,1046 1268,1048 1294,1050 1321,1053 1347,1054 1374,1056"/>
                <TextEquiv>
                    <Unicode>Hanß Ryshardt</Unicode>
                </TextEquiv>
            </TextLine>
            <TextLine id="r1l11" custom="readingOrder {index:10;}">
                <Coords points="862,1083 885,1078 924,1115 964,1114 1004,1082 1329,1109 1372,1127 1377,1066 1328,1076 1243,1048 1165,1074 1114,1040 1081,1062 1005,1062 949,1016 864,1048"/>
                <Baseline points="870,1067 896,1070 922,1072 948,1075 974,1077 1001,1079 1027,1082 1053,1084 1079,1088 1105,1089 1132,1092 1158,1093 1184,1095 1210,1098 1236,1099 1263,1102 1289,1103 1315,1104 1341,1105 1368,1106"/>
                <TextEquiv>
                    <Unicode>sonst genant Mülli</Unicode>
                </TextEquiv>
            </TextLine>
            <TextLine id="r1l12" custom="readingOrder {index:11;} place {offset:4; length:14;}">
                <Coords points="880,1143 942,1164 1014,1152 1088,1209 1206,1199 1246,1220 1341,1167 1397,1221 1435,1207 1495,1228 1494,1139 1446,1158 1389,1118 1347,1129 1300,1105 1131,1090 1057,1120 1005,1083 960,1116 885,1096"/>
                <Baseline points="888,1133 918,1138 948,1142 978,1144 1008,1147 1038,1148 1068,1149 1098,1151 1128,1152 1158,1152 1189,1154 1219,1156 1249,1158 1279,1162 1309,1166 1339,1170 1369,1176 1399,1184 1429,1193 1459,1203 1490,1215"/>
                <TextEquiv>
                    <Unicode>von Büren zum Hoff</Unicode>
                </TextEquiv>
            </TextLine>
            <TextLine id="r1l13" custom="readingOrder {index:12;}">
                <Coords points="1432,1309 1449,1313 1467,1328 1481,1322 1490,1325 1490,1226 1458,1226 1451,1220 1432,1215"/>
                <Baseline points="1439,1305 1484,1305"/>
                <TextEquiv>
                    <Unicode></Unicode>
                </TextEquiv>
            </TextLine>
            <TextLine id="r1l14" custom="readingOrder {index:13;}">
                <Coords points="618,1293 781,1341 861,1295 976,1338 1077,1319 1275,1396 1409,1361 1500,1401 1507,1337 1416,1296 1263,1316 1105,1213 1004,1262 846,1190 743,1250 690,1217 626,1226"/>
                <Baseline points="626,1278 669,1280 713,1283 756,1286 800,1288 843,1291 887,1295 930,1300 974,1304 1017,1309 1061,1314 1104,1320 1148,1325 1191,1331 1235,1337 1278,1343 1322,1348 1365,1356 1409,1361 1452,1367 1496,1373"/>
                <TextEquiv>
                    <Unicode>iß er ist bereidts zum 11. agmal in vorgen</Unicode>
                </TextEquiv>
            </TextLine>
            <TextLine id="r1l15" custom="readingOrder {index:14;}">
                <Coords points="566,1376 759,1356 877,1395 917,1371 1000,1411 1051,1393 1116,1438 1280,1433 1321,1472 1469,1444 1473,1398 1255,1390 1086,1326 1038,1357 921,1310 781,1341 573,1300"/>
                <Baseline points="575,1358 619,1358 663,1359 708,1359 752,1361 797,1364 841,1368 885,1370 930,1374 974,1379 1019,1384 1063,1388 1107,1393 1152,1399 1196,1404 1241,1409 1285,1413 1329,1418 1374,1421 1418,1425 1463,1428"/>
                <TextEquiv>
                    <Unicode>schallen werde yngefeßlet gewesen unnd</Unicode>
                </TextEquiv>
            </TextLine>
            <TextLine id="r1l16" custom="readingOrder {index:15;} place {offset:20; length:9;}">
                <Coords points="556,1457 638,1439 885,1496 1021,1459 1098,1501 1367,1532 1416,1497 1490,1508 1495,1440 1356,1470 926,1380 896,1404 755,1374 641,1414 560,1396"/>
                <Baseline points="564,1439 610,1437 656,1436 702,1436 748,1436 794,1437 840,1439 886,1442 932,1445 978,1449 1024,1452 1070,1456 1116,1461 1162,1466 1208,1471 1254,1477 1300,1482 1346,1486 1392,1491 1438,1496 1484,1500"/>
                <TextEquiv>
                    <Unicode>durch die jüngst zu Bürgdarff hingerichte</Unicode>
                </TextEquiv>
            </TextLine>
            <TextLine id="r1l17" custom="readingOrder {index:16;} person {offset:0; length:24;}">
                <Coords points="558,1522 746,1542 873,1511 922,1554 1002,1524 1102,1559 1259,1543 1319,1578 1467,1576 1471,1514 1421,1501 1344,1530 1093,1501 1019,1462 884,1497 635,1440 563,1457"/>
                <Baseline points="566,1503 610,1503 655,1505 700,1506 745,1508 789,1509 834,1511 879,1514 924,1516 968,1518 1013,1521 1058,1525 1103,1528 1147,1531 1192,1535 1237,1539 1282,1543 1326,1548 1371,1554 1416,1559 1461,1565"/>
                <TextEquiv>
                    <Unicode>Appolonia Zeidelbergerin wegen des</Unicode>
                </TextEquiv>
            </TextLine>
            <TextLine id="r1l18" custom="readingOrder {index:17;}">
                <Coords points="578,1592 633,1614 736,1578 807,1614 866,1585 1030,1636 1078,1599 1169,1635 1374,1615 1457,1647 1494,1639 1497,1583 1172,1542 923,1553 810,1512 753,1553 581,1535"/>
                <Baseline points="585,1577 630,1578 675,1580 720,1580 765,1582 810,1584 855,1585 901,1587 946,1589 991,1591 1036,1593 1081,1595 1126,1598 1171,1601 1217,1604 1262,1608 1307,1611 1352,1614 1397,1618 1442,1623 1488,1628"/>
                <TextEquiv>
                    <Unicode>ste vor jahren gestolnen reißgeldts zu</Unicode>
                </TextEquiv>
            </TextLine>
            <TextLine id="r1l19" custom="readingOrder {index:18;}">
                <Coords points="564,1684 805,1647 1059,1672 1200,1724 1278,1681 1395,1725 1480,1700 1482,1652 1421,1623 1296,1662 1220,1623 1060,1651 866,1584 808,1617 770,1587 681,1617 568,1605"/>
                <Baseline points="573,1646 618,1646 663,1647 708,1649 753,1650 798,1653 843,1655 888,1656 933,1659 978,1662 1023,1665 1068,1667 1113,1670 1158,1673 1203,1676 1248,1679 1293,1680 1338,1683 1383,1685 1428,1688 1473,1689"/>
                <TextEquiv>
                    <Unicode>kilchlindach, alß ein mit pflichtiger</Unicode>
                </TextEquiv>
            </TextLine>
            <TextLine id="r1l20" custom="readingOrder {index:19;}">
                <Coords points="575,1723 908,1780 1025,1742 1132,1786 1204,1752 1481,1781 1502,1729 1278,1682 1154,1719 971,1667 819,1700 732,1657 576,1693"/>
                <Baseline points="582,1719 627,1720 673,1721 718,1723 764,1724 810,1727 855,1728 901,1731 946,1733 992,1735 1038,1737 1083,1740 1129,1741 1174,1744 1220,1746 1266,1748 1311,1750 1357,1752 1402,1754 1448,1755 1494,1757"/>
                <TextEquiv>
                    <Unicode>angeben, bekandtlich gemacht und usheit</Unicode>
                </TextEquiv>
            </TextLine>
            <TextLine id="r1l21" custom="readingOrder {index:20;}">
                <Coords points="559,1831 641,1830 679,1863 895,1811 1082,1858 1378,1825 1440,1854 1485,1841 1486,1782 1204,1752 1090,1790 1012,1741 876,1788 642,1735 560,1760"/>
                <Baseline points="566,1814 611,1812 657,1811 702,1810 748,1809 794,1811 839,1811 885,1811 931,1812 976,1814 1022,1815 1068,1816 1113,1817 1159,1818 1205,1820 1250,1820 1296,1821 1342,1821 1387,1821 1433,1820 1479,1820"/>
                <TextEquiv>
                    <Unicode>uß sg benelch, so wol ernstwörtig.</Unicode>
                </TextEquiv>
            </TextLine>
            <TextLine id="r1l22" custom="readingOrder {index:21;}">
                <Coords points="556,1900 621,1922 756,1887 799,1922 998,1934 1092,1880 1320,1895 1413,1935 1501,1908 1502,1836 1287,1829 1109,1867 894,1810 691,1863 640,1830 557,1848"/>
                <Baseline points="563,1887 609,1884 656,1882 702,1881 749,1880 795,1880 842,1881 888,1882 935,1883 981,1884 1028,1886 1075,1887 1121,1889 1168,1890 1214,1892 1261,1892 1307,1892 1354,1892 1400,1890 1447,1889 1494,1886"/>
                <TextEquiv>
                    <Unicode>alß mit einfalt ig er mart er in bysi</Unicode>
                </TextEquiv>
            </TextLine>
            <TextLine id="r1l23" custom="readingOrder {index:22;} person {offset:32; length:6; continued:true;}">
                <Coords points="544,1951 631,1959 695,2014 765,1966 866,1990 944,1963 993,2008 1144,1980 1187,2003 1243,1962 1473,1973 1473,1924 1355,1926 1321,1897 1198,1902 1159,1937 544,1913"/>
                <Baseline points="551,1964 596,1962 642,1961 688,1959 734,1959 779,1958 825,1958 871,1958 917,1958 962,1958 1008,1958 1054,1958 1100,1959 1145,1959 1191,1959 1237,1960 1283,1961 1328,1961 1374,1961 1420,1961 1466,1961"/>
                <TextEquiv>
                    <Unicode>der Erennesten etc. Herren, Hon Sammel</Unicode>
                </TextEquiv>
            </TextLine>
            <TextLine id="r1l24" custom="readingOrder {index:23;} person {offset:0; length:7; continued:true;} person {offset:22; length:8; continued:true;}">
                <Coords points="538,2049 852,2080 904,2035 1061,2029 1118,2067 1197,2027 1396,2069 1495,2047 1494,1975 1243,1963 1187,2003 1145,1980 998,2012 942,1974 845,2000 765,1967 685,2016 608,1963 537,1988"/>
                <Baseline points="545,2039 592,2039 639,2039 686,2037 733,2037 780,2036 827,2034 875,2034 922,2033 969,2033 1016,2032 1063,2031 1110,2031 1157,2030 1205,2030 1252,2030 1299,2030 1346,2029 1393,2028 1440,2028 1488,2028"/>
                <TextEquiv>
                    <Unicode>Lerbers deß kleien Hr Marggart</Unicode>
                </TextEquiv>
            </TextLine>
            <TextLine id="r1l25" custom="readingOrder {index:24;} person {offset:0; length:10; continued:true;}">
                <Coords points="553,2154 623,2166 745,2117 876,2159 1028,2107 1096,2149 1339,2096 1454,2128 1482,2123 1480,2040 1394,2069 1196,2028 1139,2078 1054,2028 854,2081 550,2048"/>
                <Baseline points="558,2118 603,2117 649,2115 695,2114 741,2112 787,2111 833,2109 878,2108 924,2107 970,2106 1016,2105 1062,2103 1108,2103 1154,2102 1199,2100 1245,2099 1291,2098 1337,2097 1383,2096 1429,2094 1475,2093"/>
                <TextEquiv>
                    <Unicode>lächenders deß jüngsten und ir Groß</Unicode>
                </TextEquiv>
            </TextLine>
            <TextLine id="r1l26" custom="readingOrder {index:25;} person {offset:8; length:12;} organization {offset:25; length:6; continued:true;}">
                <Coords points="551,2211 1054,2180 1119,2227 1183,2185 1305,2220 1497,2164 1495,2117 1353,2137 1247,2102 1097,2150 1014,2108 872,2162 764,2130 595,2173 549,2156"/>
                <Baseline points="557,2198 603,2195 650,2192 696,2190 743,2188 790,2186 836,2184 883,2183 930,2181 976,2180 1023,2180 1070,2178 1116,2177 1163,2175 1210,2174 1256,2172 1303,2169 1350,2166 1396,2163 1443,2160 1490,2156"/>
                <TextEquiv>
                    <Unicode>Weybels von Watenwyl deß großen</Unicode>
                </TextEquiv>
            </TextLine>
            <TextLine id="r1l27" custom="readingOrder {index:26;} organization {offset:0; length:5; continued:true;}">
                <Coords points="555,2296 829,2255 892,2288 1037,2248 1110,2302 1205,2251 1500,2240 1498,2197 1444,2193 1278,2225 1190,2189 1118,2228 864,2187 785,2233 722,2196 552,2211"/>
                <Baseline points="560,2265 606,2264 653,2261 699,2259 746,2258 793,2256 839,2256 886,2255 933,2255 979,2253 1026,2252 1073,2252 1119,2250 1166,2247 1213,2246 1259,2244 1306,2241 1353,2237 1399,2231 1446,2227 1493,2220"/>
                <TextEquiv>
                    <Unicode>rahts und etlicher weyblen examiniert</Unicode>
                </TextEquiv>
            </TextLine>
            <TextLine id="r1l28" custom="readingOrder {index:27;}">
                <Coords points="549,2378 1216,2366 1280,2319 1487,2311 1484,2264 1332,2236 1205,2252 1127,2301 1037,2248 965,2289 922,2264 852,2324 775,2264 712,2309 643,2283 546,2317"/>
                <Baseline points="554,2345 600,2345 646,2343 692,2342 739,2340 785,2339 831,2336 877,2334 924,2331 970,2329 1016,2326 1062,2324 1109,2321 1155,2316 1201,2314 1247,2310 1294,2307 1340,2303 1386,2300 1432,2297 1479,2294"/>
                <TextEquiv>
                    <Unicode>worden. Der hat im bekendt wie</Unicode>
                </TextEquiv>
            </TextLine>
            <TextLine id="r1l29" custom="readingOrder {index:28;}">
                <Coords points="533,2431 586,2458 611,2439 631,2439 650,2454 687,2440 717,2449 729,2439 756,2437 753,2363 725,2352 681,2378 646,2366 602,2386 546,2377 531,2382"/>
                <Baseline points="539,2426 565,2425 591,2423 617,2421 644,2420 670,2418 696,2418 722,2420 749,2421"/>
                <TextEquiv>
                    <Unicode>volget.</Unicode>
                </TextEquiv>
            </TextLine>
            <TextLine id="r1l30" custom="readingOrder {index:29;} person {offset:27; length:13;}">
                <Coords points="532,2559 767,2508 838,2544 940,2501 1025,2501 1071,2538 1138,2503 1262,2532 1348,2485 1427,2508 1474,2480 1470,2390 1368,2388 1309,2448 1237,2403 1164,2432 1083,2398 964,2452 527,2447"/>
                <Baseline points="537,2516 583,2513 630,2511 676,2508 723,2507 769,2505 816,2504 862,2502 909,2500 955,2498 1002,2497 1048,2495 1095,2493 1141,2491 1188,2487 1234,2486 1281,2482 1327,2480 1374,2476 1420,2471 1467,2466"/>
                <TextEquiv>
                    <Unicode>Erstlich er habe mit hilff Joseph Härige</Unicode>
                </TextEquiv>
            </TextLine>
            <TextLine id="r1l31" custom="readingOrder {index:30;} person {offset:17; length:15;}">
                <Coords points="549,2617 805,2580 989,2602 1037,2570 1413,2575 1475,2502 1383,2516 1348,2485 1260,2532 1138,2503 1086,2540 982,2508 840,2544 767,2508 702,2549 546,2563"/>
                <Baseline points="555,2589 600,2585 646,2582 692,2579 738,2577 783,2575 829,2573 875,2571 921,2570 966,2569 1012,2567 1058,2566 1104,2564 1149,2562 1195,2560 1241,2556 1287,2553 1332,2550 1378,2546 1424,2540 1470,2534"/>
                <TextEquiv>
                    <Unicode>einem keßler und Fraitz Gredtner</Unicode>
                </TextEquiv>
            </TextLine>
            <TextLine id="r1l32" custom="readingOrder {index:31;}">
                <Coords points="534,2681 873,2651 1050,2681 1084,2644 1254,2630 1325,2663 1377,2615 1484,2612 1480,2544 1413,2575 1213,2572 1177,2604 1036,2570 993,2606 867,2612 805,2580 529,2614"/>
                <Baseline points="540,2670 586,2664 633,2661 680,2657 727,2654 774,2651 820,2648 867,2646 914,2645 961,2642 1008,2640 1054,2638 1101,2636 1148,2634 1195,2630 1242,2625 1288,2622 1335,2617 1382,2610 1429,2604 1476,2595"/>
                <TextEquiv>
                    <Unicode>ungeferdt vor 7 jahren das reißgeldt</Unicode>
                </TextEquiv>
            </TextLine>
            <TextLine id="r1l33" custom="readingOrder {index:32;} place {offset:3; length:12;}">
                <Coords points="518,2780 607,2742 721,2773 824,2730 878,2758 992,2717 1217,2730 1303,2687 1430,2732 1478,2697 1473,2629 1381,2615 1324,2664 1173,2632 1066,2688 824,2661 683,2718 593,2672 512,2700"/>
                <Baseline points="522,2754 569,2748 616,2743 664,2737 711,2733 759,2729 806,2725 853,2721 901,2718 948,2715 996,2712 1043,2709 1090,2706 1138,2703 1185,2700 1233,2696 1280,2693 1327,2689 1375,2684 1422,2681 1470,2675"/>
                <TextEquiv>
                    <Unicode>zu kilchlindach uß einem stöckli durch</Unicode>
                </TextEquiv>
            </TextLine>
            <TextLine id="r1l34" custom="readingOrder {index:33;}">
                <Coords points="523,2864 613,2812 665,2842 730,2816 790,2858 869,2801 1503,2778 1507,2708 514,2765"/>
                <Baseline points="527,2831 575,2825 624,2820 673,2816 722,2811 771,2806 819,2802 868,2799 917,2795 966,2792 1015,2788 1063,2784 1112,2780 1161,2777 1210,2773 1259,2768 1307,2763 1356,2759 1405,2753 1454,2747 1503,2741"/>
                <TextEquiv>
                    <Unicode>die thüren hungg, so in einem wralden gelen</Unicode>
                </TextEquiv>
            </TextLine>
            <TextLine id="r1l35" custom="readingOrder {index:34;}">
                <Coords points="543,2921 678,2953 741,2893 1376,2863 1501,2804 1484,2735 1427,2781 964,2796 913,2826 869,2802 784,2867 639,2825 537,2867"/>
                <Baseline points="549,2916 596,2907 643,2900 690,2893 738,2886 785,2881 832,2876 879,2871 927,2866 974,2863 1021,2858 1068,2854 1116,2849 1163,2844 1210,2839 1257,2835 1305,2830 1352,2824 1399,2817 1446,2809 1494,2802"/>
                <TextEquiv>
                    <Unicode>entfrömbhet und seye imme für seinen theil</Unicode>
                </TextEquiv>
            </TextLine>
            <TextLine id="r1l36" custom="readingOrder {index:35;}">
                <Coords points="549,3034 588,2997 791,2959 913,3000 1011,2935 1376,2929 1518,2872 1498,2807 1260,2889 1164,2859 1010,2898 961,2862 844,2917 767,2893 686,2952 536,2938"/>
                <Baseline points="552,3006 599,2996 647,2985 695,2976 743,2968 791,2961 839,2955 886,2950 934,2945 982,2939 1030,2934 1078,2929 1126,2924 1174,2919 1221,2913 1269,2906 1317,2899 1365,2891 1413,2881 1461,2871 1509,2859"/>
                <TextEquiv>
                    <Unicode>9 f worden. Syne gespanen aber habind</Unicode>
                </TextEquiv>
            </TextLine>
            <TextLine id="r1l37" custom="readingOrder {index:36;} person {offset:21; length:5;}">
                <Coords points="557,3122 711,3061 797,3094 842,3036 880,3053 944,3015 990,3039 1185,2999 1319,3015 1485,2960 1508,2878 1412,2929 1179,2927 1133,2959 1059,2929 965,2994 742,2973 546,3038"/>
                <Baseline points="558,3074 605,3065 653,3055 700,3047 748,3040 795,3035 843,3029 890,3024 938,3020 985,3014 1033,3011 1081,3006 1128,3001 1176,2995 1223,2990 1271,2983 1318,2975 1366,2967 1413,2957 1461,2945 1509,2933"/>
                <TextEquiv>
                    <Unicode>gesagt, er syge auch Goldt da gsy, welches</Unicode>
                </TextEquiv>
            </TextLine>
            <TextLine id="r1l38" custom="readingOrder {index:37;}">
                <Coords points="529,3164 587,3185 627,3139 848,3109 908,3133 1041,3084 1124,3118 1158,3078 1369,3065 1495,3016 1491,2979 1291,2995 1204,3044 1066,3014 1006,3055 944,3014 876,3054 844,3037 795,3095 519,3088"/>
                <Baseline points="534,3152 581,3144 629,3136 677,3129 724,3123 772,3117 820,3111 867,3106 915,3101 963,3096 1011,3091 1058,3086 1106,3080 1154,3073 1201,3067 1249,3061 1297,3052 1344,3044 1392,3034 1440,3024 1488,3012"/>
                <TextEquiv>
                    <Unicode>Er aber nit gesechen. Wylen er uf der</Unicode>
                </TextEquiv>
            </TextLine>
            <TextLine id="r1l39" custom="readingOrder {index:38;}">
                <Coords points="542,3259 924,3177 1023,3205 1068,3166 1262,3127 1386,3146 1473,3111 1464,3038 1126,3118 1051,3083 974,3141 846,3109 764,3164 689,3129 590,3185 531,3176"/>
                <Baseline points="545,3225 591,3219 637,3213 683,3207 729,3201 775,3194 821,3188 867,3181 913,3175 959,3169 1005,3162 1051,3157 1097,3150 1143,3145 1189,3138 1235,3133 1281,3126 1327,3121 1373,3115 1419,3109 1466,3104"/>
                <TextEquiv>
                    <Unicode>schildtwacht war, inne umb vil bschis</Unicode>
                </TextEquiv>
            </TextLine>
            <TextLine id="r1l40" custom="readingOrder {index:39;}">
                <Coords points="565,3347 591,3329 631,3330 686,3291 757,3315 800,3277 858,3263 852,3203 813,3223 791,3208 748,3218 724,3207 670,3226 640,3217 593,3267 555,3259"/>
                <Baseline points="566,3299 591,3291 617,3286 643,3282 669,3279 695,3276 721,3275 747,3273 773,3271 799,3269 825,3264 851,3260"/>
                <TextEquiv>
                    <Unicode>und trogen.</Unicode>
                </TextEquiv>
            </TextLine>
            <TextEquiv>
                <Unicode>enenghlen aelend aen
sitet hothgedacht Br g gantz trunge
umb gnad und verzychung, mit versprechen
ich fürskünfftig beßer, sonderlich aber
mit redlicher hand arbeit und artzne
der pferdten, mit welichem er durch
Goldes sägen vil curfiert, verhalten
Ist den 2. embr uiß geschmeitzt und mit dem eidt
kirisen.
Hanß Ryshardt
sonst genant Mülli
von Büren zum Hoff

iß er ist bereidts zum 11. agmal in vorgen
schallen werde yngefeßlet gewesen unnd
durch die jüngst zu Bürgdarff hingerichte
Appolonia Zeidelbergerin wegen des
ste vor jahren gestolnen reißgeldts zu
kilchlindach, alß ein mit pflichtiger
angeben, bekandtlich gemacht und usheit
uß sg benelch, so wol ernstwörtig.
alß mit einfalt ig er mart er in bysi
der Erennesten etc. Herren, Hon Sammel
Lerbers deß kleien Hr Marggart
lächenders deß jüngsten und ir Groß
Weybels von Watenwyl deß großen
rahts und etlicher weyblen examiniert
worden. Der hat im bekendt wie
volget.
Erstlich er habe mit hilff Joseph Härige
einem keßler und Fraitz Gredtner
ungeferdt vor 7 jahren das reißgeldt
zu kilchlindach uß einem stöckli durch
die thüren hungg, so in einem wralden gelen
entfrömbhet und seye imme für seinen theil
9 f worden. Syne gespanen aber habind
gesagt, er syge auch Goldt da gsy, welches
Er aber nit gesechen. Wylen er uf der
schildtwacht war, inne umb vil bschis
und trogen.</Unicode>
            </TextEquiv>
        </TextRegion>
        <TextRegion orientation="0.0" id="r2" custom="readingOrder {index:1;}">
            <Coords points="1554,1171 1554,1321 1578,1321 1578,1171"/>
            <TextLine id="r2l1" custom="readingOrder {index:0;}">
                <Coords points="1548,1290 1556,1291 1564,1283 1573,1285 1577,1282 1584,1282 1584,1214 1572,1215 1569,1212 1567,1215 1560,1216 1555,1212 1548,1212"/>
                <Baseline points="1554,1271 1578,1271"/>
                <TextEquiv>
                    <Unicode></Unicode>
                </TextEquiv>
            </TextLine>
            <TextEquiv>
                <Unicode></Unicode>
            </TextEquiv>
        </TextRegion>
        <TextRegion orientation="0.0" id="r3" custom="readingOrder {index:2;}">
            <Coords points="1617,243 1617,3060 2729,3060 2729,243"/>
            <TextLine id="r3l1" custom="readingOrder {index:0;}">
                <Coords points="2583,289 2591,290 2598,297 2610,295 2621,300 2623,297 2641,301 2659,288 2665,291 2671,285 2681,284 2679,226 2665,224 2647,238 2637,231 2617,234 2605,224 2589,229 2581,227"/>
                <Baseline points="2589,279 2617,279 2645,279 2673,276"/>
                <TextEquiv>
                    <Unicode>23</Unicode>
                </TextEquiv>
            </TextLine>
            <TextLine id="r3l2" custom="readingOrder {index:1;}">
                <Coords points="1818,448 1881,431 1916,458 1992,422 2083,442 2154,403 2232,432 2341,372 2432,387 2460,358 2613,377 2636,365 2628,290 2536,250 2385,337 2211,327 2087,369 1982,353 1811,391"/>
                <Baseline points="1823,434 1863,429 1903,425 1943,420 1983,416 2024,412 2064,408 2104,404 2144,400 2184,396 2225,390 2265,386 2305,382 2345,378 2385,374 2426,369 2466,364 2506,360 2546,355 2586,350 2627,345"/>
                <TextEquiv>
                    <Unicode>by sochstalten habe er uß einem gaden</Unicode>
                </TextEquiv>
            </TextLine>
            <TextLine id="r3l3" custom="readingOrder {index:2;}">
                <Coords points="1691,494 1710,483 1719,484 1734,463 1746,464 1761,454 1788,458 1813,444 1798,382 1771,384 1744,374 1733,380 1707,364 1695,383 1667,393"/>
                <Baseline points="1691,467 1719,462 1748,454 1776,446 1805,443"/>
                <TextEquiv>
                    <Unicode>Cenne</Unicode>
                </TextEquiv>
            </TextLine>
            <TextLine id="r3l4" custom="readingOrder {index:3;} person {offset:37; length:7;}">
                <Coords points="1689,534 1771,505 1888,537 2028,465 2223,453 2263,482 2344,437 2574,440 2683,402 2678,348 2386,402 2341,373 2230,432 2151,405 1915,458 1877,430 1684,492"/>
                <Baseline points="1694,521 1743,511 1792,503 1841,494 1890,488 1940,480 1989,474 2038,468 2087,463 2136,456 2186,452 2235,447 2284,442 2333,437 2382,432 2432,428 2481,423 2530,417 2579,413 2628,408 2678,401"/>
                <TextEquiv>
                    <Unicode>mit hilff synes gemelten gspanen deß Keßlers</Unicode>
                </TextEquiv>
            </TextLine>
            <TextLine id="r3l5" custom="readingOrder {index:4;}">
                <Coords points="1671,624 2039,522 2267,554 2337,504 2514,482 2625,517 2707,476 2701,428 2627,418 2465,460 2343,437 2271,483 2221,453 2140,485 2058,467 1973,510 1895,490 1850,528 1772,506 1662,543"/>
                <Baseline points="1674,597 1725,583 1776,572 1827,560 1879,550 1930,542 1981,534 2032,527 2084,521 2135,515 2186,509 2237,505 2289,501 2340,497 2391,494 2442,489 2494,485 2545,480 2596,475 2647,470 2699,464"/>
                <TextEquiv>
                    <Unicode>Alß sy von der Balmatischen companu ußger</Unicode>
                </TextEquiv>
            </TextLine>
            <TextLine id="r3l6" custom="readingOrder {index:5;}">
                <Coords points="1664,677 1773,697 1878,622 2011,635 2199,582 2310,611 2383,573 2494,570 2548,552 2539,479 2427,523 2337,505 2270,553 2073,521 2036,566 1951,547 1919,582 1862,570 1806,609 1749,590 1659,636"/>
                <Baseline points="1670,665 1713,652 1757,642 1800,632 1844,623 1887,615 1931,608 1974,602 2018,596 2061,592 2105,587 2148,582 2192,578 2235,575 2279,569 2322,566 2366,561 2409,557 2453,551 2496,544 2540,537"/>
                <TextEquiv>
                    <Unicode>rißen, kncken und grar entfrömbdet</Unicode>
                </TextEquiv>
            </TextLine>
            <TextLine id="r3l7" custom="readingOrder {index:6;} place {offset:3; length:10;}">
                <Coords points="1656,852 1895,782 1984,811 2032,764 2101,785 2155,743 2316,773 2385,728 2687,714 2680,651 2522,620 2281,700 2139,662 1972,720 1644,755"/>
                <Baseline points="1659,824 1712,811 1766,802 1819,792 1873,785 1927,776 1980,768 2034,761 2088,756 2141,749 2195,743 2248,738 2302,732 2356,728 2409,722 2463,717 2517,712 2570,705 2624,700 2678,695"/>
                <TextEquiv>
                    <Unicode>zu Sollothurn fünf zusahmen geleite meßer</Unicode>
                </TextEquiv>
            </TextLine>
            <TextLine id="r3l8" custom="readingOrder {index:7;}">
                <Coords points="1674,894 1845,844 2012,864 2210,811 2526,781 2559,805 2593,772 2694,803 2692,712 2570,743 2387,728 2313,773 2252,748 2035,815 1896,782 1668,844"/>
                <Baseline points="1679,879 1729,871 1780,862 1830,855 1881,847 1931,840 1982,834 2032,828 2083,822 2133,816 2184,810 2235,805 2285,800 2336,794 2386,789 2437,785 2487,780 2538,775 2588,770 2639,764 2690,759"/>
                <TextEquiv>
                    <Unicode>und ein het entzwaikt, darob aber ergrisfen.</Unicode>
                </TextEquiv>
            </TextLine>
            <TextLine id="r3l9" custom="readingOrder {index:8;}">
                <Coords points="1694,976 1901,908 1939,937 2020,899 2070,924 2690,848 2684,794 2591,773 2559,807 2347,797 2304,840 2261,812 2203,851 1922,849 1685,894"/>
                <Baseline points="1697,942 1746,934 1795,926 1844,918 1893,911 1943,905 1992,898 2041,893 2090,888 2139,884 2189,878 2238,874 2287,870 2336,865 2385,860 2435,855 2484,850 2533,845 2582,838 2631,832 2681,825"/>
                <TextEquiv>
                    <Unicode>gfenklich enthalten gmarteret us gschmeitzt</Unicode>
                </TextEquiv>
            </TextLine>
            <TextLine id="r3l10" custom="readingOrder {index:9;}">
                <Coords points="1676,1053 1806,1005 1940,995 1990,1022 2053,981 2307,982 2453,925 2530,944 2569,922 2564,874 1945,936 1899,908 1853,951 1805,923 1718,981 1666,964"/>
                <Baseline points="1679,1019 1723,1010 1767,1003 1811,997 1855,990 1899,984 1943,978 1987,974 2031,969 2075,965 2120,961 2164,957 2208,953 2252,948 2296,943 2340,940 2384,935 2428,930 2472,926 2516,921 2561,914"/>
                <TextEquiv>
                    <Unicode>zeichnet und eydtlich verwisen worden.</Unicode>
                </TextEquiv>
            </TextLine>
            <TextLine id="r3l11" custom="readingOrder {index:10;} person {offset:37; length:5; continued:true;}">
                <Coords points="1627,1234 1909,1133 2064,1166 2246,1103 2305,1132 2698,1070 2704,1016 2480,1058 2367,1023 2264,1072 1906,1066 1691,1139 1613,1112"/>
                <Baseline points="1629,1184 1682,1174 1736,1165 1789,1157 1843,1150 1897,1142 1950,1136 2004,1129 2058,1122 2111,1117 2165,1111 2219,1106 2272,1100 2326,1095 2380,1089 2433,1084 2487,1079 2541,1074 2594,1067 2648,1062 2702,1056"/>
                <TextEquiv>
                    <Unicode>Item habe er mit hilff einer fronwen Maria</Unicode>
                </TextEquiv>
            </TextLine>
            <TextLine id="r3l12" custom="readingOrder {index:11;} person {offset:0; length:4; continued:true;} place {offset:10; length:6;}">
                <Coords points="1699,1285 1964,1195 2675,1144 2682,1067 2461,1084 2387,1141 2273,1110 2223,1154 2068,1167 1914,1133 1878,1170 1689,1196"/>
                <Baseline points="1700,1238 1749,1230 1798,1222 1847,1214 1896,1207 1945,1202 1994,1195 2043,1191 2092,1186 2141,1180 2190,1176 2239,1171 2288,1167 2337,1161 2386,1157 2435,1151 2484,1147 2533,1142 2582,1136 2631,1129 2681,1122"/>
                <TextEquiv>
                    <Unicode>gent ußem argauw pürtig, ein hembs und</Unicode>
                </TextEquiv>
            </TextLine>
            <TextLine id="r3l13" custom="readingOrder {index:12;}">
                <Coords points="1700,1360 1878,1282 2002,1312 2076,1267 2283,1256 2389,1290 2542,1215 2710,1204 2705,1157 2620,1143 2554,1190 2416,1145 2168,1186 2113,1238 1962,1196 1692,1286"/>
                <Baseline points="1701,1314 1751,1305 1801,1295 1851,1287 1901,1279 1951,1272 2001,1266 2051,1262 2101,1257 2151,1252 2201,1248 2251,1243 2301,1239 2351,1235 2401,1230 2451,1226 2501,1220 2551,1213 2601,1207 2651,1199 2702,1190"/>
                <TextEquiv>
                    <Unicode>ein vierteil theil eines viertels fleisch ent</Unicode>
                </TextEquiv>
            </TextLine>
            <TextLine id="r3l14" custom="readingOrder {index:13;}">
                <Coords points="1690,1417 1712,1410 1747,1377 1774,1379 1793,1366 1829,1374 1843,1363 1869,1370 1877,1360 1918,1352 1906,1282 1877,1296 1828,1296 1785,1346 1760,1352 1677,1341"/>
                <Baseline points="1691,1386 1718,1378 1745,1371 1773,1366 1800,1361 1827,1358 1855,1354 1882,1350 1910,1346"/>
                <TextEquiv>
                    <Unicode>frombdet.</Unicode>
                </TextEquiv>
            </TextLine>
            <TextLine id="r3l15" custom="readingOrder {index:14;} place {offset:3; length:9;}">
                <Coords points="1611,1543 1766,1517 1825,1547 2079,1497 2138,1529 2265,1485 2542,1498 2631,1467 2627,1407 2186,1406 2048,1452 1966,1415 1862,1469 1817,1438 1701,1498 1607,1485"/>
                <Baseline points="1617,1521 1667,1521 1717,1519 1768,1517 1818,1514 1868,1510 1919,1507 1969,1503 2019,1499 2070,1495 2120,1490 2170,1487 2221,1482 2271,1478 2321,1475 2372,1472 2422,1469 2472,1467 2523,1466 2573,1466 2624,1466"/>
                <TextEquiv>
                    <Unicode>Zu schwanden mit hilff eineßig, so sich</Unicode>
                </TextEquiv>
            </TextLine>
            <TextLine id="r3l16" custom="readingOrder {index:15;} person {offset:0; length:6;}">
                <Coords points="1678,1629 1782,1582 1991,1607 2048,1574 2610,1552 2703,1527 2698,1457 2540,1500 2334,1484 2070,1535 1992,1507 1814,1562 1760,1527 1730,1560 1672,1546"/>
                <Baseline points="1682,1593 1732,1589 1783,1584 1834,1580 1884,1576 1935,1572 1986,1569 2036,1565 2087,1563 2138,1560 2189,1556 2239,1554 2290,1550 2341,1547 2391,1545 2442,1542 2493,1538 2543,1534 2594,1531 2645,1527 2696,1523"/>
                <TextEquiv>
                    <Unicode>PPeter genamset, etwas grats uß der stuben</Unicode>
                </TextEquiv>
            </TextLine>
            <TextLine id="r3l17" custom="readingOrder {index:16;}">
                <Coords points="1689,1679 1979,1647 2055,1686 2332,1663 2466,1605 2733,1624 2730,1550 1908,1614 1785,1581 1685,1621"/>
                <Baseline points="1694,1659 1745,1656 1797,1653 1848,1649 1900,1644 1952,1641 2003,1638 2055,1634 2106,1632 2158,1629 2210,1625 2261,1623 2313,1620 2364,1616 2416,1613 2468,1610 2519,1607 2571,1604 2622,1601 2674,1598 2726,1593"/>
                <TextEquiv>
                    <Unicode>und uß einen verschloßen gewehnen mit einen</Unicode>
                </TextEquiv>
            </TextLine>
            <TextLine id="r3l18" custom="readingOrder {index:17;}">
                <Coords points="1691,1731 1811,1751 1858,1723 1894,1746 1943,1713 2032,1748 2150,1704 2195,1741 2266,1700 2403,1699 2465,1667 2462,1608 2241,1670 2057,1683 1976,1645 1890,1653 1837,1695 1689,1679"/>
                <Baseline points="1698,1725 1736,1722 1774,1719 1812,1717 1850,1715 1888,1712 1926,1710 1964,1708 2002,1706 2040,1704 2078,1703 2116,1701 2154,1698 2192,1697 2230,1695 2268,1693 2306,1691 2344,1689 2382,1687 2420,1685 2459,1683"/>
                <TextEquiv>
                    <Unicode>viel geöffneten wag gnas 3 f.</Unicode>
                </TextEquiv>
            </TextLine>
            <TextLine id="r3l19" custom="readingOrder {index:18;} place {offset:3; length:9;}">
                <Coords points="1650,1879 1703,1912 1796,1860 1995,1896 2032,1859 2433,1848 2567,1887 2640,1843 2715,1850 2715,1804 2518,1772 2388,1803 2306,1768 2233,1803 1967,1810 1913,1772 1649,1820"/>
                <Baseline points="1656,1863 1708,1858 1761,1854 1813,1853 1866,1851 1919,1849 1971,1848 2024,1848 2076,1848 2129,1848 2182,1848 2234,1850 2287,1850 2339,1850 2392,1850 2445,1848 2497,1847 2550,1845 2602,1842 2655,1839 2708,1835"/>
                <TextEquiv>
                    <Unicode>zu Münsingen eins mans und ein wyber</Unicode>
                </TextEquiv>
            </TextLine>
            <TextLine id="r3l20" custom="readingOrder {index:19;}">
                <Coords points="1662,1981 1853,1935 2285,1969 2370,1932 2481,1965 2631,1908 2704,1946 2735,1855 2337,1892 2276,1859 2161,1893 2061,1856 1986,1898 1810,1860 1660,1908"/>
                <Baseline points="1667,1929 1720,1925 1773,1922 1826,1919 1879,1917 1932,1916 1985,1914 2038,1914 2091,1914 2144,1914 2198,1914 2251,1914 2304,1914 2357,1913 2410,1913 2463,1911 2516,1910 2569,1907 2622,1905 2675,1900 2729,1895"/>
                <TextEquiv>
                    <Unicode>hemlid ab einer stangen hinwegg genommen.</Unicode>
                </TextEquiv>
            </TextLine>
            <TextLine id="r3l21" custom="readingOrder {index:20;}">
                <Coords points="1692,2003 1727,2012 1776,1989 1840,1998 1887,2033 2031,2034 2026,1943 1902,1961 1858,1935 1791,1963 1743,1945 1690,1972"/>
                <Baseline points="1698,2001 1725,1998 1752,1995 1779,1992 1806,1989 1833,1988 1860,1986 1887,1985 1914,1983 1941,1983 1968,1983 1995,1985 2022,1986"/>
                <TextEquiv>
                    <Unicode>und enttragen.</Unicode>
                </TextEquiv>
            </TextLine>
            <TextLine id="r3l22" custom="readingOrder {index:21;}">
                <Coords points="1619,2162 1856,2138 2088,2169 2163,2134 2220,2158 2687,2106 2686,2066 2446,2080 2322,2016 2159,2076 2097,2039 1979,2074 1791,2032 1718,2078 1617,2046"/>
                <Baseline points="1626,2145 1678,2140 1731,2136 1784,2132 1837,2129 1889,2127 1942,2126 1995,2125 2048,2124 2100,2124 2153,2123 2206,2123 2259,2123 2311,2123 2364,2121 2417,2121 2470,2120 2522,2118 2575,2115 2628,2112 2681,2109"/>
                <TextEquiv>
                    <Unicode>Sonst zm übrighen habe er verners übels</Unicode>
                </TextEquiv>
            </TextLine>
            <TextLine id="r3l23" custom="readingOrder {index:22;}">
                <Coords points="1702,2210 1938,2238 2038,2202 2269,2227 2337,2193 2481,2221 2560,2186 2700,2196 2699,2142 2627,2112 2200,2169 2127,2140 2088,2169 1899,2172 1775,2136 1702,2164"/>
                <Baseline points="1709,2201 1758,2198 1807,2196 1856,2195 1905,2195 1955,2193 2004,2193 2053,2193 2102,2193 2151,2193 2201,2193 2250,2193 2299,2193 2348,2192 2397,2192 2447,2190 2496,2189 2545,2186 2594,2184 2643,2180 2693,2177"/>
                <TextEquiv>
                    <Unicode>nüt begangen, weder, das er allezit dem</Unicode>
                </TextEquiv>
            </TextLine>
            <TextLine id="r3l24" custom="readingOrder {index:23;}">
                <Coords points="1672,2302 1778,2318 1881,2262 2103,2314 2168,2260 2472,2277 2726,2244 2725,2200 2612,2189 2467,2231 2337,2194 2247,2240 2040,2202 1960,2244 1788,2203 1671,2233"/>
                <Baseline points="1679,2273 1731,2270 1783,2268 1835,2267 1887,2265 1939,2264 1991,2264 2043,2262 2095,2262 2147,2261 2199,2261 2251,2259 2303,2258 2355,2257 2407,2256 2459,2253 2511,2252 2563,2248 2615,2244 2667,2240 2720,2234"/>
                <TextEquiv>
                    <Unicode>müeßig gang sich ergeben. Dannenhar dann</Unicode>
                </TextEquiv>
            </TextLine>
            <TextLine id="r3l25" custom="readingOrder {index:24;}">
                <Coords points="1694,2383 1786,2339 1927,2347 1971,2383 2040,2342 2279,2355 2339,2326 2400,2366 2470,2330 2695,2324 2694,2277 2609,2298 2543,2263 2462,2305 2340,2261 2221,2292 2184,2266 2101,2317 1878,2262 1826,2316 1693,2318"/>
                <Baseline points="1700,2337 1749,2337 1798,2337 1848,2337 1897,2336 1947,2336 1996,2336 2045,2334 2095,2334 2144,2334 2194,2333 2243,2333 2292,2331 2342,2330 2391,2329 2441,2327 2490,2325 2539,2324 2589,2321 2638,2319 2688,2316"/>
                <TextEquiv>
                    <Unicode>er an den gehaltnen landtszegenen vil</Unicode>
                </TextEquiv>
            </TextLine>
            <TextLine id="r3l26" custom="readingOrder {index:25;}">
                <Coords points="1700,2412 1768,2451 1888,2406 2179,2432 2326,2397 2617,2406 2706,2385 2705,2319 2598,2370 2393,2367 2334,2329 2038,2344 1983,2383 1791,2340 1700,2386"/>
                <Baseline points="1707,2406 1756,2404 1806,2403 1855,2402 1905,2402 1955,2400 2004,2400 2054,2400 2103,2400 2153,2400 2203,2400 2252,2400 2302,2400 2351,2399 2401,2397 2451,2396 2500,2394 2550,2393 2599,2389 2649,2386 2699,2381"/>
                <TextEquiv>
                    <Unicode>mahlen erdabet und ins schällenwerck</Unicode>
                </TextEquiv>
            </TextLine>
            <TextLine id="r3l27" custom="readingOrder {index:26;}">
                <Coords points="1692,2517 1743,2482 1826,2509 1937,2476 2097,2507 2332,2464 2648,2476 2688,2462 2687,2411 2376,2435 2324,2397 2178,2452 2098,2412 2053,2441 1864,2409 1768,2451 1689,2411"/>
                <Baseline points="1697,2478 1746,2477 1795,2474 1844,2474 1893,2472 1943,2472 1992,2471 2041,2471 2090,2469 2139,2469 2189,2469 2238,2468 2287,2468 2336,2466 2385,2465 2435,2464 2484,2462 2533,2460 2582,2457 2631,2454 2681,2451"/>
                <TextEquiv>
                    <Unicode>yngeschmndet worden, Darneben auch</Unicode>
                </TextEquiv>
            </TextLine>
            <TextLine id="r3l28" custom="readingOrder {index:27;}">
                <Coords points="1696,2599 1827,2548 2249,2580 2499,2523 2687,2540 2695,2462 1945,2528 1871,2487 1744,2483 1693,2515"/>
                <Baseline points="1701,2556 1750,2553 1799,2551 1849,2549 1898,2547 1948,2545 1997,2543 2047,2541 2096,2541 2146,2540 2195,2538 2244,2537 2294,2535 2343,2534 2393,2532 2442,2531 2492,2529 2541,2526 2591,2523 2640,2520 2690,2516"/>
                <TextEquiv>
                    <Unicode>uf sich weiner airnen alß deren so bereidts</Unicode>
                </TextEquiv>
            </TextLine>
            <TextLine id="r3l29" custom="readingOrder {index:28;}">
                <Coords points="1687,2643 1738,2622 1921,2667 1986,2627 2118,2659 2150,2627 2298,2634 2385,2595 2644,2597 2641,2548 2571,2533 2504,2572 2426,2537 2249,2579 2163,2554 2128,2581 2081,2557 1873,2576 1827,2547 1685,2588"/>
                <Baseline points="1694,2630 1741,2628 1788,2627 1835,2625 1882,2622 1929,2621 1976,2619 2023,2616 2070,2614 2117,2612 2165,2610 2212,2607 2259,2604 2306,2603 2353,2600 2400,2598 2447,2597 2494,2595 2541,2593 2588,2592 2636,2591"/>
                <TextEquiv>
                    <Unicode>8. jahr by imme sye. 2 kind by zra ohne</Unicode>
                </TextEquiv>
            </TextLine>
            <TextLine id="r3l30" custom="readingOrder {index:29;} person {offset:26; length:11;}">
                <Coords points="1673,2714 1754,2752 1838,2715 2016,2729 2122,2684 2219,2726 2427,2722 2712,2658 2710,2613 2590,2640 2517,2596 2125,2661 1988,2628 1922,2667 1670,2634"/>
                <Baseline points="1679,2702 1730,2699 1781,2697 1832,2695 1884,2693 1935,2691 1986,2690 2038,2688 2089,2685 2140,2684 2192,2682 2243,2681 2294,2678 2345,2676 2397,2673 2448,2671 2499,2669 2551,2666 2602,2662 2653,2659 2705,2654"/>
                <TextEquiv>
                    <Unicode>kirchenrecht erzüget undt Anni Brumer</Unicode>
                </TextEquiv>
            </TextLine>
            <TextLine id="r3l31" custom="readingOrder {index:30;} place {offset:4; length:9;}">
                <Coords points="1685,2792 1762,2813 1856,2781 1919,2810 2028,2808 2058,2781 2275,2802 2390,2750 2504,2780 2501,2717 2189,2736 2141,2712 2073,2741 1817,2719 1757,2755 1681,2716"/>
                <Baseline points="1691,2772 1731,2772 1771,2771 1811,2770 1851,2769 1892,2767 1932,2765 1972,2764 2012,2762 2052,2759 2093,2757 2133,2754 2173,2753 2213,2751 2253,2749 2294,2748 2334,2746 2374,2745 2414,2744 2454,2743 2495,2742"/>
                <TextEquiv>
                    <Unicode>von münsiigen seise angenomen.</Unicode>
                </TextEquiv>
            </TextLine>
            <TextLine id="r3l32" custom="readingOrder {index:31;}">
                <Coords points="1666,2947 1753,2895 1817,2927 1857,2892 2182,2874 2325,2907 2674,2874 2683,2814 2626,2831 2480,2787 2272,2834 2055,2778 1873,2868 1660,2794"/>
                <Baseline points="1671,2900 1721,2897 1771,2895 1822,2893 1872,2891 1922,2889 1973,2887 2023,2885 2073,2883 2124,2882 2174,2880 2224,2878 2275,2876 2325,2874 2375,2873 2426,2871 2476,2870 2526,2867 2577,2865 2627,2864 2678,2862"/>
                <TextEquiv>
                    <Unicode>Ist ein mal här und einmal mit dem</Unicode>
                </TextEquiv>
            </TextLine>
            <TextLine id="r3l33" custom="readingOrder {index:32;}">
                <Coords points="1668,2962 2213,3000 2272,2961 2488,2972 2716,2924 2714,2881 2572,2872 2503,2912 2442,2878 2334,2912 2176,2876 1794,2939 1721,2902 1667,2946"/>
                <Baseline points="1674,2961 1725,2960 1777,2958 1829,2957 1880,2957 1932,2955 1984,2954 2035,2954 2087,2952 2139,2951 2191,2949 2242,2948 2294,2946 2346,2943 2397,2940 2449,2938 2501,2934 2552,2931 2604,2927 2656,2922 2708,2916"/>
                <TextEquiv>
                    <Unicode>kleinsten stein ufzogen worden. Actum</Unicode>
                </TextEquiv>
            </TextLine>
            <TextLine id="r3l34" custom="readingOrder {index:33;}">
                <Coords points="1698,3064 1757,3075 1782,3058 1847,3087 1916,3079 1939,3059 1962,3077 2026,3080 2114,3025 2150,3046 2202,3037 2200,2995 2165,2984 2121,3001 2040,2985 2023,3000 1918,2963 1796,2970 1771,2990 1694,2972"/>
                <Baseline points="1704,3044 1729,3040 1755,3038 1781,3035 1807,3032 1833,3030 1859,3027 1884,3026 1910,3025 1936,3024 1962,3023 1988,3023 2014,3022 2039,3021 2065,3021 2091,3021 2117,3021 2143,3021 2169,3023 2195,3023"/>
                <TextEquiv>
                    <Unicode>27. tag augusti 1681</Unicode>
                </TextEquiv>
            </TextLine>
            <TextEquiv>
                <Unicode>23
by sochstalten habe er uß einem gaden
Cenne
mit hilff synes gemelten gspanen deß Keßlers
Alß sy von der Balmatischen companu ußger
rißen, kncken und grar entfrömbdet
zu Sollothurn fünf zusahmen geleite meßer
und ein het entzwaikt, darob aber ergrisfen.
gfenklich enthalten gmarteret us gschmeitzt
zeichnet und eydtlich verwisen worden.
Item habe er mit hilff einer fronwen Maria
gent ußem argauw pürtig, ein hembs und
ein vierteil theil eines viertels fleisch ent
frombdet.
Zu schwanden mit hilff eineßig, so sich
PPeter genamset, etwas grats uß der stuben
und uß einen verschloßen gewehnen mit einen
viel geöffneten wag gnas 3 f.
zu Münsingen eins mans und ein wyber
hemlid ab einer stangen hinwegg genommen.
und enttragen.
Sonst zm übrighen habe er verners übels
nüt begangen, weder, das er allezit dem
müeßig gang sich ergeben. Dannenhar dann
er an den gehaltnen landtszegenen vil
mahlen erdabet und ins schällenwerck
yngeschmndet worden, Darneben auch
uf sich weiner airnen alß deren so bereidts
8. jahr by imme sye. 2 kind by zra ohne
kirchenrecht erzüget undt Anni Brumer
von münsiigen seise angenomen.
Ist ein mal här und einmal mit dem
kleinsten stein ufzogen worden. Actum
27. tag augusti 1681</Unicode>
            </TextEquiv>
        </TextRegion>
    </Page>
</PcGts>
