3024 4032
860 232 1069 355 1680
766 320 1305 546 Mara Aagunon
682 412 1360 638 Ales veslche sage
570 480 1472 767 Arader d  anen
567 589 1522 839 Deß weibels von Reyhin sohn ein tochtere
627 663 1510 889 deren sieschon zu end meyens 1643 indern
628 733 1491 951 kommen und die den 7. junii gleichen jahrs
604 787 1489 1019 Irem eheman ehrlich zu taufft worden.
622 862 1477 1071 für unehrlich zugeugnet, 2 stundt
624 942 1502 1146 ans Halßysen erkent undt gestelte
620 1018 1466 1191 worden   e 23. Ag 1650
622 1058 1157 1220 gegrt den 23. dito
789 1416 1386 1582 Deß Verhafften Hans Kohlers
974 1536 1457 1681 frauw Anna Wlehin vßen
1019 1600 1267 1691 Zürich gebiet.
616 1586 1497 1765 iewoll Sie vff hutt Zwreymahl lahr vff
623 1697 1512 1827 und einist mit angehenctem stein, doch nit von
614 1757 1499 1893 boden, vffzogen worden. Vmb von Jra Zuer¬
624 1829 1467 1939 nemen, wohar ir mann mit den goldt und
599 1886 1511 1995 selber sorten, so en in hrr kpotecker Wyter
602 1953 1515 2065 bachs Apoteck gewächßlet, kommen. Ob es nit
610 2028 1512 2133 von dem entwähnten ehrlenbachischen reißgelt
583 2093 1525 2229 Hat sie jedoch gantz mit deßhalb bekannen vndt
613 2156 1492 2274 wüßen wöllen. Adt 24. aug 1650.
725 2225 1400 2374 Ist lith er g beuelchs sub 10 lb.
762 2306 1452 2435 tiberibrt und nach huß glaßen worden
812 2446 1259 2572 Han Kohlen
868 2522 1249 2653 von kilchdorff.
487 2649 1499 2807 Wore wol uf leüt durch meine hohehrende
596 2699 1521 2865 herren hern landtvogt Fischer herren landtnögt
584 2771 1505 2925 tribelet de� kleinen, hrn vogt Herman
590 2813 1489 3019 und irn Großweybel Wscharner
564 2858 1505 3093 deß großen raths luch ir d benelchs
573 2932 1497 3166 der droben verhaffte des Erlebachischen
591 2985 1498 3236 Reißgeldt Diebstals halb höchsthächtige
590 3057 1485 3328 eengte de
605 3109 1525 3369 mndt, ernstlich und nach allen umbstend
587 3158 1528 3455 penn en aeg dise
589 3216 1538 3547 ehege
2692 291 2751 359 2
2032 350 2242 462 1600
1763 353 2786 592 an inne verwendt worden etc. Hat jedach
1762 432 2806 649 er koler uber das, was er bereits bekendt.
1778 531 2780 696 nüt verners zerachen wollen. Bor
1769 595 2756 802 behalten, das er vor 18 jahren zu Tzum,
1772 685 2753 835 und alhier in ir eb gfangenschafft
1774 730 2793 917 und hernach etlich wachen lang im schällen
1772 847 2721 976 werck wegen gerüser ynzogner
1795 896 2738 1043 Schwartz buben verhafftet gsin sye.
1761 1013 2161 1118 Actums. 765.
1720 1077 2715 1195 Ist luth rlatbeuelchs sub 10 dito uff ein gute
1783 1134 2727 1273 lehen und zo ernartung gott ime sein hartz
1635 1194 1767 1282 11
1781 1189 2718 1318 erweichen werde, ledig glaßen worden, uff ab-
1758 1276 2058 1400 trag eostins.
1897 1340 2423 1481 Wichel Negertz
1863 1422 2496 1564 uß dem nideren sibenthal
1727 1574 2703 1732 Ist gleicher maßen und uieb geicher ursach
1778 1665 2703 1804 willen der obnermelter Hans Kohun
1765 1751 2671 1894 uff hätt durch die sollen 5 sund lang
1780 1832 2696 1945 torqndert worden, Aber vergebenlich
1759 1902 2745 2046 Dam er über vorgehede bekondtnus nützite
1769 2005 2763 2130 klepfen, sonder allzeit deß Ehrlenbachisch
1753 2074 2694 2218 verlohren reißgelts halb unschuldig sein
1774 2173 2741 2299 wollen. Mit erzeigter styffer resolu.
1787 2255 2689 2391 tion In keinen weg, daruan abzewet.
1750 2328 2775 2463 sin gegenwürdigkeit der ehrenuesten e
1772 2429 2746 2544 erren Burckhart Fischers hr Geörg
1777 2509 2760 2629 bolets deß kleinen. Srs Hans Rudolff
1749 2596 2781 2715 Lerbers Ir Prath andwigs von Millenen
1757 2677 2709 2806 und irs Großweibel Tscharmers selen
1793 2750 2772 2860 etlichen sr g weiblen.Ah 7. sptembris
1729 2849 1769 2925 4
1798 2840 2146 2969 ß goßen shats
1793 2981 2739 3127 Diser plogertzi, wewoll er auch gantz unschul.
1729 3068 2719 3190 dig sein wollen.Ist uff ergangnen beüelche uß
1788 3131 2734 3243 gwüßen und sonderbaren consideracen, entlich
1784 3202 2708 3298 von dr 9 statt vnd Landen verwisen, vndt
1785 3262 2755 3372 also bald durch die fruosen uff die greütz gfürt
1793 3308 2749 3445 worden. otag 10 und rexhediert der
