3024 4032
635 268 1632 649 willen geen
616 388 1406 663 rgen ieg nhegen
623 505 1600 813 en eee
602 646 1636 928 Begancon, Abrinn aus Burgund, begen Mard, 30 6
606 744 1626 1068 Venn ses enen gedee
879 917 1230 1052 ver 1s 676ß
829 1006 1627 1255 Megechein sheten echfe
848 1104 1585 1317 ten Zucht, wegen eibstählen d 10. 7.
594 1200 1476 1408 Bucher, Escher, v. Ibann, wegen debstehl M.
859 1335 982 1428 88
1473 1327 1610 1447 179
582 1398 1623 1639 Deÿcter Lietrich, v Schbarhrebung, begen zielstahl d
575 1508 1584 1716 Buch, Hans von Oberörch, wegen Sodamiteren 85.
576 1632 1609 1853 Binggeli, Christen und dem Buggisberg, Vorser 15.
541 2157 1600 2320 Caspart? Maitre, v. Anvergne, bird über die Brens
790 2264 1075 2406 gefühet. 26.
541 2389 1530 2532 Cornaz, Jagues Frau, v. Pfauen, als Jungin 59
521 2877 1057 3018 Trachsel, v. Machstel.
520 2940 1586 3138 Jurtsehi, Pater, Vand Sohn 2. Vehigen, laegen 2
773 3064 1072 3192 alitul. 61
1742 471 2729 661 Ertach, künn, begen ihred unehel Kindt. 28
1738 885 2791 1087 Dlogensi, Mühel, auf dem Sind. Seinernthal, beren des
1905 991 2658 1152 Ealenbachischen Reidgeld diebstahld. 2.
1724 1100 2752 1238 Kundeli, Madle, v. Kipp wagen Hurnreren. 3. 4. 5.
1712 1187 2770 1346 Falb, Hand, v. Langeau, begen Diebstahl. 6. 6 76
1716 1293 2523 1430 Flühiger, Vrem, Confrontation. 21.
1722 1384 2758 1550 Falb, Anneli begen Verdacht s ribstählen d. 35.
1707 1506 2743 1677 Fisscher, Clemend, hat begen steined 3. Fehlers den
1883 1596 2281 1728 Eid prastirt. 40
1868 1676 2785 1849 Friedrich auf dem Kreitgun, begen dies¬
1873 1792 2114 1915 sahl. 45.
1706 2213 2765 2401 Bränicher Poter, aus dem Tuccrngebiet, wegen
1924 2348 2257 2462 siebstählen. 8k
1708 2396 2742 2587 Balli, Hand v. Bavow, ein Reßiggreger u.
1876 2512 2407 2643 verdächtiger Gefall. 14
1688 2541 2804 2771 Bempeler Marti vn Weinmit, Rusgrempler, weren
1876 2718 2769 2857 encs an Hand Studer, dem zeigen gethanen
1880 2783 2241 2917 Todschußer 19.
1691 2817 2768 3036 Blauser, Ann Verhör begenihrer Leiberhaucht.
1906 2969 2004 3050 361
1692 3005 2724 3201 Brundtbacher Mathes und Kimisbald begen Kieb¬
1891 3129 2151 3262 stählen. 44
1700 3134 2705 3362 Buntisperger, Batril, Jurger allhie, lagen Verrct¬
1892 3304 2203 3433 Nung. 50 56.
2782 275 2861 374 91.
