3024 4032
674 174 1606 494 nn d
671 240 1470 527 eo seh lin de
595 360 1568 650 Velien enanhengen
1466 460 1562 533 gen
674 456 1554 693 beurlich nach hette söllen die marter an
679 529 1592 775 wendt werden. Ist jedoch selche theili
691 627 1550 827 wegen habendes brucht vndt bösen
683 667 1606 915 weeht, vndt theils wegen, frywilligk
663 738 1595 993 bekantnes und erzeichten großen rüwen
664 833 1531 1071 underlaßen worden, biß uff er gl
632 909 1101 1073 Geren bscheidt.
491 1006 612 1144 18
640 1005 1554 1257 Hieby ist gewüßen, das hinder imme etliche
627 1111 1563 1324 Dietrich faltsche schlüßel und zindel
658 1191 1010 1339 funden worden.
453 1329 1559 1495 Ist den 28. dito von allen ir g Landen auch dur
674 1413 1554 1564 imo Schwartzenburg uf ein vrphed eid
657 1463 1568 1638 und schmeitz zeuerweisen anbenolchen
669 1537 899 1637 vndt den
985 1558 1580 1719 Martii an ime erstatt worden.
793 1852 1221 1998 Hans Bintz
719 1978 1437 2074 Emn lagwer von Obergntz.
603 2080 1537 2228 Es hat zwar Hans Bintz von Oberbütz
667 2183 1484 2301 enn 35 jähriger mann der kilchbri
630 2247 1501 2377 Sentzagenbüchßen zo nechst verschimenen
610 2323 1534 2455 Serpt sich mir gbegleitung seines fründt
615 2395 1531 2548 Denß Bintzen brywillig io er g bandt
636 2475 1540 2627 yngestelt, wy aber er domahlen seine b
636 2551 1539 2703 gangne unthat ußforcht und schrecken dß
631 2651 1549 2779 todts, was die realitet betrifft, verhalt
611 2701 1547 2863 Darumber Alß ist er ohne einhe ande straff
594 2792 1514 2939 der banden liberilrt und widerumb nach
623 2868 1522 3048 huß gelaßen worden. Nach dem aben
628 2920 1530 3108 er durch jüngste hinrichtung gweyzugen
608 3022 1519 3208 buben zu wang, so sich leider auch mit der
612 3082 1509 3272 Sodonumii vrgesen uf ein früsches seine
598 3144 1522 3381 begengnen unthat erfineret und für die
2742 257 2821 323 85.
1753 314 2790 507 gedechtnns deßhalb etwas verners alß auugs
1761 385 2754 524 erfüchet worden, ardurch seine constinntu
1744 441 2748 577 inte tnufhörlich geplaget und so weit b
1745 498 2767 631 unrühiget, das er es verners nit Gulden, vndt
1751 559 2775 692 ußstahn mögen, sonders sich entschloßen, sich
1755 617 2774 739 widerumb in die bander seiner gnädiger
1727 670 2802 794 oberkeit ze stellen und dieselben nach beken.
1745 728 2783 861 der verbrachter enthat, umb eine gnädige
1735 789 2748 924 und malte vrteilzebetten etc. Hat
1718 866 2777 980 Daruf das byseig der ehremüesten etc. Herren
1700 927 2761 1076 Hund Müllers er gmittrhats, irn a
1742 991 2746 1120 saris Lentuli und iro Große. Is der
1715 1079 2757 1216 Kel vf ernst fründtliches zusprachen be¬
1733 1171 1868 1257 kent.
1737 1217 2713 1355 daß er vor ungefahrlich 20 jahren uff
1713 1282 2796 1397 Den Buchsi weld mit einer lübendig ganß
1749 1359 2769 1480 welche er von anderen, so daselbst groset
1744 1410 2730 1546 gegen einem sag getriben, gefangen und
1708 1497 2785 1611 Die unchristen und unnatirliche that da
1746 1559 2748 1668 liter und wurcklich mit einer sonderbaren
1757 1623 2752 1767 anmudung leider tags verbracht, volgents
1739 1705 2449 1828 selbige widerumb lauff laßn.
1686 1762 2774 1920 Alß aber ime zugesprochen worden, daß
1657 1849 2809 1985 villichter er läbens hatt, oder nit by rechtem
1687 1902 2774 2065 istand und sinen, deßweg siche sen läben
1676 1981 2670 2093 Beuerkirtz, Dden aber etwan mehr
1713 2047 2723 2183 Sind und laster begangen, Hat er
1720 2118 2796 2264 bekent, das zwar er in zeit dahero krunck
1735 2203 2796 2333 mütig gse, sye aber doch by gutem eerstand
1717 2270 2800 2418 und habe sich keines wegs uß wider: Sander eß
1711 2355 2696 2496 Eigem willen angeben, seiner betrubt
1721 2412 2614 2552 vnd bekünert Seel auch geschaffen.
1644 2495 2708 2618 Im übrig dann habe er vßert diser be¬
1731 2548 2691 2709 kent nur i mal begangnen verthaten
1700 2617 2387 2771 sich keines wegs grgriffen.
1586 2731 2731 2912 Ist den 15. marti 1653 von mehle den Rhät vndt B
1715 2855 2715 2975 erkent, daß er sölle enthalbtet und hernach e.
1712 2909 2312 3026 könt werden, so auch beschechn.
