3024 4032
574 202 1471 474 Ahr andergeen
571 276 975 412 bekalt worden.
527 332 1491 609 Sonsten habe er hienor schon ein vrpheden
1238 401 1460 521 das entl
571 402 1472 649 hau geschworen und also selbs uf zu
535 459 1430 696 verbrichet, urteil uber sich gesprochen.
567 531 1515 805 d uenlicht w
500 654 1493 874 Bleicke entfrombdet, 3 stuck tuch dem
531 712 1471 917 das 1 gehalten e. Hatt nit kommen d
1108 843 1302 949 angeig
541 848 1482 1066 welche 33 stuck tücher er einem ime von
554 918 1484 1106 namen und zu namee, auch heimet unbe
562 983 1509 1205 ranten mann zwar umb h t verkaufftn
548 1065 1181 1219 aber doch mit empfangen.
494 1146 1493 1387 Item Hans Kartschi auch von 2hu ußde
531 1252 1095 1388 Sch�ren entfrömbdet.
553 1338 1456 1509 2 vorgug kettenen 1 sind kette.
546 1400 1505 1582 1 Pfulb Nagel und 1in grettennagel
489 1516 1505 1701 Mehr habe er dem Wyßgerber Birbucher
553 1624 1494 1753 eines jungen Birbaum uß seinem Bonuger
534 1686 1510 1820 zu Thun graben und denselben dem zache
554 1765 1511 1912 rias nafftzo verkaufft Hingegen abe
533 1832 1332 1965 dem Birbühler einen anderen geben.
484 1966 1505 2096 So habe er auch In Peter Mosers müli zu ihn
529 2040 1492 2165 4. ies kernen entwendt. Die selbigen ober
530 2126 1500 2234 ime widerumb mit einem halben mr haber
521 2192 741 2298 ersetzt.
477 2288 1475 2432 htem etwas ein guts Ärfeli ambd, welches
553 2392 1060 2515 er seinen schaffen geben.
485 2495 1471 2625 Weiters auch zu Thun gäbe er mr Lun
475 2568 1485 2692 Moser, vnd einem nechsten Nachburen vnden dee
512 2615 1472 2772 beurstrott Becken, zu vnderscheidnen mahl
493 2708 1494 2865 Iedem 2. gtrott so gantz und halb batz werthi
500 2798 983 2930 gsi entkrömbdet.
427 2864 1501 3087 Sonten in Übrigen habe er keine entloten meyt
495 2929 1480 3117 dann dise obbeschribne, so imme hertzlich leid sich
490 3022 1484 3201 begangen, umb welche er zur teillschon ki
497 3061 1490 3274 abgestrafft und gestreckt worden, daß
482 3161 1489 3345 daruon brochen sye. Bittet vmb guat
1470 890 1513 944 al
2576 262 2695 346 50
1822 337 2332 492 Capa Meyer
1951 430 2278 527 or bemelt
1645 438 2726 606 Wewol vorbemelter Caspar Meyer uber erf
1664 526 2680 648 beuelch den 5ten ju ii 1652 dahinder im gewohnt
1624 574 2662 727 Streibe thurn 2 mahl lähr und i mahl mit
1651 628 2662 763 dem kleinsten stein, umb vernerer bekantnus
1648 688 2653 806 willen seiner begangnen unthaten ufzoget,
1647 729 2667 856 und tortiriert worden, so hat er perach nit
1651 795 2677 913 weiters als bereits den 3ten diß beschehen bei
1643 848 2631 973 keinen wollen, sonders im übrigen ganz un
1646 912 2697 1035 schuldig sein wollen und begert, das er ledig gelaßen
1606 960 2727 1084 neüele, wo nit werde inne die Mmarter allerle
1630 1047 2726 1161 unthaten alß ketzwyen Mardthat bekennen
1633 1105 2672 1221 gemachen, welche er doch niemahlen verbracht.
1626 1166 2685 1289 ungeacht aber er drüber gefract worden, ob
1631 1226 2688 1334 dann er diser stucken nüt schuldig sye, Hat
1661 1291 2634 1404 ir jedach sich unschuldig erklärt. In bysein
1653 1363 2620 1468 seines vor wolgemelten herr examinatoris
1635 1433 2682 1543 hrr morloth hrn Hans Rud Kerbers und
1624 1504 2020 1639 Irs Hohnreibels.
1639 1577 2718 1710 at den 1tn julii 1652 uf abtrageostens ins Rhallen
1641 1659 1942 1773 werck erkent.
1787 1804 2652 1954 Babrice Buntisperger
1941 1908 2338 1999 Burger alhie
1591 1983 2716 2111 Zinstags der 6. julii 1652 ist Babriel Gin
1639 2070 2608 2180 stisperger der bruchschnyder durch inehro
1585 2124 2617 2229 landtvogt Steiger und jr Großweybel vor
1621 2188 2650 2292 Wattenwyl, neben ernst beweglichem zuosprechen
1623 2256 2670 2374 hrr. cupichii deß halffers uber daß gestrige
1642 2326 2682 2433 umb etwaß mehr und nächer deß verdachtshalb
1632 2391 2688 2497 obr hette er synem söhnli Gabriel Güntiserg
1628 2452 2667 2542 durch ein vergifftet Läbkuechti vndt sunst
1639 2505 2658 2619 gifft in waßer oder solt gelegt vergeben
1642 2579 2656 2685 wwöllen, erforschet worden Der hat nun da
1633 2630 2645 2741 ruf auff gebognen Bnuwen vnd auß mit
1635 2704 2245 2810 sagendem runer bekendt.
1623 2842 2629 2950 Nach dem er vor etwaß abgewichner zeit
1632 2943 2612 3030 mit einem am fuß gehabtet agersterung
1633 2983 2650 3051 nit ein wenig geklaget worden, darumb er
1630 3039 2662 3140 mit einem schärmäßer söliches auß hergeschniten.
1614 3076 2652 3186 vndt Zur rotkomnn heilung deßelben, Med¬
1587 3154 2603 3273 curium gebrucht, wollhes Inne, vnd sein
