3024 4032
1104 259 1146 335 1
1228 270 1336 370 ser
1087 317 1414 449 wart srrt
1324 471 1518 581 sens
1384 630 1540 728 alha
1296 727 1500 826 sohar
772 781 909 907 stlich
660 859 905 965 habend in
628 954 973 1054 Der Sohn R.
627 1027 981 1145 zeits zu Frye
674 1111 1090 1204 worden so wol vn
636 1167 1090 1268 sachen frauwes
652 1224 1510 1385 laßenen daselbst gemeltt uf sleold
638 1328 1513 1455 s sohnli, durch inne seinen sohn widerumb
647 1398 1546 1541 zu Inen von seinen abgefuhren, darun
620 1467 1511 1597 sein kenolds magt mit einem trinck
631 1535 1498 1663 gelt bereidts bestochen worden, das
616 1618 1505 1762 Sähali vf die gaßen zelideren etc. Habe
607 1693 1487 1804 Diß bemelten tags sein vatter eme
626 1762 1526 1908 befalchen, es mit sich biß nach der seense
632 1846 1523 1992 alda er imme werde abgenomen werden
593 1918 1489 2052 geführen, welchem er unbedacht und
629 2005 1481 2122 ohne mich bösen vorsatz understanden
632 2068 1516 2207 nachgekommen und dem seheli ein lob
609 2157 1479 2294 ruchten, welches er zu Fryburg von
605 2235 1507 2377 gesagten kechenfr empfang geben,
600 2318 1375 2452 Ime darmmt hinußzelöcken.
588 2458 1490 2600 Der vatter dann hat auch anzeigt, das
615 2529 1506 2678 nach villfaltigen und offteren erntig
620 2579 1512 2766 anhalten gesagten seiner lrchense
619 2674 1478 2831 er gedachten seinem jung sohn jabe
598 2743 1487 2925 wolchen, das ersechen sölle, wie er
571 2808 1494 2995 Deß Kleolds Söhnli gan feyburg schaffen,
580 2873 1510 3059 könne unnd ime den weg zeigen ole
576 2939 1505 3181 gedüte seine kechenfl aber habe fu den
595 3002 1504 3216 handek gar glimpflich fürgeben undt
557 3079 1513 3330 gineldet, das mychl deß klolds fp
2646 269 2749 363 18
1968 321 2724 442 gind und sy selbs gers widerum
1705 380 2683 545 an sey küflig werind. zu dem werdde zu
1685 430 2698 586 beürderung der sach deß kleolds nacht
1644 500 2708 692 gsprochner maßer imr das sähnli an d
1703 560 2712 730 gaßen wehren und überliferen. Ddaß
1708 651 2743 796 aber die magt ein trinckgelt deßwegen
1788 723 2756 870 Es möge er nit wüßen. Wol aber
1655 796 2726 989 ihes imme zu veyburg von der kechenfr
1681 870 2709 1033 so ein dabkuhleren, etliche kabkuchl
1646 948 2366 1142 zu disem end geben worden.
1665 1085 2661 1222 Den 23. febrr 1653 sind beid uf gnad hin
1686 1160 2707 1289 von mehl land verweisen, doch der sahn nit mit
1672 1235 2279 1373 dem eidt weg der jungende
1783 1448 2247 1569 Barbara Ruff
1747 1528 2437 1646 von ber Goldtach bürtig
1638 1614 2755 1759 Ist widerumb uf gnad big mit dem eidt vndwisen
1632 1685 2670 1814 worden, wyl sie schon hieude den 5ten fähles
1690 1763 2655 1864 und darumb der eidt gehabt, aber ohne
1696 1832 2772 1952 erlangte begnädigung In das Landt getrett
1674 1904 2194 2013 Aete 23. deb 1653.
1829 2063 2277 2181 Ister Bucher
2504 2088 2752 2221 prenod.
1913 2158 2250 2267 von Twang.
1625 2260 2234 2401 Nach dem vmb St Joh areih
1659 2374 2224 2483 Den wol edlen iro sigen
1694 2444 2163 2557 Io seinem huß alhie jo
1667 2506 2209 2608 Darun ein wolnen wan
1688 2590 2170 2715 gwalthätig gröffe
1696 2673 2191 2785 sachen von Silbergsch
1714 2748 2251 2860 entfrömbdet, volgen
1686 2817 2206 2926 Den hr Landtvogt
1704 2894 2149 2990 gewüßen schneider
1700 2961 2134 3083 feil gebotter mi
1706 3022 2167 3149 Uihrlis enteckt oder
1703 3108 2254 3238 wer solchen diebstahl.
