3024 4032
290 717 540 817 imme der
285 774 542 878 dag usder han
292 830 508 923 anthallen.
278 1220 377 1346 8.
552 179 1399 430 betege dl eredete
565 273 1404 493 thunn er gefangne aber uf deß handt
542 338 1413 555 gsellen dagen gryffen und so erfall
568 405 1426 622 wurde, er hauß iene mit dem meßen
561 473 1450 689 stechen sölle, habindt sy leyder diser
577 544 1438 779 heiwrige Mordthadt abgeredtermaß
569 618 1453 823 an gedachtem handtwarchebig sellen verüben
557 658 1449 884 und gesagter Hanß mit dem steilen den
576 737 1437 940 anstreih gethan dach daruon nit
561 821 1421 1009 sonders erst hernach nach empfangnen
566 896 1440 1070 stein wurff gefallen, inzwüsch aber
550 957 1443 1134 habe er der pfangne malteficrnt
525 1020 1421 1215 inne mit gwalt umbgeben und alß
557 1104 1426 1253 er mit der hand imme gegen dem mund
563 1159 1436 1320 gefahren, habe der Vmbkomme Ime
557 1254 1444 1396 in die finger dergestalt gebissen, daß
561 1313 1449 1461 er drüberhi abgelaßen und imme keine
556 1391 1434 1559 entzigen strain geben, gedeüter Hanß
554 1460 1440 1608 aber inne nachden er mit dem steizi
533 1532 1453 1695 baden geworffen, mit dem meßer gesohen,
531 1607 1436 1764 und wiwol diser umbbrachte handtwerke
527 1694 1436 1823 gsell bysynen end und hochsten n�then ettliche
533 1779 1427 1900 mal umb hilff gerüfft und sonderlich
548 1841 1432 1963 gesprochen, Heter vedu vom mir zhufft
514 1917 1445 2041 Item ihnen uber den erst empfangnen streih
491 1990 1430 2116 das jenige, so er habe versprochet ze geben.
530 2060 1431 2187 Wan sy imme nur verschonindt, so sye da
511 2129 1422 2258 deß orts nüt erheblich gsin, sonder es
514 2193 1434 2321 habe müesen geschlagen und gestorben sy,
496 2275 1434 2381 doch habe er ettliche mal umb hilff, sondet
495 2331 1312 2468 lich zu dem herren desu grüefft
470 2400 1441 2542 Nachdem nuch dise leidige Mardthadt ver
503 2452 1428 2615 erichtet worden, habe er deß entlybten
517 2536 1419 2686 wehr besyts geworffen und hingeger
516 2590 1425 2778 Imme syn seheuk von lyb hin wegg un
517 2682 1444 2860 uß einem syseckelin 4 batzen genommen.
507 2742 1426 2896 und darun nit mehr bekommen, sonder
520 2812 1422 2979 sich nachdem er verspürt, daß etwer
490 2881 1426 3075 Den fußwag von der pappper Mële
497 2947 1439 3150 hinf kan Hinwegg gegen Baldener
494 3025 1444 3213 ufe stey huß gemacht, alda er sich hin
478 3085 1444 3307 vff die Beire begeben, vbernacht gea
1478 1372 1617 1455 st udth
1477 1425 1629 1494 or f. vndt
1474 1477 1625 1568 3 zeuerl
1520 2356 1584 2424 1.
1535 2833 1595 2902 2.
2570 213 2664 303 40.
1690 271 2620 465 syne complices hiemit verlaßen.
1691 353 2637 493 also das er mit dem thadten mit verners
1670 418 2573 587 geschaffen gehabt imme auch nit in
1678 469 2622 624 wüßen scn möge, waß gedachter seinen
1681 536 2601 715 gspanen von imme bekommen und wo sy
1679 613 2617 765 sich hinbegeben habindt, doch glaube
1684 670 2455 823 er sy sygindt nach huß gangen.
1662 750 2626 906 Im übrigen habe er den tag eynes läbens
1683 828 2631 965 keine unthaten ußert diser leydigen
1667 860 2653 1024 darzu er von gedeüten zweyen angereitzt
1673 957 2636 1081 und angefhnert worden und ettwas
1674 1005 2632 1153 wenigen opß rüeben und derglychen
1682 1082 2634 1209 für die nathurfft so er entbrömbdet,
1676 1156 2634 1280 begangen. Daby über welle er nit
1675 1218 2635 1363 verhalten ze klagen, wie daß nechstner
1677 1283 2644 1423 scheiner sambstag und sontag nachts etwas
1671 1363 2634 1487 besorglich ettwas bößes imme den laden
1665 1413 2640 1549 der gfangeecht geöffnet und gesagt: er
1689 1486 2634 1615 s�lle das brot hinweg thun, er w�lle imme
1677 1556 2570 1706 ushin helffen. Alß aber er drüberhin
1678 1614 2580 1770 siy gesagt seye es verschwunden. Doch
1669 1667 2646 1825 sambstags nachts habe es imne mir dunckt
1662 1758 2637 1898 daß das Thürli assen und dannenhar heiter
1792 1834 2591 1970 Ist im hertzlich leid bittet
1671 1849 1792 1935 seye.
1670 1915 2303 2026 umb zwar und verzychung
1764 2113 2121 2246 Desccibrio.
1680 2212 2576 2339 Ob bemelterzweyen mitpflichtig.
1650 2328 2595 2460 Hanß Hatt Schwartz hart Bart, ongen
1655 2420 2575 2531 dy 40 jahren alters zimmlich großer
1659 2478 2596 2554 statur im schwartz willigs winnist
1667 2548 2606 2667 mit einer wysen Buhscheidig Wys husamhig
1670 2619 2604 2738 Hosen  einen geligen umb ettwas zuge
1661 2694 1845 2799 spitztan.
1648 2773 2555 2908 Der Riggli seid ußem Ruggisperg
1637 2866 2534 2964 Der Oberen kilhöri hatt halbes har
1657 2935 2534 3034 vnd einen halben, doch etwas dikeren
1631 3004 2558 3116 dan deß Hansen Bart Granweangen
1666 3055 2600 3178 einen schwarzen Tchoppen mit wyßen
1667 3116 2572 3251 wilhosen nach Geggispergischer waden
