3024 4032
605 189 1510 468 Aaen d en n
613 299 1512 534 unwen erkhent und bekhendt, daß
597 354 1520 621 ungefahr vier jahren gemelter Chei
596 419 1532 675 loffner (demme sy in seinem witg
586 509 1534 764 standt zushalten sollen) ira unabgesezen
567 587 1521 810 die Ede auch das werck fleischlicher
592 653 1512 879 vermüschung so offt angemutdet, bs
594 737 1524 955 endtlich sy sich zu seinem uppigen bosen
583 803 1521 1023 willen (weider ergeben, die that mit
585 861 1511 1107 imme verbracht und drüber schwanger
564 951 1506 1166 worden. jedoch under dem verstant
562 1029 1500 1233 und meinung, daß luth seines fürgeben
550 1119 1512 1331 die ehe zwüschen ihnen ohne gfahr und sinder
563 1167 1516 1378 wol möge volzogen werden, darumb
529 1264 1499 1450 dan sy sich seinem unkünschen mutwillen
535 1336 1505 1525 deso ehe underworffen und ergeben
594 1420 1507 1583 und eines kundts genäsen, so aber also bald gestelen
598 1479 909 1569 und begraben
595 1515 1505 1676 achdem ii eishen Schuldtheiß Ras
556 1595 1512 1734 und Burger diser foplichen statt
527 1668 1495 1815 Bern uß abgelahner vergicht vernen
541 1748 1506 1908 und verstanden, daß dise zugegen
541 1841 1477 1959 stehende arme Margreth Blouwere
563 1912 1489 2040 sich so hoch und tieff wider Galdes
533 1997 1489 2137 Ires Schöpffers ernstiges verpalt
516 2075 1481 2212 In unkenusheit, ja in Blutschandt
547 2160 1473 2290 mit Christen Toffner Ires valders
534 2238 1447 2374 lyblichem schwäger verdrabet
534 2301 1488 2435 und vergeßen, abendt soch gedaß
552 2379 1487 2541 mg hrn schuldtheih räth und Brrr
507 2445 1468 2635 uff iren erdt erkendt und gesprochen
1089 2603 1156 2710 111
511 2623 1502 2816 Daß sy Margreth Blonwers dem nachrist
515 2706 1478 2898 ubergeben werden, der sy oben ns uf die
504 2798 1466 2950 gewonliche richtstahf füehren. ihro
492 2856 1466 3041 daselbst das haupt abschlagen und alß
511 2917 1478 3126 mit dem schwerdt vom läben zum thai
511 3028 1474 3210 nach stehserlichen und diser coplichen
489 3113 1393 3313 Statf wern rechten richten solle.
743 3249 989 3392 Amo.
449 3248 1450 3497 Ist in erwisner gnad erkent, das sie zu thun für
343 3322 1448 3533 en offne gmeind gestelt depiecieren undt derh
474 3385 1448 3615 pfarrer sein predig darnach richten, sie volgens
1321 3483 1451 3579 1611.
474 3472 1303 3674 aus halß ysen gestelt werden sölle. Art
1517 965 1659 1080 Mrat
1531 1048 1664 1132 nnh
1527 1113 1646 1199 jung.
2630 216 2714 333 14
1906 313 2532 478 Eßbeth Keßler, vßem
1893 421 2273 546 Misten eh
1913 461 2730 626 wegen, das sie 33 lebendige menner
1673 539 1822 658 vo
1627 534 2686 778 thur ehe gehabt und von keinem formbklich
1715 584 2668 771 bescheiden worden etc. zur ußschmeitznung und
1688 657 2683 841 adt lihro verweisung von Ir g Statt
1691 742 2745 918 und lander erkent und an ira effecturert
1698 834 2357 979 worden den 15. april 1651.
1676 970 1859 1070 syman.
1680 930 2696 1128 egleichen tag ist Abracham Kynran von
1683 1021 2715 1199 hinner und Anna jung uf ußgestandne
1700 1092 2710 1263 gefangensch in dem Lach, da jener sich neben
1668 1165 2660 1313 seinen Eheweib, anitliche Tarnen gehen cet
1667 1242 2673 1375 vnd selbige vmbher geschleiffte, vnd darneb
1681 1300 2645 1465 sich sonst übel verhalten. Dise aber den 3tan
1685 1381 2701 1552 fähler begangen, mit dem eidt von Ing
1648 1480 2503 1619 statt und kanden verwisen worden.
1844 1697 2620 1844 Margret Schurmannin
1936 1813 2340 1915 von Nider Bipp
1648 1868 2665 2024 Ist wegen sie irem kind 4 jahr lang den
1674 1983 2672 2090 richten vatter verhalten zu woluerdienter
1677 2043 2645 2191 gnedigtstraff 2 stund ans Hall sysen
1681 2121 2719 2253 erkent und gestelt worden, Den 6 e feb
1673 2180 1779 2263 1651.
1852 2315 2578 2520 Barbli Ritter von Hosli
1607 2404 2579 2581 Ist zu wolluerdienter straff, das sie
1617 2524 2643 2661 der eheschydigung willen, den mit Christen
1642 2607 2651 2739 Neidmen dem gygt begangnen ehebruch ge
1668 2683 2696 2837 offenbaret 2sd ans hallßysen gestelt
1788 2793 1820 2842 3
1912 2764 2552 2910 Den 67 jubu 1651
1747 2949 2493 3106 Barbli Tseiter vor Spict
1589 3057 2642 3215 Ist auch von deßwegen, das sie sich scheiden laßen
1614 3129 2613 3260 könte von iren mann Hanß Theiller deß
1664 3211 2617 3325 mit Josechh danner von Wins begangnen
1643 3276 2473 3381 ehebruchs bekantlich und zur straff
1653 3292 2652 3449 ans gallsysen erkent worden, Den 1 dito
1635 3402 1909 3520 peqiiert 16.
