3024 4032
588 189 1150 405 Anncli gelbe
1198 323 1372 445 aer
1129 376 1289 481 Weitl
482 307 1348 562 Senle en seen
571 393 1348 613 gemelte sein schwöster bekent, da sie
555 455 1338 665 Lismens underwindind zu ungtülkt
584 536 1340 740 14 tagen den halb und seig gsind.
573 596 1362 827 sage mn gng
573 679 1385 896 begangen oder umb deß salben sachge
593 760 1368 935 habind. Und sye von nonmen volk
594 819 1417 1043 mants gsy, damn Hans undt Uli Galb
554 888 1413 1156 in besh en fnen
590 1023 1422 1247 irer anerbornen güte gegen juen perfahren.
584 1085 960 1208 laßen wöllind.
334 1166 1426 1429 Ebrermaßen ist dise ußgelaßen und heimgans
348 1298 1189 1451 worden fcten 18. noi68
785 1562 1291 1699 Bendicht Bart
883 1674 1226 1781 von Copsingen.
543 1720 1404 1875 Ist den 17. decemb 1652 von deseren
579 1821 1387 1955 das er sein dienst magt Barbli Bart, so
602 1896 1394 2004 seiner frauwen im anderen grad verwant
591 1962 1393 2082 geschwenget und daby auch ein ehebruh
581 2032 1392 2156 begangen uf gnad hin von statt und
566 2085 1085 2216 landt verwisen worden.
240 2255 563 2358 Hicincipit
798 2276 1266 2422 Juanna Rohrbach
262 2329 569 2408 Michaltis .
238 2381 455 2472 rachnung.
876 2378 1078 2459 von hier
365 2413 1385 2638 Nachdem Susanna Shorbach Eß
553 2508 1407 2692 horgrichtlichen in dero obere gefangen
568 2558 1397 2737 versitzt, vnd druber bevolchen worden, Sie
555 2649 1395 2829 umb ere sidt letster abstraffung begangen.
582 2697 1400 2867 mißhandlungen pynlich examinieren zu
551 2747 1403 2948 Ist sölchem zwar uff hitt den 29. deemb.
569 2816 1395 3030 o51. is gegenwürtigkeit der ehreuesen
544 2905 1392 3105 E. f. f. und wiesen herren, gro Sampel
548 2963 1398 3185 Petebers deß kleinen. Hrn Aidres Hermah
568 3034 1387 3257 und hrr Kiman Rath B Stürters deß
581 3096 1403 3353 eseiet en es se
550 3147 1402 3420 eret e
560 3237 1397 3529 he engen be
2493 166 2592 250 36.
1530 247 2567 504 lahr ufzogen worden. Hat aber deßen unge-
1591 315 2564 565 nse nt senben ti
1585 365 2589 618 mehr verrächetn wöllen, sonders vermeldet, auch
1578 441 2537 666 an dermarger erhalten. daß ußert den
1539 496 2568 752 Vor 2 jahren mit Anthin syerman alhie zu
1562 547 2550 806 murten begangnen fähler, zu welchem er sie
1578 659 2555 909 ersucht und sie imm wegen eines sehr geri
1577 736 2570 984 fenigs wegen irer armut leider gewill.
1519 797 2594 1071 fahret, sie sich ehrlich mit dienen und zwar
1571 876 2609 1088 nin vmb spyß, vnd ohne anden loßn, anfengke
1568 991 2536 1170 lich nach irer bannishierung 5 wuchen
1524 1013 2609 1277 zu viel unnd hernach, alß man sie daselbst
1571 1097 2592 1304 alß in Beidete von Bern, vnd dere Landt¬
1529 1188 2594 1430 schafft nit lngrdulden w�llen, zwey jahr
1499 1291 2592 1511 zu frybung ufgehalten, Daselbst aber
1574 1363 2573 1552 wegen großer armüt mangels Calumnii
1557 1438 2572 1637 vnd Religion, sich leng nit vfhalten, vndt
1528 1533 2598 1717 Wiß es ds landtschafftsehr wytküiffig, vnd
1586 1629 2513 1772 allerseits an die Seybergische anstößig,
1508 1699 2488 1838 Habe sie sich ohne eidtsbruch an kein ander
1565 1741 2588 1920 mit fngistisch Öott alß zn hochgedacht e s
1512 1853 2534 1995 landt begeben und ynlaßen können: Wo
1562 1939 2525 2080 fehr aber sie mehr dann obgemelt anzegen
1544 2004 2569 2116 und bekennen solte, wurde sie nit nur iro
1524 2084 2472 2204 selbs sonder auch ander luth unrecht thun.
1518 2159 2584 2286 solche edts überselhung und andere hienoch
1556 2234 2518 2360 begangne mißhandlung aber sygind ira
1549 2309 2596 2439 hirtzlichid, darumb sie gott e ß
1540 2388 2595 2531 und die dardurch geergerten umb gnad, vnd
1536 2476 2582 2607 verzeichung, sonderlich aber umb ein gnädige
1549 2549 2486 2687 urveil bätte, daß sie fürter hin ohne
1539 2609 2610 2747 vernere eidtliche verwysung deren sie keine
1566 2686 2615 2855 mehr anzeeinen und ehe zu läben drob
1556 2752 2604 2918 laßen bedacht,) sich sich er ufhalten und ehrlich
1539 2836 2627 3007 meisters dienen möge, Maßen dann sie uf
1539 2917 2609 3075 versoffendtlich erlangende begnädigung ze
1552 2990 2584 3137 leisten gesumet und iro bereits von dem
1535 3074 2601 3240 wirtig zu Nürenegg dienst versprochen.
1558 3153 2609 3333 wann nit dise jra jetzund angethane schmach, hi
1557 3219 1749 3296 3 werde.
1413 3198 2578 3397 Mni decamb 161t Ist dise kohrbachin kmag mehl deß tags wider
1437 3280 2602 3458 gegebner urteile ußgeschmeitzt und michmahlen eidtlich von dem
1419 3319 2622 3506 satt und kande vwisen worden. mit ernsthafftee tröüwung, im fahl
1424 3357 2595 3557 krniderumbeidtbrüchig und erbappet wurde, das denzu
1410 3435 1689 3548 alert wede
1430 3405 2639 3649 ehlen wider sie ohne gnad mit nottweildig marter werde ppro.
