3024 4032
801 250 1189 443 aiy volken
866 336 1145 452 Vor Schupten
554 314 1349 563 Venstanden ta
431 434 1422 675 b. Ahlerer und shebrith auh eint
698 504 1153 652 ntt unristr worden.
641 666 1300 871 Ann Glaisere
482 738 1405 977 S iewol die ir dem obwer spittal elli
558 842 1396 1034 gefingklich enthaltende Auni Glausern
545 919 1411 1092 vorJezigen vf futt den 1t Jann 162
540 975 1399 1194 Ir den gewahnten streckeThurs ernst
568 1056 1409 1242 wörtig durch die lb vo vester e gun
527 1121 1418 1303 Carolum voo Vorsteten deß kleing. Ien d
557 1211 1400 1371 weibel von Wettenweil iro samee
549 1280 1409 1440 von Ist altenweil und di Frantz andrin
522 1366 1407 1499 steigen all deß großen khats examiniert
547 1437 1409 1573 und durch den mr Michel an die marter
545 1514 1402 1651 geschlagen worden, umb von Jra zuur¬
560 1591 1406 1726 nemen, wie es mit irer gezigter
551 1654 1399 1780 waßen getragnen lybsfrücht und
512 1717 1388 1864 kind, eigentlich hingangen sat
520 1797 1400 1938 jedoch sie mit ungebürliches dißort
536 1888 1393 2018 bekennen, sonders der uf sie gezigten vn
558 1962 1397 2083 natürlichen kindtsverderbung gantz
518 2026 1420 2148 unschuldig sein wöllen. Darneben zwer
532 2098 1371 2235 bekent, das sie allzeit biß an 14. tag
525 2185 1397 2324 irer ußrechnugg vermeint eines kindet
545 2261 1380 2403 schwang ze sein, Es habe aber sich zuge
531 2333 1378 2462 tragen, das sie unerwartet, alß si der
535 2409 1398 2528 armut und dem heilig allenusey nachge
536 2484 1385 2610 underwegen uf einem meld irer getre
537 2558 1387 2707 gnes lybs Burdi ledig worden und ge
532 2617 1390 2777 nëset, die gebürt aber sye nit ein kin
517 2704 1402 2842 sonder nur ein brand gewesen und sys
513 2773 1391 2953 domahlen eintzig und niemandts by Ire
859 2846 1405 2990 Im übrigen dann nölle
509 2906 642 3028 1.
500 2920 1405 3104 sie nit verhalten, das sie dry fähler
524 2993 1405 3158 begangen. Namlich mit Bed th tag
508 3049 1377 3269 purger einem Tagmer von Utzigen, de
509 3169 1346 3327 rumb sie abbüßt Den anderen.
2488 247 2595 332 37.
1489 333 2569 519 A dam Beuri von Hittisweil, by dem Sie ein
1547 416 2609 587 meehelich kind gehabt, so noch lube, und dann
1613 484 2473 665 it Hans hauß, so by Caspar Egli im
1627 538 2593 736 auch thal diene deßelben Vattter wohn
1576 600 2566 798 zu flugbrunnen 4 Srast habe sy böses
1583 675 2569 865 mit gethan, auch nüt böses in sunn gehabt
1553 752 2514 938 ungeacht bey windlin uf die grniße
1571 830 2611 992 gemacht und 14 tag von huß gang sy
1556 886 2576 1080 bittet dort und eß umb gnad und kezy
1576 990 2610 1142 thung. der jrasonst die ehesprochen, aber
1863 1030 2483 1143 nit gehalten und also beschißen.
1579 1076 2546 1223 st 2 mahl kahr und i mahlmit dem
1483 1144 2259 1300 leinsten stein ufzogen wolden
1510 1252 2563 1409 gest den 5ten jann 1652 ist sie mit dem eidt
1451 1359 1902 1493 erwisen worden
1626 1503 2150 1670 Beörg Pfunder
1745 1599 2371 1735 ußem Marg grafenlandt
1497 1726 2611 1874 der Biewol Görg Pfunder, so mit jean varren
1555 1823 2554 1945 vns Beanfort, alß verdechtige buben von
1546 1892 2581 1998 dem hrr vogt von Friemsperg gfengklich
1571 1958 2629 2086 alhan geschickt worden, gestert den 23. medt
1567 2035 2555 2155 ernstwörtlich undt sonderlich uff hatt dem
1559 2104 2584 2227 24. beides dißmonats janco 1652 pyn.
1565 2173 2509 2295 lich examiniert worden, In bysyn der ehr
1538 2256 2551 2377 vrsten etc. meiner hochgeeh rten Herren gr
1534 2315 2600 2441 Samuel Husers alß verordneten Frn Grög
1547 2387 2542 2499 wibolets deß kleiner und hro kundtu
1549 2445 2588 2569 nannel Steigers und ir Großweibes
1514 2528 2576 2661 von Wetteng deß großen rhatt, auch etlich
1531 2601 2563 2723 weiblen, Hat Jedach Er vber den Im
1545 2678 2579 2769 Maio 1650 alhie geschwornen übersechnn
1537 2749 2569 2856 Endt mit wider betreffung ir ger landts müt
1546 2820 2561 2922 bekennen wollen, sonder vermeldet, wie daß
1554 2890 2528 3010 er die sy imme gefundung 8 u und etlich
1539 2959 2568 3084 b mit trischen, vnd ernden verdienet, vndt
2140 3039 2514 3142 mer bydeme er
1564 3045 2086 3162 nit gemeltem seinem g
2095 3101 2545 3193 nder anshlag
1558 3111 2070 3219 m 2 tag gsi vo
1541 3162 2556 3308 habt, alß nit imne in das frykudg gebüet
