3024 4032
632 199 1504 465 zr halse ghend len
654 314 1551 552 pingen ein Schwein zu todt geworffen .
444 349 607 464 hosus
672 382 1513 579 welicher action er und noch ein dritt
663 438 1535 652 gent Marti auch gßy. Darüber er mag
657 520 1479 709 von den m2 erdachhet und geschlag
623 570 1460 756 Er und ladi aber sygind entrund
598 687 1537 919 IItem schon vor 14 jahren habind er de
604 768 1571 986 3. oder 4 burgunder zu Behing seybug gelen
655 837 1504 1039 uß einen spych brott und den dippen
654 903 1488 1085 ewendet, und eine jede der Gippen 311
651 963 843 1089 kaūfft
1499 1024 1562 1121 6
584 1075 1514 1253 Wyters habind er und einer so sich kein
658 1159 1530 1333 namset im dorff ehrstein by Straßburh
654 1243 1557 1410 alda man wegen deß Ganlral Rohar und
635 1306 1563 1473 Debadel, die güter flocken wöllen, ab eine
660 1364 1541 1524 geladnen wag, brott und gwandt nit,
642 1451 910 1549 frömbdet.
605 1529 1566 1733 Elßer und ein ander vor 4 jahren zu he
639 1633 1542 1778 sich mit ein anderen voll getruncken und
417 1701 566 1783 2ofrus.
625 1721 1538 1854 drüber unins worden, habe er synen
642 1789 1451 1916 spanen ein doch in Kopf geschlagen.
412 1900 1567 2044 Dmnach hr Verndrigen jahrs einer gent Bürshes
400 1981 584 2065 am stal
650 1983 1516 2093 imme und seinen gespanen und mitt stëltzen
628 2042 1539 2155 Bättleren einen batz uß seinem seckel zeüer
639 2122 1562 2238 theillen geben, vnd darnach vermeint denSeck
652 2183 1548 2295 widerumb in den busen ge stoßen, aber hun
621 2262 1510 2407 gefallen, habe einer seiner gespanen
640 2332 1537 2473 gnen hutt daruf geworffen, vnd desels
590 2414 1555 2531 zwar mit verdeckt, Es habe aber solches
637 2484 1511 2623 einer ir g weiblen Ist dfilrong umd
597 2540 1514 2705 Stettler) gesechen und entecket, also das
612 2618 1558 2783 seckel den Barispärfer widerumb zugeselen
601 2687 1545 2883 Inen den Bysnichten aber von imme noch 17
615 2765 1535 2965 verehrt worden. und dem gemelten weibel ud
1052 2850 1405 2939 Thorwr acter 7 bz.
551 2885 1534 3088 u Burzach dann sye war er villmah an
582 2956 1525 3149 archten gsy, g abe aber nit allezeite
621 3013 1538 3252 gebättlet, sonder villmahl gewürffet
569 3160 1450 3369 Im übrigen dann sye er zweymahget
571 3179 1531 3443 alß zu wign mer von mutwillets, seder
617 3249 1531 3533 gezeee wane
621 3425 1039 3578 nir vor bekent
1598 475 1650 589 4
2719 230 2788 317 62
1708 328 2729 519 Mehr habe er in einem holtz by freyburg einen
1742 406 2740 574 hißgehnden kaufflerren mit leinem meßen
1754 447 2804 616 emëinet und derselben in einen graben geworffen.
1714 570 2234 748 Is mahllehre vnd
1794 614 2799 783 2 mahl mit dem kliinsenstein uffgng worden.
1629 735 2767 913 . Henne auch vor 5 jahren mit hilff zweyen
1736 817 2722 955 gespanen, deren der ente sich Schwaben michel
1721 860 2785 1000 Der ander aber fraues auch ußburgund bärtig
1737 916 2792 1050 genamset by einem Brünli zwüschen Bungdorff
1725 973 2713 1111 und Kranchthal, einen mntuig von Solothur
1737 1042 2680 1187 gegen diser statt gweisten Capneynen
1657 1158 1687 1211 1
1749 1108 2777 1243 angryffen, vnd ermorden helffen: Es habe
1754 1185 2723 1286 aber gemelter sein despan Frantz imme einen
1699 1244 2708 1386 stichen vornen ins hertz geben, Er die kutt
1737 1308 2732 1431 genommen und imme hosen druß gemacht.
1677 1377 2698 1509 und volgents den f Corper In die heggen
1740 1448 2746 1578 geworffen. Galt aber keins by imme pr
1656 1540 1869 1647 krh.
1926 1664 2203 1800 Betheil.
1756 1766 2718 1910 ach dem nun in g Schuldtheiß Khut vndt
1656 1781 1724 1907 so
1722 1866 2767 1965 Burger diser lobs statt Bern disers gegen
2011 1921 2134 1975 driat
1750 1924 2703 2010 wurtigen aaries Resan sons begangne
1738 1983 2758 2108 abschüchenliche und grusamme enthaten dar¬
1730 2055 2766 2147 durch er Godtes, vnd der Ratur Gesatz selbs
1746 2126 2770 2226 sich höchst vergeßen, vnd deßwegen deß todtswur¬
1737 2189 2740 2307 dig gemacht, angehört, vnd wol erwogen
1684 2258 2686 2380 Habend hoch gedachte Mal uf Iren eidt zu
1721 2337 2370 2459 Recht erkent, vnd gesprochen:
1857 2415 2002 2481 a
1659 2415 2761 2554 daß er tharles hesanson sölle dem scharpfrichter
1714 2498 2723 2611 Vergeben werden, der Inne vf einer Schleipf
1729 2562 2733 2666 gebunden abenns vf gewonliche Richtstatt
1745 2613 2758 2723 thuere, Immer daselbst mit einem Rad seine
1744 2676 2728 2792 glider hersto�e demnach den hertzstoß
1736 2744 2672 2845 gebe, volgendts den Cöpper If ein Ran
1725 2797 2721 2905 flechte daruf daßelb in der hoche richte
1744 2851 2732 2956 und hiemit inne Besanson nach vniser
1750 2919 2670 3033 lichen, vnd diser gefriht Loh. Satt
1732 2975 2716 3085 Bern rechtn alß ein merder won läben
1723 3040 2213 3149 ihum thadt henrichte.
1673 3099 2683 3249 Eist den 2. Norensb. 1682. an Ime erstattet
1715 3201 1887 3282 worden
