3024 4032
158 2296 404 2419 vnd vnkunst
590 256 1170 418 Hanz Rychardt¬
623 332 1108 482 auf getambt Merlli
645 421 1233 605 rimmnae proecdis
459 469 1382 733 Wie wol meg ghren schulidtheiß rähte
476 587 1377 796 Bueger schon hienor und sonderlich jüngst den
495 669 1384 869 2. nechst verwichnen septembris gnngsammn
493 728 1390 925 ursach ghan gegenwürtigen Hanß Rycha
499 801 1399 999 einem fürgeben nach pürtig von Türen zum hofen
500 861 1381 1042 wegen synech begangnen mißhandlungen am
477 908 1370 1092 läben abstraffen und mit den domahlen
472 982 1373 1160 exequierten dreyen wybs-persohnen (mid
476 1032 1342 1201 denen er auch das rrichtmal genoßen.
473 1101 1375 1283 hinrichten ze laßen. abendt jedoch hoch
471 1179 1368 1366 genant myhrn sich nach ihrer anerbohen
469 1238 1380 1400 guete mmt Barmhertzikheit gegen jer
452 1313 1358 1457 zu g genengt und imme under verhoffter
467 1374 1371 1548 beßerung, das läben geschenckt. jedoch zur
473 1451 1338 1596 gemacht im Vnpzed zeschweren, dero
455 1518 1373 1676 landt sy lyb und läbensstraff ennernche
442 1582 1370 1737 zubetredten und inne mit dem eydtvon
424 1667 1375 1802 daruon verwysen ußschmeitzenad zehen
443 1725 1374 1868 laßen. eliche anad er Haiß siha
449 1798 1334 1930 nit mehr behertziget, alß daß er
419 1864 1361 1984 Drüberhy in hindansetz und ubersechung
421 1943 1361 2045 deß geschwornen thürm eydts und condo
448 2004 1347 2127 merendem urpheds, sich widerumb in
427 2068 1348 2193 hochgedacht myhen landtschs nit merjnge
403 2151 1348 2271 laßen, sondern in synem hieuor versinen
423 2213 1347 2327 strafflichen und Mallchizischen diebische
440 2274 1340 2400 labwäsen beharlich fortgefahren, inmasen
405 2340 1354 2475 durch hinder imme gefundee stuk und
434 2419 1342 2540 thane bekandtnuß sich beschiinen, alsovnd
398 2481 1337 2628 dergestalt, daß er sich wider die heylagen
404 2555 1339 2673 sonderlich aber das 3 7 und 8te geot
403 2615 1332 2754 gottes sich höchlich verdrabet und verse
388 2690 1342 2826 darumb dan er vor etwaß abgeloffnere
403 2761 1325 2920 zu kilchdorff ergriffen, von daselbst dan
393 2820 1325 3022 gefenckich alhar geshnerdt und drüber
384 2882 1341 3092 uß hochgedacht myhren und oberen sonder
354 2956 1322 3163 bahren geheiß, durch die pdlen vesten
386 3016 1320 3245 errnnesten f f fürsächt gan und wyßen
373 3094 1341 3312 Herren hen Kbenhan Am ferdt undst
2451 302 2535 383 31
1558 336 2556 509 Christöffel von Grassengint deß keinen. Vnd
1548 422 2583 573 hr. stepzan Perret, srn Hanß Rudolff von Urlach.
1563 485 2566 616 und sr Hernhardt von Waltenwyl deß großen
1560 550 2582 684 rahts diser worlichen stalt Bern nach befundner
1573 610 2583 750 nothurfft ernstwortig examiniert und hernach
1571 687 2525 796 durch den mr torturiert und gepyniget
1869 739 2544 840 Der hat um zu bestätigung.
1557 770 1871 867 worden
1556 797 2566 949 theils hienor gethaner vergicht angeben und
1545 861 2576 988 bekendt, auch selbige an- und ußert der marter
1551 925 2568 1062 für wahr erhalten und bestätiget, wie volget.
1507 1097 2562 1227 Eestlich hat er bekendt, er habe vor 7 jahren
1556 1194 2529 1297 mit Hilff Joseph Härigs eines keßlers unnd
1540 1253 2556 1365 Frantz Gretners das reißgeldt zu Kilchlindach
1554 1325 2532 1410 uß einem stöckli durch die thügen hineyn ent-
1516 1398 2556 1513 frömbden helffen, Da er uf die schiltwacht
1538 1467 2557 1582 gestelt. imme aber nit mehr alß 9t in satzen
1536 1530 2542 1659 ungeacht seine gespanen imme grüembt, daß auch
1529 1606 2354 1726 Gold darby gsin, darnon worden sye.
1507 1802 2525 1940 zu hochstelden habe er auch mit hilßfe gemelts
1514 1884 2564 2018 leßlers, alß sy uß der dahnatischen compagey
1529 1962 2539 2076 ußgerißten uß einem baden kncken und brot
1529 2020 1818 2128 entfrömbiet.
1499 2181 2524 2344 Iter zu Sollothurn sye er ob entzwackung
1502 2249 2528 2383 5 zusahmen geleiter meßeren und eines jats
1529 2338 2559 2487 ergriffen, verhafftet, hernach deßgeschmeitzt, zeit
1505 2399 2318 2543 gnet und eydtlich verwisen worden.
1483 2587 2504 2744 mehr mit hilff einer gwüßen im argöuw
1527 2671 2511 2813 pürtig gewäsnet frouwen, so sich Maria gennt.
1516 2738 2526 2867 1. Hembd und ein viertentheil eines vierteil
1522 2817 1986 2945 fleischs entfräuldet.
1516 2963 2492 3111 und zu Schwanden mit hilffeineßig, so sich Peter
1521 3044 2507 3156 genamset uß einer stuben etwas brots und 3
1523 3108 2512 3220 uß einen verscloßen gewesnen, mit einem kiel
1519 3177 1910 3274 geöffneten wog
