3024 4032
379 307 1361 546 echen und dahin trachten, das er sia eheliche
409 389 1291 582 nönne, maßen dann er ira anzeigt, e
390 434 1256 641 by hrn decano zu Thun, deßhalb gsi
1288 527 1353 605 er
356 484 1318 727 desenaer vnse e
1237 593 1314 658 se
385 555 1353 786 inen ernolget und sie in eine sölchen schworen
377 635 1348 839 fahl gerharen. Da er sich zu fra nach ver
371 692 1333 888 schleßung der thüren, zs ihr bett gelegte
353 764 1334 953 und seines wellens mit jra gehandlet und
360 838 1357 1035 dem verstand und meinung, er werde sie syne
350 913 1176 1094 fürgeben nach, woll ehelichen mögen
1236 1029 1361 1141 E
347 973 1325 1190 Daruff hin er seine Kind zu den Kuhnen ge¬
378 1069 1329 1247 schickt und sygind sie ein schutz, das ist ein
361 1144 1294 1317 zeit lang by ein anderen als ehelüth gele
1251 1269 1345 1367 2
320 1262 1350 1471 Alß aber sie sich drüber schwanger befunden
352 1374 1349 1516 und es ime geoffenbaret, haben ein
347 1437 1346 1602 fra vermeldet, er wüße imme nüt ze thun
338 1523 1354 1679 sie sölle die frucht zu ehren züch. Daruff
355 1599 1324 1717 er zwar alhor gan Bern gangen, vndt
345 1684 1280 1812 diser ehe halb rhats gefragt, aber solchen
340 1752 1328 1894 bscheid empfangen, das solche ehe nit zuze
342 1829 1317 1964 laßen sye. Nach disem sie heimzuiren
332 1910 1333 2046 Elteren gangen, Ar abr habe hernach Sich
380 1980 1212 2080 mit einer vhematen wellen
301 2043 1339 2147 Alß aber sie in kindtsnöthen gelägen und
337 2106 1333 2219 nit klagen dörffen und von irer muter
336 2177 1315 2300 und geschagen gefragt worden, was jra
332 2244 1306 2385 hyr. ob sie schwanger sye? Habe sie ge
331 2322 1299 2439 antwortet ja. Ob die zeit der gebürt
288 2395 1310 2545 zuhin sein. Sege sie zwüschen tag undt
333 2470 1307 2611 nacht in ires vatters huß In bysiß gemelter
308 2540 1284 2672 irer muter und geschweyen, kindts genüsen,
289 2619 1281 2746 das kind aber sye todt, durch iren Vatter
299 2694 1270 2817 vnd bruder erwentem Lofner gan zenigen
302 2789 1270 2919 tragen und daselbst begraben worden.
188 2927 1258 3092 Nachdem sie ernstwörtig examiniert und be
293 3009 1245 3175 fragt worden, ob sie nit durch ungebürliche
281 3061 1297 3220 mittel die unzeitige frucht zur geburt getriben
266 3129 1281 3314 und hiemit verderbt Item von irem gürig
243 3192 1262 3409 zu solichem angewisen worden. hat sie
1358 2353 1483 2444 syn schro.
1345 2418 1482 2501 er urehe
1351 2447 1443 2537 gechalt.
2463 269 2557 345 12.
1513 352 2499 537 kent weders bim wenigsten gestendig, sonder
1546 400 2589 605 gantz unschuldig sein, auch sich verners in undenschheit
1544 477 2528 647 mit anderen vertrabet ze haben nit bekennen
1531 638 1656 710 woll.
1501 619 2556 824 Da kenebens angezognermaßen, sie große rüne
1495 696 2559 876 und leid umb ir erkent und bekenees großes
1521 765 2578 948 verbrächen erzeigt, gott und fg umb gnad
1518 838 2510 1007 und verzeichuug gebetten, sich in dero will
1527 884 2565 1094 und hand gentzlich ergebende und deroge
1509 982 2522 1144 Vrteill erwartende. Aequt supra.
1594 1273 2493 1432 DObemelter Margrett Pleuiner
1797 1378 2444 1525 Diminal poocedur
1460 1570 2521 1718 Alßdonn gegenwürtige arme, von 3 tn 24
1510 1664 2511 1758 jahr alte Margrett Bleüwrer von Strettlingen
1514 1728 2484 1844 vor Vngefahr einem Jahr von Hans Megen
1518 1803 2494 1917 von Schorren Vmb die ehe ersucht, aber verge¬
1524 1873 2494 1974 benlich und er Meyer drüber einer anderen
1517 1951 2503 2045 doch wider deren Elteren willen, die Ehe Ver¬
1511 2000 2519 2113 sprochen und sie drüber hin in verdacht komen
1522 2075 2548 2195 alß wann sie auch etwas anspachs hätte, deß
1508 2147 2522 2256 wegen für chorgricht beschickt und befragt
1516 2203 2553 2339 auch bekantlich gemacht worden, das sie sich mitt
1495 2278 2519 2404 Christen Lofnen Ires Vatters lyblichem Schwag
1483 2353 2467 2486 von Zeinigenleider fleischlichen vermischt vnd
1516 2417 1731 2532 ertraben.
1729 2419 2476 2557 It Sie drüber hiy gfengklich
1512 2472 2507 2615 angenommen und uß ir gden schaldhriß und
1480 2565 2503 2687 rhat der statt Bern allar geführt unnd umb
1492 2629 2465 2750 sendtlich über disen leidigen fahl examniert
1511 2716 1660 2802 worden.
1661 2702 2509 2823 Durch die Ehrennesten, fürnemmen, für
1516 2751 2482 2890 ichtigen und wolwysen herre, hre Abrahsam
1481 2822 2449 2955 kn. pottt deß kheinen khats und hrn Berihart
1493 2906 2449 3029 Tscharner Goßweibel, Is bysein etlicher jrg
1489 2985 2508 3104 weiblen. Die hat frywellig und ohne marter
1493 3048 1991 3149 erkent, unnd bekennt:
1435 3109 2510 3259 Ald sy vor ungefahr 4 jahren sy obneymelten
1463 3204 2471 3324 Christen Lofner von Zeinigen, gedienet, vff
