3024 4032
544 131 1399 404 eeene
568 226 1471 499 v den
545 283 1469 548 ihrem söhnli Gabmel (welicher by Bagg
550 354 1495 615 gut haben soll) wider gottes gebott, urd ab
540 427 1462 646 ratur zu wider zeuergeben und inne al
536 504 1446 698 Erden zuschaffen, zuo dem Endt, daßer
573 564 1499 786 bigen gnetle in dhandtbringen und erbebuh
1436 666 1483 720 de
541 619 1504 864 dnhe e eht en wite
553 705 1491 919 fronw mit syner gubendilligung ein labk
548 804 1513 1002 gemacht und disers mercuren oder gis
553 862 1509 1079 vil dryn gekuetten, Alß er vermeindte guug¬
541 923 736 1046 gsin syn.
755 949 1505 1139 Disers Läbküechli nun, habe se
547 1019 1503 1202 frouw der alhie wonenden Wildenen Sih
543 1065 1504 1292 ster söhnli, welches sie zwer oder 3 tag jehen
533 1149 1479 1325 geben vnd demselben beuolchen, solches ge¬
540 1222 1503 1426 sagtem irem söhnli zu geben, wie dan beschahen
549 1300 1487 1486 ye, gesagts knabli imma über sein frage
436 1301 489 1406 31
536 1348 1387 1517 mit ja begegnet. Furs erste
463 1470 1488 1684 für daß andere wiewol die khundshaft
527 1579 1467 1702 vermeldet, daß er Güntisperger und sein
517 1633 1503 1765 frouw deß Marti Müllers frouw zum secht
530 1711 1497 1823 tenmal gifft geben, So sye jedoch soliche vun
515 1768 1478 1894 einemal beschrehen, darzu mr Marti Maller
510 1847 1483 1965 frouw sich von sich selbs und unersucht anr
514 1919 1487 2035 botten mit vermelden, wyles er Güntiser
515 1989 1479 2100 nit dörffe in synes bruder Damels huß
495 2060 1483 2161 welichem sein sönli gewondt) komme, so sollen
496 2132 1477 2242 er ira daß gifft geben welchem nach er dra
493 2199 1464 2303 daß merenrium zugestelt und beuolchen
510 2254 1491 2375 sölches entweders in den waßerkeßel oder
498 2311 1461 2442 aber in daß solhzfaß in gedachts synes
493 2396 1479 2510 brudersthuß zelegen, da hernach alßer
502 2432 1492 2573 sin gefragen, ob sy solchem stat gethan. Sie
473 2510 1480 2638 zen geandtwortet ja. Von übrigen
477 2580 1470 2719 In der ufgenomnen information begrifnen
475 2625 1468 2791 imme fürgehaltnen umbständen, hat er nüt
471 2699 1456 2861 wüßen auch verners mit bekennen welle.
435 2745 1471 2923 ussert, daß er mr Marti Müllers frouw nt
466 2790 1478 2977 ein wenig accusiert und beschuldiget, so
464 2890 1465 3038 derlich aber daß sie syner erduuren ver
469 2937 1449 3109 meldet wan sie mittel ghanheiten
461 2978 1465 3182 hette sie irem sonli langest abgeholsen
402 3061 1460 3254 Wyl man eir Guntisperger mithelf
449 3131 1428 3308 wolle. Dises aber habe nur sein from
458 3275 768 3393 angezeigt.
1840 244 2696 454 Hatrina Schaffnowai
1617 388 2648 604 Antreffend Cathrina Schafnouwer vor
1733 451 2659 611 as Bnntispergers frouw, ist selbige
1644 507 2706 709 alß dem oberto stnttal, allwo sie verwardt
1649 564 2726 741 wysen gelegen, ias die gefangenschafft gefürt
1643 624 2703 806 und daselbst auch gebürlich, umb dise besorglich
1648 679 2688 870 gnug verbrachte unnatmeliche action zred
1651 765 2661 932 gestoßen worden, die hat aber sich ganz und
1635 821 2643 983 ärtig und gleichsam ganz unschuldig dar
1646 894 2639 1053 erstelt, auch haben wellen, daß ir mann,
1644 970 2663 1100 Im fal er etwas deßhalben bekendt, imme
1640 1021 2680 1181 selbs und ira unnecht getan. Eß söllenden
1633 1085 2709 1220 auch wa ire ungnetige und ungegrünte an
1645 1151 2705 1277 kleger alß Marti Müller und sein frouw
1632 1216 2689 1345 (wider welche siehäfftig geleseret) vnd
2260 1291 2679 1385 Ihm vbrigen das
1639 1302 2109 1417 augen gestelt werden.
1645 1345 2635 1460 werde eß sich anders mit erfinden, dann daß
1654 1419 2692 1537 ie gedudts wes mans sönli alle zeit sehre
1634 1475 2676 1619 geliebeet und imme anders nüt alß alles guts
1630 1541 2611 1670 geben und mit theilt habe. Sie hette auc
1645 1619 2640 1742 soliches gezigte übel iren zwey annach
1626 1672 2658 1779 läbenden schönen und dem annoch under
1636 1750 2679 1874 iremherk tragenden kindt nit zu leidt
1644 1827 1923 1938 thun wollen.
1578 2303 2634 2431 Er hätt zwarn herren landtvogt Priger alß
1640 2382 2651 2484 geordneter examinator mr Gabeel Gundti
1628 2446 2682 2551 spergers seiner ern und angebner mitpflichtigen
1626 2508 2644 2624 Begerdt, e. Gh. beuelch vomn 74 julii o 1652.
1640 2572 2601 2684 volkommen gung ze than und neben dem hrrn
1633 2627 2659 2743 helffer Cusichio nit allein den gemelt Gündli
1634 2694 2673 2816 sperger umbstendtlich ze befragen, was der anlas
1636 2773 2650 2887 ysin seye und gifft gereden, wo wie und wann
1617 2812 2636 2943 der discours deßhalb sich angehebt, und was
1639 2885 2629 3001 von einem uf das ander ermaget, sonder
1634 2939 2617 3083 auch sein er ernstwortig und dan beide
1635 3008 2642 3141 gegen mmr Marthin Müllers fr absonderlich
1624 3071 2658 3216 zu examinieren. Wylich aber ermelter
