3024 4032
538 158 1520 500 gzen
608 281 1536 563 wl dee
597 344 1515 606 umb gnad und boztichung, sonderlich aber
602 405 1479 640 wyßer über empfangnen eit widerumb
593 469 1516 714 benor erlauchte begnädigung sich ins e
1474 604 1528 665 h
586 550 1513 798 gelaßen, selches aber sye darumb geschehen
556 598 1530 839 das sein frauw domahß, wie auch Intzunde
576 674 1422 887 sehr kranck gewesen, vnd er selber
594 766 1469 963 nit gehen können, unmaßen man inne
1418 831 1522 913 au
591 846 1368 1032 einem schlitten hinyeführen müßen.
451 899 1486 1119 Darneben dann hat Jaggi Stoffel mit
586 1019 1447 1189 wemenden angen und das angesicht
588 1071 1511 1254 halten, das er imme und seinem anfang biß u
1442 1141 1507 1195 e
582 1138 1470 1314 10 ader 12 mahl statt und blatz geben
546 1202 1497 1399 Habind aber nit allezeit mit inen zu esten
570 1272 1512 1438 bracht, sonders er habe inen zum zeit von
549 1340 1528 1509 den ußzognen keiben rv zueßen geben, wele
553 1403 1499 1606 Imme, wyß er gesece, das die anderen es geßen
573 1477 1134 1600 auch gutt tunckt habe.
544 1538 1508 1708 Intreffend ein stückli bruns oder blaies
564 1635 1495 1772 stuch, welches er im nideren frittenbachbe
577 1692 1478 1855 kommen, habe er sölches seiner fre geben
572 1763 1480 1890 welches sie in mitem selkli is einen wog
573 1830 1513 1984 gehalten und jranach nit wider abgefordet
574 1919 781 2021 worden.
481 1998 1495 2143 Im übrigen befindt es sich, das er und sein t
463 2092 1489 2205 von bösen ynzügen und abnemmuug gestl
568 2165 1438 2279 ner sachen wegen den 13. junii 1636.
557 2233 1481 2345 Ans schallenwerck erkent, Den br jei
565 2297 1489 2417 an die marten geschlagen Den 3.tag octob.
550 2377 1470 2484 beides ermelten jahrs widerumb ynzog.
531 2433 1493 2564 und den 17. augusti 1646 uf ein endts
543 2507 1346 2652 glübt deß landts verwisen worden.
407 2599 1426 2775 8t decemb 1652 ist zwar diser schieder der gfange
389 2641 1516 2800 ledig gelaßen, aber doch erkent worden, das im nechsten fen
395 2725 1462 2844 ling er widerumb mit dem eidt verwisen und sein hu
407 2752 1455 2922 zu Staub und äsch verbrönt werden solte, dardurch disen
394 2850 1074 2986 doser ynzug diß aotz ze wehren.
686 2938 1092 3070 athen Kislig.
468 2959 1502 3168 Ufaleichemn tag ist Cathry kislig deß sagers feür
497 3052 1486 3256 zu worb, auch von bösen ynzugsswegen, alher
512 3086 1506 3287 beschickt unnd verhört worden, Die hat nach tden
511 3165 1479 3348 varieren endtliches bekent,daß zwar sie von
497 3211 1485 3441 der gefangnen Madlena gegenet, nach gehslif
2651 308 2733 385 72
1710 350 2741 479 cierte sachen empfangen, Es habe aber sie der große
2648 409 2725 473 2.
1724 412 2629 523 mantgel ire kinder zu erhalten, leider dahin
1717 485 1884 602 versahet.
1706 508 2623 632 erstlich habe gedite zugenen jra zugebracht
1749 576 2661 696 istigs rauws tuch by 40 ellen, welche sie
1701 635 2062 748 h verkaufft
1695 681 2724 819 Schwartz hußtuch 4 alln verkaufft e. 6ilz, die
1712 754 2212 846 ellsthut24 bz.
1708 774 2704 895 denne 1 mantel, den sie noch alhie in iren trag
1716 841 2676 961 worube ir feill habend mu�vorn sye habe.
1630 916 2761 1031 Atem in einem kubel ancen- ungefohr4 maß.
1626 974 2689 1090 Es habe aber der klein Jaggi denselben weidruumb
1716 1041 1876 1142 greicht.
1667 1095 2743 1227 So habe sie wra auch ein stücki käß geben, so znge
1677 1164 2172 1284 führ 6 ßb gewäßen.
1670 1222 2594 1349 bittethefftig umb gnad und vezeichung.
1794 1452 2186 1578 Jaggi Stoffel.
1669 1519 2716 1609 von Saßen by Urrsach ist den 7. decemb 1652.
1687 1608 2674 1687 von Mghl s rl und b zum strang erkent.
1696 1652 2680 1756 vnd darmit vom Läben zum todt hingerichtet
1700 1719 1876 1803 worden.
1732 1839 2497 1954 Madlena Hugenen und
1745 1937 2606 2047 Margrett Brunner vorbemelt
1651 1989 2675 2108 Sind nach erkantnus mahl so R. undt den
1684 2074 2693 2182 7. decemb 1652 mit dem eidt gerwisen uß
1690 2136 2711 2270 geschweizt und an die stirnen zum scheinbaren
1687 2203 2273 2328 zeichen gebrönt worden.
1788 2341 2330 2466 2 eßbeth Branner
1636 2405 2739 2559 So deß hingerich Jaggi Stoffels dirnen und
1709 2522 2741 2603 eben gedachter Margret Brunnerin schwörer
1697 2559 2719 2678 ster, Ist vff ein Eidtsglubt, auch deß landts
1679 2618 2684 2750 verneisen, uff dem tag obsthat. mag vor-
1693 2692 2321 2806 gedachter Myhl erkant.
