3024 4032
754 217 1318 442 nnarision
864 299 1473 536 en
580 314 1460 642 eee
618 415 1485 716 nden
609 495 1481 779 enenegen
568 536 1474 828 e ng
589 623 1486 897 ve
596 701 1481 958 oßert der marter bekendten unthaten un
603 772 1056 917 nchren wie volget,
566 835 1480 1123 Esesenee
585 946 1459 1182 Iulih zu Weringen im dorff, uß eines
583 1018 1483 1272 Buderenhus mit hilss zweyer anderen
589 1096 1488 1302 wybs persohnen, deren die einte Ann und
556 1145 1480 1365 die andere worett heiße, ettlichs zeüg nit
582 1209 1477 1422 frombdet darnon Ira 4 keidts. 2 Ma
568 1287 1487 1489 unnd ein wyber wullhemmli zutheilt, die
543 1362 1479 1576 Diebstahl aber seye ira widerumb abgei
579 1436 785 1522 worden.
596 1523 1483 1720 zu Sollothurn dann seye sie hieuorf mit
592 1643 1464 1803 einer frouwen, so faltsch diken gemacht
575 1711 1466 1878 gfangen gleghen, hernach aber ans halß
579 1803 1477 1917 gestelt unn mit den h gegrichnet, sene
585 1852 1483 1983 eye sie auch alhier zu Bern im schallen
578 1923 1466 2055 werck geweßen und obgedachte
559 1990 1478 2132 faltße munherr daselbst hingerichtet
580 2074 1470 2205 worden. Ivor ungefahr 8 jahren.
502 2245 1479 2394 Ist den 2. augusti alß ein kranckmüetige
559 2336 1456 2457 mit zweyen jungen kinderen beladne
566 2393 1470 2517 fronn uff versprochne beßerung uß und
548 2479 1371 2608 Nach ir heimat gewißen worden.
1216 2710 1329 2793 von
724 2678 1204 2842 Hans Galli
864 2805 1119 2923 Pauops
516 2867 1449 3096 Diser Hans Galli von Hanop der kent
450 2944 1468 3183 vogty guerdten. Ist an letst gehaltnen lande
563 3018 1454 3236 egen im krauchthal alß ein mäßigenden un
526 3093 1441 3326 tächtigr gsell von ungefahr 45 jahren
535 3156 1451 3426 daschen he
2583 231 2661 304 15.
1633 341 2596 548 Im strecke tzurn ernstwörtig examiniert.
1620 388 2694 608 und mit anders, alß daß er von jugend uff
1675 448 2668 684 alß in müßigeng wegen schwachen undt mit
1646 515 2623 724 vilen jnner undt ußerlichen gebrächtigkeit
1667 612 2658 824 affectierten lëbs biß in 25 oder 30 jahren
1650 686 2619 869 Im land dem lieben allmuse nachgezogen
1646 752 2670 934 dannen hor dann er die tüsch so woll als sey
1658 823 2636 1003 welt sche mutersprach reden kan, bekennen
1655 903 2628 1073 wöll. ist er vermag rhatserkantnus
1648 985 2607 1180 Ins schallenwencks yngefeßlet worden.
1748 1183 2348 1365 CCoristyica Küntz.
1773 1316 2401 1435 Jathry Hädorn und
1773 1387 2403 1554 Chisten Schwyzer
1553 1622 2568 1738 Dinach obbemelte zwo dienen, vnd
1621 1680 2694 1807 Schwytzer von Wachßelwald alhar in Ir gst
1667 1771 2688 1900 pfangenscht geführt und drüber den ehren
1665 1839 2694 1975 ersten f f f und wolwysen herren her
1631 1912 2674 2035 Ge�rg iinbolet und hrr G�rg Thorman
1643 1997 2616 2109 deß kleinen rhats benolchen worden, sie
1671 2065 2618 2179 allerseits ernstlich inexaminieren und
1662 2128 2604 2250 nach gestaltsame und befindtnus der sach
1639 2200 2678 2354 Im schweitz  mit zeimlichen marter Fecken
1612 2272 2653 2389 ze laßen und volgents mihe iren sli
1648 2356 2665 2479 ficierlichen vergicht zuuerstendigen Ist
1647 2431 2651 2550 uf hatt den 20. aug 1681 durch ob wol.
1651 2513 2591 2646 gemelte hrn in bysein deß irn groß.
1660 2587 2570 2727 weibels von Wtattenweil und jrn
1630 2660 2676 2793 samuel von Wättenweil, die mündt, ernst
1651 2743 2654 2869 liche exarinaon gegen allen 3 persohnen
1631 2813 2618 2957 sonderlich aber auch die confpontaon deß
1637 2896 2593 3014 Schweizers gegen der Gadornin wegen
1631 2971 2638 3083 der zu großem nachteill hrn haumel und
1636 3051 2625 3178 hrr schrl Im Hoff, ob hetten sie sich nit ira
1616 3127 2586 3242 Zadoriis copuliert. spargierter reden, e.
1655 3196 2642 3318 richtet worden, und hat die eine andere undt
1627 3275 2451 3393 witte Persohn bekent, wie volget.
