3024 4032
597 301 1494 567 Piher Benbens her elin
626 415 995 521 auch ein eheman
572 480 1522 740 Item Pfäfli Uli zu Langnamme in
573 576 770 652 man.
597 664 1500 873 Uß mar Kilantzman zu Langnaue
639 746 945 847 ein eheman.
566 834 1482 1016 Rieli Pfeller hr. shol Bachmans
609 914 1335 1103 Kügen, einer ledigen Persohn
533 1048 1493 1241 Denne habe sie sich vergäßen nechtlich
627 1124 1506 1296 wyl in den ußersten gäßli, wie man
631 1206 1490 1359 von der statt gegen Mühri gaht mit
630 1284 1500 1449 einem schwartz irn oder gr, welche
617 1359 1176 1495 nit wol nüt sich können.
525 1441 1513 1629 Nndentlichen mit dem auch alhie gefangen
595 1542 1498 1698 Christen Schweitzer von Gasli, so auch
586 1599 1133 1726 fer eheweib gehabt.
532 1704 1520 1839 Sind in den zall 11 fichlen. Dannd
607 1782 1276 1903 ufs wenigist 8 ehebrüch.
527 1892 1471 2045 Im vbrigen dann, hat es In keinen
532 1984 1509 2107 wäg glauben und bekantlich sein wöllen
593 2054 1503 2181 das es gesagt, das ehr ehmalt undte
607 2119 1500 2260 ho im Hoff ( zu Burgdorff auch
627 2221 1503 2331 meinscht mit imn gehabt habind und
604 2283 1517 2412 sölches nach geschriben schweitzer, (so fürg
586 2350 1517 2484 das er die wort zu erst von ime gehört und
606 2430 1489 2584 hernach erst spargiert,) und er mundte
630 2498 1495 2660 erhalten. mit vrmelden, das es doch keinen
588 2577 1493 2732 diser gry kenne und habe gesagter schey
596 2660 1490 2807 Ins auch nit angewisen (maßen ese
608 2725 1468 2879 fragt worden, dise hrn angzegeben.
571 2770 1504 2945 sonder (lans Reüwenberg, welcher zu
593 2846 1482 3023 von Rudersweil gfangen gan kaufli
593 2915 1511 3141 geführt und imme anzeigt, es sölle er
609 3002 1502 3194 einen herren angeben, damit mit im
594 3106 1392 3288 desto lydenlicher gefahren werde.
570 3145 1510 3383 Umb dise bekente unthaten, bittet es dott
598 3271 1284 3454 und E g umb verzeichung.
2563 246 2658 330 17.
1756 322 2528 538 pristen Schwytzer vor
1887 412 2509 575 Hahle by Burgdorff
1640 533 2640 747 Weinrol diser Christen schwytzr einmahl
1658 611 2608 802 aßert dem mit ebengemeltem seymütigen
1669 684 2610 860 Meitli begangnen ehebruch und drüberin
1632 743 2576 978 zwüschen imme und seinen er er ernolgten
1626 789 2718 1033 eheshydigung bekemnen wollen. Hat zedag
1693 906 2722 1091 er uf ernstiges und trömrendes zusprechen.
1646 994 2626 1194 Item vo confrortao ermebts frymütig
1681 1055 2694 1216 meitlis nach und nach bekent und versychen
1636 1194 2610 1355 erstlicher habe schon vor 17 jahren einen
1659 1251 2713 1432 fahlen begangen, vnd alhie Im Loch abbuß
1627 1345 2607 1542 Dmmach habe er sich mit einer so sich das
1653 1423 2728 1583 Brätzelen mitli genant auch fleischlich undt
1660 1550 2052 1687 In Frey vegangen.
1625 1607 2682 1784 Deme auch mit den wirthi zu Hasl, daß
1683 1703 2710 1835 aben er sich by dem feymetigen meistli benambt
1660 1762 2739 1886 ira ein jungs gemacht gehaben, sye nit
2350 1839 2658 1958 hat ime
1656 1855 2257 1962 und thüge imme unrecht.
1685 1903 2374 2046 aber solches under mund erhalten.
1609 2033 2628 2157 Etm vbrigen dann, nach den er befragt
1651 2099 2691 2214 worden, ob der wirth und die Wirthi zu
1649 2171 2691 2297 Goldbach, alwo sie sich vill zu zogen umb ir
1655 2240 2618 2356 dv hurerwesen geißt. Item ob er
1640 2318 2680 2432 diser wirthi den jenigen rock und kleidung
1649 2386 2662 2503 so das frymutig mitli antregt, nit abm
1669 2455 2681 2589 kauffe und selbige imme geben hat
1679 2538 2707 2669 er bekent, das frylich sie von disem unwäsen
1676 2615 2679 2745 gneüßt und der wirtt wol so bald selbs
1670 2700 2713 2821 mit diser zur interessiert. Die kleidung
1654 2782 2661 2884 dann antreffend, eachte er woll, er
1668 2850 2609 2969 werde selbige, so sie nit behalt, bezahlen
1929 2922 2607 3034 das feymütige meitli aber
1678 2934 1787 3009 müß
1648 2990 2661 3115 hat nit bekennen wolt, das seines wüßens, de
1660 3060 2706 3198 wirtt und die wirthi etwas von irem hur
1664 3164 2226 3279 wesen gewüßt habind.
