3024 4032
508 284 1424 513 biß In15. In den zahl fleschlich in Hiri
516 363 1444 597 ehebruch, höchlich wider das verbott de
523 455 1452 680 vertrabet und vergeßen, under welche
524 548 1447 733 anzahl sich  ehemeiner interessier
520 616 1068 753 und schuldig befindend.
417 724 1441 962 Nach dem nun hoch gedacht mahl schuldhi
523 843 1446 1013 Rhät und Bürger obgeschribne mißhan
531 918 1455 1102 dlungen und vergicht, der ein und ander
532 1002 1441 1165 arm seligen persohn, angehört, verstande
520 1087 1467 1265 und derselbigen wichtigkeit wol betracht
485 1151 1453 1331 häbend sy uf iren eydt gesprochen und
539 1220 759 1326 erkent.
525 1339 1450 1506 daß sy Christina Küentzi Catharyna Hude
520 1459 1452 1584 und Anna Zimel den nachrichter übergeben
532 1522 1436 1639 werden, der sy all dreyen oben uß uf die
530 1596 1458 1722 gewonliche richtstadt ehneren, inen daselbst
520 1667 1416 1788 der hoüpter abschlachen und also mit
511 1734 1437 1856 Dem Schwardt vom läben zum shod nach
533 1804 1453 1908 geißerlichen, und diser loblich en Statz
525 1885 1191 1999 Bern rechten richen sölle.
484 1990 1432 2143 Ist an der in anderen und 3 persohn den 3.
521 2084 1411 2214 atombris 1651 ernacklich erstattet worden.
694 2436 1384 2595 Gorgenants Hannß
682 2552 1137 2692 Rysharts
845 2678 1225 2863 N2 18083.
525 2799 1458 2979 Hannß Rychardt sunst genantmite
541 2881 1453 3031 von Büren zum hofpürtig, bekhennehr
515 2921 1456 3116 Daß zwar ich wegen myner begangne und e
534 2988 1450 3194 thenten mißhandlungen, sunderlich aberwegen
546 3046 1451 3221 Deß vor jahre zur felchlindach entfömbet
534 3100 1411 3287 Reißgeldts wol verdienet hedte, daß ich
547 3141 1458 3343 übrigen dreyen maleficanten auf günttscheide
536 3227 1457 3417 sollen von läben zum thadt anderen zhuo einen
2525 165 2608 239 26.
1593 238 2605 432 oreupel hingerichtet werden, wylen aber mihne
1614 284 2616 466 nedige herren und oberer mir deß hhandtsver
1587 331 2631 544 kont und zuo usstehung einer linderen unndt
1601 399 2599 582 igerer urtheil verfoldt, sunderlich aber
1577 453 2629 632 Iah von dero stedt und wnder ewig verbauen
1598 521 2575 681 hat und verwisen, so erkhennen und bebhenne
1595 542 2606 732 ich hiemit disem vrpfed wan sach ware das
1584 632 2598 792 Ich über disen myner eydt ich mich inhochge
1594 655 2647 847 slcht inghrn und oberen stette under land ynlaßen
1582 720 2610 898 daeselbige betretten und durch wanderen wurde
1585 793 2619 959 das ich von deßwegen den thot ohne gnad wol
1587 855 2587 1001 verdienet habe undt inghrn. diser loblichen
1571 896 2650 1059 statt bero, hinrichter laßt mögen und söllinde
1578 964 2599 1128 in krafft dises vepfensmit deß gricht.
1586 1040 2632 1201 schrybers eigner hundt underschriben, actum
1574 1106 2177 1249 2. Septembris 1651
2129 1161 2617 1310 Efellenberg gricht.
2055 1248 2637 1385 Schreiber der Statts
2375 1321 2571 1431 Bern
2600 1362 2673 1451 2.
1674 1593 2646 1749 Maisdie Caspart von Oruergne
1705 1690 2659 1808 und mitthaffte gfangne uß der ficadi
1858 1773 2393 1900 und hampagne.
1570 1921 2628 2051 einach zehrgs fürgebner maßen) Frantzo sey
1595 1999 2562 2105 teills aß der pecardis hampagnes vndt
1604 2075 2591 2174 Anuergel alhie durch Kaßieten wollen, vndt
1601 2128 2555 2245 gantz verdechtig by disen schwünigen ze
1573 2185 2626 2316 sonderlich, das dry grunstbe nit muren glich
1595 2264 2605 2373 ynbundnen Bruustbuchleren, vnd welche brs
1583 2329 2571 2458 2 gleich lutzend gewesen, hander zn gefunden
1604 2403 2649 2536 worden, sind gedüte gsellen, misten teilb uf
1598 2492 2646 2605 hatt ernstwordig durch herren Geörg wibe
1593 2570 2576 2698 let daß  vnnd hen Sammel Lerber
1602 2635 2521 2764 beid deß kleinen Hrnn sannels zur kinden
1592 2722 2607 2854 hrr frantz Bidrs irn Großw von Watten
1612 2795 2563 2926 weil, in by syn etlich ir g weibeln, ernst wig
1618 2873 2639 3002 wörtig und by betröüwung der marter exami
1611 2963 2612 3065 niert mr Caspart von Auvergne aber
1593 3020 2605 3149 (wie wol der eltest) wegen angebung seines ge-
1603 3099 2628 3224 spanen faltschen namens, vnd ragierers, an die
1608 3136 2632 3303 einfaltige marder geschlagen worden. habend
