3024 4032
522 219 1373 460 Mehr Hanßen Wyß zu Ober Alchisten
558 318 805 412 4. Grat.
543 415 1451 652 kenne zu zutswyl 3 man und 1 wyl
537 517 799 606 Hembder
568 623 1420 793 so habendt sy auch zu Ruchse dß einen
571 717 1451 867 in einer stuben gestandnen trag, darzu
549 771 1435 936 syn gspan den Schlüßel bekomen, ent¬
556 846 1445 1013 frombdet 2 e. Weß aber sölche ysin
566 924 917 1020 w��e er nit.
541 1009 1434 1209 sund endtlichen zu Mörißwyl in einem
568 1126 1462 1312 Bersten huß, habindt sy auch mit einede
562 1193 1071 1319 5 f entfrömbdet.
502 1342 1419 1518 Nachdem um myhren schuldtheiß ratt
563 1440 1438 1581 und Burger diser roplichen staltper
542 1532 1458 1644 Disers gegenwürtigen armen möntschens
553 1598 1451 1709 begangne und bekente mißlandlungen
578 1657 1447 1771 abgeläsner maßen angehördt und verstene
543 1729 1439 1836 dieselbigen wol beobachtet und erwage
556 1798 1455 1917 abendt sy uff ihren eydt zu rechteren
560 1855 961 1995 undgesprochen.
545 2023 1449 2179 Daß er Hanß Rydardt dem nachrihter
559 2117 1445 2250 ubergeben werden, der inne obenuß
566 2186 1444 2336 uf gewonliche richtstadt fhüeren, imme
521 2251 1433 2406 Daselbst syn haupst abschlachen und also
564 2321 1449 2447 mit dem Schwardt nochweißerlichen
558 2390 1465 2533 und dißer stald Bern recht und fryeten
530 2457 1441 2631 vom läben zum thadt zinrichten sölle.
498 2610 1438 2796 Den 8ten novemb 1651. Ist dis verteil ansin
530 2721 903 2854 erstattet worden.
2524 226 2639 307 13.
1739 288 2264 466 Cheiten weniger
1771 391 2174 515 von Glterfinger.
1590 430 2601 677 Alß er, wie auch syr sohn und sohnsfromw durch
1621 545 2594 715 den zu Rtiggisperg eben diser tagen ußgeristnen
1611 600 2626 783 Hanß halb der mitpflicht eines schafft diebstals
1555 663 2618 877 halle accusiert und drüber gfenklich alzer
1616 715 2634 927 gefoüert, ist er, wie auch gemelte syn sohnsfr
1609 778 2619 984 Auch Hanß Drachsel im Jaberg über verdachten,
1613 842 2664 1052 bohen hegeg ernstwörtig durch peschen, Margnard
1608 926 2633 1118 Rächeider deß kelenen und jr Großweybel
1604 1001 2613 1170 Von Waltenwyl deß großen rahts gami.
1614 1089 2595 1241 niert worden, und hat er wyniger ein
1628 1135 2634 1330 by 70 jahren alters gebrochner herschäffter
1609 1204 2641 1383 mann nüt erzeigtem rawen unnd bekendt
1621 1298 2651 1465 wie daß er syn sohn und tochterman, alßo die
1614 1380 2625 1543 sy einanderen in einem huß wohnendt er
1629 1427 2641 1600 wendten bösen zuben 2 mal beherbriget,
1622 1531 2649 1658 und 8 schaf, welche er falb und syn sohn
1641 1593 2652 1747 entfrömbdet in synen huß genetzget
1628 1687 2543 1835 und theils daselbst genoßen worden
2443 1747 2609 1858 tes
1628 1813 2670 1946 derglychen syge von imme hienor nüt erhördt
1630 1896 2643 2015 worden. Solder er habe sich alles erlich
1629 1964 2660 2074 mit syner handt und schonbdewer arbeit
1630 2031 2665 2157 erhalten und fürgebracht, Inmaßen er auch
1635 2093 2660 2230 gesemnet mit Galles helf fer zmut,
1628 2175 2677 2297 nach vermögen gethun und sich vor mißhandlah
1597 2255 1885 2374 feuerhüeten.
1517 2345 2623 2494 Ist den 7t ao 165. vfin Coaher ledig faßen w
1789 2446 2391 2575 Barbara Müller.
1865 2540 2323 2654 aber kurtzenberg.
1615 2646 2249 2772 obnermaßen hat Barbar
1635 2737 2257 2839 Wynigers g und deß dod
1639 2800 2275 2899 sohnsfrouw sich dises dieb
1651 2866 2165 2960 und bekendt, daß solche
1615 2937 2211 3058 Vff Hanß halbs vorfuern
1632 3009 2227 3119 metzger, aber dra nüt de
1634 3071 2146 3193 Wie dan sy auch Solches
