3024 4032
133 3089 265 3182 No:
468 163 1366 453 biese heermen
488 340 692 454 nommen.
480 273 1375 553 nen ehege
693 430 828 530 zwar
416 448 1357 682 So habe er auch 6 jahr lang Anna Baun
487 534 1365 747 ohne kirchenrecht nach sich geschleipft und
457 585 1379 823 ihro 2 kind erzüget, aberfra die ehessen
515 654 1358 846 und synit zu kirch geführt, wyß man imme kel
517 707 1365 897 übel ertein wöllen, ohne führgewisens m
451 756 1366 959 Item seye er zwar Sereidts biß in daß
471 805 1363 1035 I1. Mal alhier in dem schallenwerck ing
453 876 1369 1090 feßlet gsin, aber nur an den landtiegenen
471 952 1361 1138 alß ein verdächtiger müeßigender gell
468 1018 1364 1207 ohne einihe andere ursach gfencklich ange¬
444 1090 688 1187 worden.
324 1173 1361 1404 Wyters habe er mit hilff seines zu Riggisten
476 1296 1363 1460 gefangen gewäßnens gespanen und schwah
464 1391 1352 1520 Hanß halbs (welcher june wider den
455 1460 1352 1593 letstgeschwornen eydt durch glimpfliche
455 1528 1331 1646 wort ins landt und zu vernewen dieb,
454 1604 1328 1724 stälen gelökt und angereitzt, Im
440 1666 1317 1788 Guggisperg umbher entfrömbdet
437 1730 738 1845 Namlich.
447 1884 1341 2030 Einer gwüßen fry im gofel wochafft
454 1988 1327 2097 2. Ellen stamet sellenwülligs und
445 2048 1348 2163 17. Ellen Lynigs tuch 1n roche mit eine
446 2114 874 2238 gut tuchenen shefi.
353 2288 1342 2413 Widerumb 2 wyberräck, deren eine
406 2376 1324 2502 zu Constorff verkoufft worden, in bahr
417 2445 1134 2586 willig hosen und 4 lb an gebt.
343 2553 1335 2748 Item Melchiar Däpren im albschen hobind
400 2651 1325 2803 sy tags uß der stuken entfröündet
403 2766 733 2880 bleibts tach.
380 2825 1302 3011 Disere nechst geschribnn Stuck Sindt luth
378 2920 1313 3091 Freywebel wängers uberschickten vere
390 2975 1313 3173 heihnuß hinder imme in einem bündtel
1066 3044 1317 3160 und den te
397 3079 1060 3236 funden worden
386 3089 1313 3325 lastigen ander Vereatenatter
1382 1616 1461 1706 16.
2460 264 2548 340 32
1472 307 2415 513 Wyters habe er entzig uß einem hußzu
1551 376 2578 548 3. Kynlacken und 2 ellhaßtuch, so auch in dem
1556 436 2564 609 winder imme gefundnen bundtel annoch vorhanden
1546 546 1931 671 gse entfrömbnet.
1520 615 2581 810 Item gemelten Melchier Düpfen ein Stuckfleißch
1504 785 2508 933 Mehr Melichiar Tschäppelerin abnit 1 bahre
1552 857 2313 998 wullig hoßen und ein wyber rock.
1512 983 2532 1158 Item habe er entzig vor ungefahr 3 jahren
1540 1074 2511 1198 einem buren by kilchtorff 2 brot und ein
1533 1172 1871 1272 B�lleli Anken.
1459 1271 2542 1401 Auch vor ungefahr so vil jahren zu Tegenstorf
1538 1356 2533 1482 tags uß einem imme unbekandten huß 2 silb
1523 1433 2549 1559 Becher, deren der einte durch syn 2 irnen
1530 1503 2535 1617 alhier verkoufft, der ander aber durch Inne
1525 1585 2558 1705 an einem gwüssen orth (darumb mighen bereits
1532 1678 2536 1785 gnugsammer bericht geben) nerehret worden.
1472 1781 2525 1941 Wyters habe er mit erwendtt Hanß Halbs
1525 1888 2398 2028 nachvolgende diebstäl begahr helffen.
1479 2011 2000 2152 zu salnach 6 Brold.
1468 2150 2488 2298 zu Muleren im wirtshuß auch etlich brat
1504 2248 1775 2353 und 1 käß.
1497 2338 2516 2499 uf der landtgarben ab einer rtangen 2 hembter.
1490 2502 2434 2660 zu Steinen tags uß einem schafft etwaß
1499 2585 1967 2685 knckens und mäls.
1502 2701 2474 2841 mehr zu Urlach vor ungefahr 2 jahren
1511 2787 2528 2910 uß einem huß so an wag stande 4 lynlatten
1499 2906 2474 3073 Item ufem kurzerberg uß einem haß heiße
1493 3006 2479 3137 hinderem knübel zur zyt deß Balmarischen
1485 3067 1776 3187 zugs 2.
