3024 4032
570 199 1286 431 Jacob Wuller Men
680 303 1226 477 Margespenland fn
267 313 1357 627 Alß Jacob Bueler von Hossen vßen Marr
465 482 1405 703 landt en tagwer von 30 jahren alters
498 538 1397 756 ungefahrlbch, so sich ein gute gyth alhie umb
480 594 1395 818 e g statt in summerhüseren und matten
496 670 1399 898 sonderlich nach jüngst in hrr dauid künge
495 742 1389 928 undenns ufgehalten wegen eines forlich
476 792 1395 1001 Gundtisperger dem Wadtman alhier
464 877 1397 1074 umb einen sehr gringhen verkomfften behenten
493 946 1389 1145 in nit geringen verdacht kommen, Ob were e
466 1014 1397 1199 der thädter deß an einen jungen von Straßbur
480 1091 1383 1247 pnreig gewäsnen buch beider gsellen
458 1145 1388 1316 ußert der papper mule vor ungefahren
476 1222 1395 1386 einem monat begangnen mordts, welcher
447 1270 1389 1473 Getell inhalt eines von Basel yngelangten
473 1332 1392 1509 Berichtschrybenst in solicher bhenck abet
469 1409 1399 1568 anderer kleydung an sich getragen etc. habent
446 1480 1395 1640 hochgedacht e g uß dero halbenden sherit
428 1537 1392 1707 lichen gwalt, die erdorderliche notwein
433 1614 1383 1770 ediges inquisition thun und uf inne Büeber
453 1694 1388 1840 geflißenlich achten laßen, inmaßen necht
429 1776 1382 1889 deer schaime donstag morgens unsonderhet
461 1827 1393 1966 in bffecs gestelt und er Büeler deß
436 1906 1375 2038 selbigen morgens zwüschen 6 und 7 uhre
466 1972 1370 2072 an einem verdächtigen ungewandten orth
430 2035 1374 2136 namlich by der stoß schwennr pfenklich
465 2105 1388 2202 angenommen und drüberhi des 23ten eb
442 2166 1366 2272 uß e gs benelch in dem gewönt Streiki
454 2229 1377 2345 thur durch die edlen eremehten en
437 2310 1358 2434 hoch und wolehrende herren sey gebrgh
424 2376 1363 2502 Horman e g mittraht, Wrn Großw
455 2429 1363 2562 von Wattenwyl Ir wasth Zudiricg von
427 2513 1378 2623 müllenen, Irs Fridenrich vng vntternommen
434 2546 1363 2711 fr Hanß Jacob von Banstetten hen dand
424 2622 1365 2772 dender den eltisten und hon Hanß Stattler
440 2678 1378 2874 nührn der Burgeren ernstwortig fründe
413 2738 1381 2916 und beweglich, nach allen circumstanti
407 2798 1374 2996 und umbstenden der lenge nach exammnior
410 2887 1354 3063 und durch den scharpff-richter einmit
419 2943 1369 3163 lär uf zugen und torturiente worden
357 3061 1311 3255 Der hat nun darüberhin verrchen und
392 3191 650 3293 bekendt.
2526 229 2609 314 39.
1625 283 2579 460 Nachden er vorettwaß abgeloffner wochen
1639 360 2593 525 sich hinab in syn heimet begeben, daselbst
1638 427 2616 577 Itwan by 10 tagen verbliben und drüber
1639 487 2610 633 widerumb sich das land hinf gemacht habe
1613 590 2564 729 sich zugetragen, das er uf dem fromrbt mun
1629 624 2586 758 veld by der steienen seul und Taffelf
1608 675 2606 852 zweßwüße imme deß übernamens halb
1621 759 2596 884 unbekandte meiner ussem guggesperg.
1615 802 2611 970 uß der Oberen kilchäri (mit denen er auch
1625 891 2613 1003 alhie in laür und ernd züthen gearbeitet.
1608 958 2583 1099 sitzenfunden, die habindt jnne und hingen
1623 1011 2614 1170 er sy gefragt, woe sy harkommindt. Nachdug
1621 1087 2614 1208 um sy einanderen uber ihrer reciprocierliche
1619 1153 2610 1280 fragen. namlich das er von Basel und sy von
1602 1210 2601 1359 Sollmar harbommdt und daß sy nach huß
1617 1290 2590 1420 wellindt, habindt bemelte iwen menner
1611 1352 2575 1502 von dem vor ihnen hergehgangnen hienor schon
1617 1425 2593 1550 mit ihnen conversierden handtwercks gsellen.
1621 1504 2598 1594 angefangen gereden und gerathen, wie sy inne
1618 1552 2598 1684 alß der sihl gelt bysich habe, wellindt uftyben
1590 1618 2592 1735 Er aber druber vermeldet, daß es mit
1611 1694 2544 1812 gebe Sittenmal es alle Zyth volk vf dem
1599 1765 2540 1874 wäg gebe und was schon diß nitt ware
1591 1816 2595 1941 die sach doch nit verschwigen verblyben, sonders
1609 1886 2574 2017 ußrommen wurde, ungeacht aber deßen
1594 1955 2565 2037 abindt sy das widerspihl und vermeint
1556 2021 2550 2135 Daß freylich es wol seiz keoüne sittenmal
1607 2085 2529 2178 einer zu der ander dort hinuß kommen.
1599 2153 2553 2271 und der thodter an ein aborth gelegt werde.
1592 2222 2570 2328 könne mit diser resolution, wan ein-
1578 2290 2548 2396 mal diser andtwercks gsell nit werde.
1571 2352 2508 2476 zu Jagistorff verblyben, wollindt sy
1570 2429 2546 2547 Ime im grauwenholtz angryffen, masser
1572 2497 2551 2615 dan der einte under gedachten zweyen gent
1574 2565 2519 2682 Hauß disen gsellen im brauwenholtz
1591 2640 2536 2758 anschlachen wollen, er aber habe sölches
1577 2703 2547 2784 damahlen erwehrt. Nachden aber
1571 2769 2471 2842 sy fürbas gegen dem scheidwäg der
1579 2839 2448 2952 Pappyr Müle und Nuwenhuß komen
1588 2901 2500 2993 und es bereits nacht ware, habe und sy
1593 2970 2469 3092 sich mit einanderen deß angriffs halb
1569 3048 2531 3169 dahin underredt, daß namlich erwendter
1572 3107 2537 3237 hauß mit synen steken den angriff
