3024 4032
617 230 1515 502 der segegen altse
610 298 1489 541 bringten, und habe uß hr. sectelndo das
619 363 1495 574 Matten der guß fr oder irer dochter, daß
626 438 1512 655 2. röck un i par wüllig hosen mit
614 495 1519 730 hen strümpfer entfrömbdet. Die selben
579 548 1474 759 zu jra bracht und daruon jra in den
626 654 1526 853 einen der selben röcken angelegen geben, u
603 697 1519 936 die hostn in das fürtauch geben. Welches
606 760 1506 985 biß zu den 2. speicheren znden bim lhor
592 833 1490 1055 getragen, daselbst widerumb abzoge
608 929 1492 1101 und der gwendten Marien geben, die s
603 1010 1506 1175 In die statt getragen, daruon ein roct
610 1078 1523 1274 und die gosen einer gwüßen langen küffen
601 1156 1517 1337 frauwen, deren mann ein klein mannli mit
613 1254 1523 1398 einem kleinen Bärtli sye, so umb die stit
586 1305 1491 1467 herumb und unlangst bein neüren huß
602 1412 1497 1543 gearbeitet verkaufft. den anderen
585 1477 1527 1646 rock dann habe sie maria behalten, welche
578 1548 1489 1683 deßelben abents zuzölligkof über
604 1619 1485 1749 nacht gewesen, vndt morgens by deß
588 1701 1510 1824 gemelt küffers fr dises rock unde
565 1761 1473 1895 Hosen gesechen und domahlen von irer
584 1859 1495 1993 mittdiebin veranlaßet worden, a necht
589 1926 1507 2057 zinstag darnach in die statt ze gehen nit
544 1973 1498 2129 Ursprechang jra alßdann etwas fürsen
588 2077 1403 2207 teille deß diebstals werden ze laßen.
831 2293 1353 2426 Anna Aniß
928 2389 1210 2501 vorgemelt.
563 2444 1483 2583 Ist zwar den 23tn diß monats jun
568 2535 1499 2653 uß ir g beuelch zwey mal im streti
583 2588 1503 2729 thurn lähr ufzägen und sonsten erbst
574 2666 1486 2776 wortich durch den wolfdlen etc mynen
559 2722 1488 2881 hochgeehrten herren hry sichmundt von
582 2776 1486 2942 erlach ud dren rahtsglid und ir Großn
578 2844 1474 3010 Weybel von Wattenwyl in byse
567 2910 1485 3119 ettlicher weyblen examiniert worn
563 2978 1478 3134 att aber mehrers nit bekennen wollen.
524 3020 1483 3243 Dan daß sy bereits bekenter maßen
542 3117 1483 3333 zwen stöck und ein bahr hosen nit en
556 3203 1460 3425 gwüßen wybs persohn, so sich Marn
2609 339 2701 415 49.
1695 359 2719 493 namse, eintfrombden helffen und darneben
1686 457 2729 583 ettwaß obsteß und saltzeß uß Saltzfessleuch
1664 533 1941 648 zun Suppen
1673 593 2671 734 Item daß hieuor sie mit ihrem man Hanns
1671 637 2729 814 probste, so jetzundt im Niderlandt sich befinde
1677 733 2717 871 7. Woch lang alhier im Schallenwerk znge
1678 801 2687 937 beshlet yßen. Aber nur von deßentwegen
1664 842 2715 1001 daß sieanderen ohne kirchenrecht
1682 940 2722 1076 we shlüth mit einanderen umbher gezogen.
1658 1009 2696 1176 Dise begangne unthaten, sagt sie, sy gindt
1661 1123 2689 1263 ihra von jertzen leidt deßwegen gott
1662 1205 2680 1317 und e g umb verzychung bisende, der
1653 1260 2714 1403 vertroffen hoffnung, Es werdindt dieselbiger
1679 1337 2718 1471 an diser jetzigen abstraffung ein gnediges
1665 1410 2677 1533 vernuegen nemmen und ihra dreyen un¬
1667 1479 2725 1601 erzohnen kinden. auch ihrem schwängers
1658 1559 2692 1687 lyb gnedig wyters verschonen, mit veren
1662 1630 2629 1753 sprechung nit mehr in derglychen oder
1660 1702 2434 1842 anderen ungebühr ehegerachten.
1668 1814 2679 1937 den 26. Juny vs ein ensur ledig gela¬
1657 1886 2151 1993 und In ir heimet gewisen.
1847 1995 2284 2115 Ca par Meyer.
1890 2090 2290 2205 Von Stänißburg.
1601 2155 2701 2280 Nach dem Capar Meyer ein alter 70 jährigen mann
1652 2252 2629 2321 von Stauißburg durch meinen gochehrender herren
1619 2317 2665 2407 hro odor Morlott Er 9 mittehat, nilts hr
1601 2365 2710 2458 Nirlans Stürlen und iro vrdscweibel von Watten.
1649 2423 2661 2540 weil feß großen rhats, jn bysein etlicher weibel
1635 2490 2662 2603 das er g gefangensch über die von 2 au ynge
1651 2555 2654 2672 langten schrifftlichen bericht den 3tn julii 1652.
1645 2626 2691 2729 ernstwörtig examiniert worden, Hatt er drüber
1643 2676 2248 2787 bekent, wie hernach volget.
1613 2758 2689 2878 ertlich, sye er schon hieuor zu Thun by zeiten hr
1606 2837 2673 2928 Bachmans prafectur gefangen gsin, torturiert
1630 2886 2688 3002 und bekantlich gemacht werden, das er entfram.
1634 2963 1863 3044 bdet habe.
1649 2996 2599 3118 pflug 3 Wagenschine 2 werdenen Heinr
1637 3076 2655 3201 gantz 2 halb kisen underschidenlich persohnen.
1584 3147 2619 3264 Item dem seckelmt rast zu thun und dem gy von
1608 3216 2676 3348 Relligen uß der schloß Schüren zu Thun gnon  jete
