3024 4032
864 199 1283 388 Vt. Arder
964 294 1433 518 er  s
643 409 1358 624 ler d ite
602 458 1506 698 Euggestein nechtlicherwyl zu Trünsten
1343 542 1488 651 ser
587 537 1519 768 Enunst Muhrern mit einen Nepber
613 586 1500 809 einen Speicher vngebohren, vnd darug
578 635 1450 849 korn entfrombden wollen. Ist Er
592 721 1485 936 ob der thadt ergriffen und pfencklich
585 763 1503 1001 durch den Freyweybel zu Mügsingen
594 820 1528 1056 alhar geschaffet vnd vß E. A. beslh
563 902 1521 1118 durrch nichh zr Gleitahr Haer Perstli
602 966 1526 1180 mitrahl, hrs lamtnacht ventucum
588 1035 1518 1247 und fr Gerosweybel von Wattenwyl
531 1122 1515 1315 Den 28tg decembr 1652 y der pfangesch
597 1188 1522 1357 ernstw�rtig exammiert worden. Der
591 1255 1519 1440 hatt bekendt, Daß er drey spiher
574 1331 1514 1490 vnbohren, vnnd etwas wenig gedrides
550 1404 1405 1564 dens eintfrombdet, Namlich
515 1514 1505 1714 Vvor einem jahr ungefahrlich zu dolbischer
559 1634 1488 1763 darus er dru mes vorn bekomene
555 1735 1470 1899 Item alß nun bald vor einem jahr
575 1835 1465 1959 man inne durch glimpliches vergeben
560 1902 1479 2017 dahih gebracht, daß er seiner ehe unndt
569 1961 1478 2075 handtarbeit ohne nachtheil und schaden
543 2034 1506 2154 den sich, leider, selbs lyblos gemachten
532 2104 1476 2215 Riggli Pigler zu Rychigen an sein orht
560 2173 1508 2287 und labweg schaffen helffen, habe fur
551 2223 1510 2349 soliches an seiner arbeit hin und her merc
555 2305 1502 2451 geschadt, also daß wo er hinkonnen, men
556 2360 1487 2518 seinen nützit begerdt und wollen. hiemit
551 2453 1481 2602 sein wyb und 7 kinder nit verners
544 2495 1495 2669 erhalten können, Sonder hunger vndt
565 2569 1493 2737 mangel lyden münesen, so inne beweht
557 2665 1429 2838 grad in gedeüts Biglers spycher
551 2711 1482 2913 uß unkent und wier willen gelohren
535 2767 1477 2982 vnd Inzebrechen, Darus aber habe
543 2857 1475 3033 er nit mehr alß ein halb mes korn
517 3008 764 3102 bekommen.
528 2986 1485 3203 Zeidtens dan syge er uber gedachts muhrer
510 3092 1427 3298 zu Trinnsten mit einem repper
513 3116 1477 3390 fingers groß, welchen der dreywegke
2652 263 2751 362 16.
1667 342 2697 473 hinder imme habe gebrochen. Darob aber
1669 393 2719 550 durch einen sundt, so imne angebollen, verahr,
1686 472 2679 613 und besendiget worden, also daß er
1703 543 2232 675 mit daselbst bekomen etc.
1657 645 2717 791 Disere unthadten aber, die er uß großem
1675 712 2705 860 junger und mangel verbracht sygnnt
1679 782 2710 926 ime hertzlich leidt und bette gott unnd
1706 842 2518 987 in e oberkent umb verzychung
1633 965 2664 1099 Ist den 29. decemb 4 monat lang ins schallen
1653 1034 2050 1132 werck erkent
1851 1204 2315 1360 usanna Schach
1938 1306 2214 1392 von Krame
1584 1363 2666 1485 Ein junges unküsches seckli ist wegen be
1688 1440 2684 1530 gangnen 3tg fählers luth beuelihs.
1700 1485 2599 1565 von 27. kung mit dem eidt von Stuf
2408 1546 2677 1658 Ete
1695 1543 2312 1638 und landtgwisen worden.
1683 1605 2088 1723 28. jani 1653.
1833 1751 2381 1901 Meliser Muliman
1956 1841 2373 1926 von Sumißwald
1652 1865 2605 2009 Ist von Trachßelwald wegen etwas
1658 1975 2695 2063 begangner diebstählen alhar ins schal
1730 2025 2691 2130 werck geschickt, vnd vff hatt, vff an¬
1718 2088 2687 2199 halten seiner hrn Barbli schmeider ledig
1720 2150 2602 2238 gelaßen, aber grad daruf uf gnad
1704 2210 2630 2312 hin von Statt vnd Landt endtlich
1730 2271 2684 2395 wisen worden. Aiti 16. febr 1653.
1729 2472 2663 2617 Emanuel, vnd Hanß Gotschman
1913 2563 2330 2648 Vatter vnd soht.
1546 2701 2703 2854 ach dem schon hiener er gs benolchen dyßig geachten,
1636 2767 2695 2873 Das deß von gryburg alhar komnen Barthlome
1633 2831 2667 2961 Rmalds sohnli alhie nit für die wacht hins
1651 2911 2653 2998 gelaßen und nachsetzend maßen widumb
1661 2989 2662 3096 nach Eeyburg In das fnster Thal, abge¬
1645 3054 2005 3159 führt werde
2014 3038 2599 3158 uff zinstag den
1646 3102 2667 3232 22. febar 1658l gedüts sohnli mit Hanßli
