3024 4032
721 179 1315 394 Madlena iler
939 308 1248 483 n
577 289 1453 595 at
609 386 1373 597 dn ahe vte ngeshenn
618 459 1408 678 ten sraff 2 stund ans halßy
607 524 1479 772 gestelt worden, vermag, nhh erkent,
808 716 1396 964 adena monius
891 857 1292 987 von Alfermen
541 843 1496 1130 Aorg  et ge ate
552 966 1488 1195 ht werde, disen d
596 1066 1483 1245 und faltschen angebens ires kindt
579 1122 1489 1337 vatters wegen mahl landt bißuf
595 1213 1494 1400 erlangte gnad wechen und nit bete
573 1278 739 1403 solle.
783 1453 1174 1604 Uli Blaser
547 1535 1474 1731 Es ist zwar Uli Blaser von Langnauw lich
562 1651 1454 1786 beuelchs, den 21. Juni 1652 durch meine hoch¬
576 1708 1452 1837 ehrende herren gro Christophel fellens
547 1785 1455 1924 deß rhats fr Burckhart Fisch und ir
522 1845 1451 1993 Großweibel von Wattenweil der Buegt
542 1929 1454 2051 Im kefithuren enstwörtig examiniert
544 1992 1454 2114 und befragt worden. Der hat aber
550 2070 1462 2198 mehr nit bekennen wollen, daß er böses und
535 2159 1460 2275 unredliches gethan, alß das er vor 8 tag
489 2224 1461 2355 Zur Cronen alhie Einen fätschwyn, vnd
508 2321 1446 2440 zwar uß anweisung eines gwüßen käß
528 2372 1462 2519 grimpplens von Wilisaue mit welchen
549 2453 1428 2609 e 9 maß in einem keller habßge
528 2545 1439 2680 truncken, untragen habe, Der nemng
545 2616 1442 2760 er dinselben dem Wilisauwer zu bringen
534 2670 1438 2819 wolle, das er fürgebuen naße in stuck
466 2761 1438 2930 danß hauwen könne. Dieselbicg aber
493 2852 1424 3038 sye uf sein widerkunfft nit mehr verhanden.
519 2927 1442 3086 gewesen, vnd die Jnnge Fr deren de
502 2996 1442 3174 fäß gewäsen dahar kommen, Also das
509 3069 1441 3252 er imme widerumb uß dem sack herfürge
512 3140 1448 3322 nommen und en drüber gfengklich yngt,
505 3194 1474 3421 sitzt worden. Mit versprechender beßeng
497 3389 880 3498 und verzeichung.
267 3318 1449 3643 ast uf ein gute leher und abtrag erstes ledigere
2596 236 2712 350 46
1816 321 2285 535 Jacob Seen
1707 478 2634 690 De mnach vor etwas abgewichner Tagen
1695 582 2632 737 der droben verhaffte Jacob Seen seines
1716 641 2689 792 handtwercks amn hechler und alters 20 fürich
1683 703 2701 863 Deßen vatter auch Jacob Seen und zu Bittere
1701 769 2705 916 pürtig und ein körber gewesen von seinem
1698 827 2699 974 meister Peter Balt, welcher hrr landtnogste
1686 918 2690 1043 knechts rebman am alten berg verklagt
1707 988 2602 1117 worden, daß er sich mit abschühlig er
1690 1042 2656 1169 Vnkunschheit, vnd vnchristenlicher thadt
1704 1118 2657 1263 leider nachdem hur fürbracht worden.
1677 1201 2672 1338 vertrabet, und vergeßen. Ob wölicheren
1697 1282 2684 1399 sein frouw Sara Mägeli, sonst von
1683 1339 2650 1481 Morse pürtig inne enttart und funden
1687 1419 2663 1540 habe habendt e ge benölchen daß
1695 1498 2687 1630 er ernstwörtig drüber sölle examiniert
1692 1561 2670 1680 und wyters erforschet werden ob unnd
1700 1640 2655 1774 was er verners für unthatten möchte
1686 1699 2662 1832 begangen haben. Demnach sein bekandt,
1682 1782 2692 1908 aus dero fürzubringen. Ist den 7. junii
1690 1866 2650 1985 1052. demselben durch suchhen, Ien
1695 1930 2648 2044 Bendicht Marthi l G mitraht. hr
1685 1993 2684 2121 Rielaus Stürber und drn Grosweel
1679 2097 2639 2201 von Wattenwyl in bysyn etlicher
1675 2165 2666 2305 Gseyblen statt beschechen und erwendter
1654 2242 2621 2378 Jacob Sein gebührendt ernstwortig.
1657 2311 2645 2446 doch frundtlich in der kefi exammation
1664 2411 2629 2524 stuben befragt worden. er hat ein
1648 2479 2618 2592 darüber, mit zwar etwas erzeigtem
1685 2560 2618 2670 eüwen und verzychung beten. Aber doch
1665 2625 2664 2751 verstocktem hertzen leiden nachvolgende
1668 2695 2650 2819 Hage mußhandlungen bekendt begang zehaen,
1661 2790 2647 2951 perstlichen alß er vor 3 jahren by Hanß
1675 2897 2610 3012 Knöri ufem Herenberg gediener unnd
1647 2942 2634 3084 denn Rtosten gehuetet, abe er sich dor
1657 3019 2625 3151 mahlen uf der weidt bzum ersten mal
1670 3102 2634 3221 leider mit einer syn Hanß Knöriß ge-
