3024 4032
505 166 1444 437 daß sy nit beseing seye und daby
524 255 1460 506 zwyfel gestanden, ob sy dieselbit
524 320 1422 538 hinuf schaffen werden kominds foden
527 403 1467 633 darumb dan mr Bendicht Heggiß fr
517 462 1449 684 Insonderheit nebendt anderen wybere
528 537 1479 774 sich diser Gündtispergeren so wyt ang
536 621 1468 825 nommen, biß sy sie in ir huß gebrochtn
536 703 1463 886 welchen sy die bättelogt nut nach
530 754 812 860 gevolget.
826 772 1455 952 Nachdem nir sy disen
531 823 1447 1025 arbeit sälige fr zu ir huß gebracht.
521 894 1472 1096 gsin und sy die rättelvogt vermeint
507 983 1468 1178 denn von inghen schuldthesen empfangen
520 1047 1478 1254 benelch statt zethun und sie in dem scpiel
494 1111 1471 1314 ze fhüeren, deßwegen sy widerumb er
516 1202 1468 1382 gryffen w�llen. Habe sie sich widerumb
519 1253 1460 1453 ner gnuor unardig und gantz unseme
530 1342 1443 1496 erzeigt und gesprochen, daß es umb sy
496 1423 1458 1580 geschechen seye, dan sy habe übel gefälten
519 1485 1445 1652 und syge gott behüet unß deß thühes
465 1578 1438 1718 Daß also sy sia in ihrem hus mießen
495 1652 1423 1795 laßen verblyben und verhüeten biß
484 1721 1447 1875 daß ir vatter dahar kommen, dene
496 1796 1122 1938 sy seil annertrüwet.
487 2002 1373 2169 Hanß Rydolff Vor Geyeis
671 2110 1279 2220 Burg alhie, Excusation
335 2200 1438 2345 Den 8ten diß monats julii 1652 hat der thene
477 2302 1422 2393 f f e. hrer saumel gnser er aß mittrhat mit
468 2361 1420 2476 uund neben hrs Burckhart Fisch und Frg vielans
450 2427 1426 2536 Stürler der Burg den nun eine gute zeit dies
463 2489 1423 2614 In den gfangensch in einen kästen verhafften
440 2578 1429 2684 Hans Rudolff von Geyers krafft empfangen
459 2634 1408 2755 beuelcht, vber die den 18. junii nechst hin, noch
446 2701 1399 2836 9 uhren nach mittag an der Crützgaßen an
452 2763 1418 2908 jr Hans Jacob VonBonstetten und fro nutzin
438 2809 1393 2979 von Graffenriedt verübte unredliche that
445 2874 1405 3029 emundtlich examiniert, Der hat daruf emn
449 2967 1274 3134 sich sabstantzlich also entschuldiget.
364 3014 1426 3222 St ach den er gemelten tags neben 2 anderen fur
405 3079 1441 3272 der burgs von gewüßen geschafften wegen, bysend
410 3147 1421 3345 muter an der Beinengaßen geween, daselbst gesti
2570 226 2656 311 55.
1579 284 2629 501 und truncken biß abents ungefahr umb 10 uhren
1587 375 2649 544 daruf er alß wolbezeiht, heimgaht wöllen undt
1608 422 2663 607 imme seine schwester gezeindet, habe sich an der
1612 492 2628 651 eützgaßen sich zugetragen, das in durch fahr man
1611 540 2600 704 imme nachgeschrunnen und ine getadlet, wes
1611 594 2617 766 aber söliches gethan, und was eigentlich diß fir
1617 667 2613 816 worst gsin, könne er nit wüßen. Daruf sye
1617 731 2596 869 er alßo bald vor der affen 2 hären un berstoßen
1605 793 2665 935 worden, daß er uf seinen dägen gefallen, undt
1605 864 2667 1004 weil man hüffig uf ine gelägen, ime mit füßen
1606 931 2647 1081 uf seinen schaden geftträtten und sonst übel ta
1607 1000 2618 1125 ctiert, (maßer er darum lang einen blauwen
1575 1079 2686 1215 Lyb gehabt) welches Inne zur defension gemacht
1618 1157 2600 1293 an sein by sich gehabtes meßer, so er eben am tag
1588 1227 2653 1362 zuuor im lubhuß gebrucht, zegedencken undt
1601 1293 2644 1410 selbiges zugebruchen. Diß aber sye imme von
1605 1364 2623 1482 hertzenleid, so weit, das wann er gewüßt hette,
1580 1412 2585 1541 das es sölche hrn gsin weren, die imme den tag eines
1506 1478 2652 1623 Läbens kein beid nit gethan, sonders die jeigen stad.
1614 1560 2651 1673 lich aber ir g s schs von Graffenrird sich seinen
1592 1620 2659 1748 zu besten angeomen und von imme zur euatter
1599 1695 2644 1811 schafft erbätten laßen, Er sich ehe hette wöllen töden,
1607 1770 2639 1887 laßen und sich einfaltig in geren setzung getrösten,
1607 1831 2610 1953 alß gegen inen zu wehr gestellen. Io 8
1601 1910 2647 2015 dann hernach sich vrnars uf seinen heimwag zäge.
1609 1970 2584 2078 tragen, könne und möge e wegen der imme
1597 2037 2578 2153 von den schlechten tractament zugestandnen
1603 2109 2638 2217 blödigkit nit wüßen. Habe auch hernach do
1611 2169 2672 2276 man inne bim huß behendigen wöllen, anders nit
1574 2258 2606 2347 vermeint, dann es sygind eben sein vorige parsy
1596 2295 2635 2424 vorhanden, daruab darin er die t hüren verspertn
1608 2371 2596 2484 und sich mit einem schäffelig zu wehr und dl
1574 2442 1961 2552 fension gestelt.
1564 2503 2641 2630 Das by sich getragne und gebruchte mes betreffend
1612 2569 2596 2682 Bezage er bei seinen gott, daß erselbiges weder
1605 2649 2605 2748 uf dise darmit verwundte herrn nach jemanden
1613 2704 2584 2815 anderen getragen, sonder habe soliches schon von
1607 2765 2623 2879 7 jahres uß einer kling zu einem hußmeßr mach
1629 2829 2384 2945 laßen und daßelbig sie ihme so vill ge
1689 2898 1988 3002 muten worden.
1533 2937 2578 3076 Im übrigen dann jm Casbengst seines käbwen
2335 3039 2572 3115 begerene
2261 3024 2335 3105 So
1634 3039 2200 3134 ens halb ein bediren trag in
2343 3091 2581 3171 infermann
1659 3092 2197 3191 e den nachbugen und an
2464 3141 2580 3236 an
1614 3141 2230 3263 f jedoch kaint end
