3024 4032
454 224 1355 471 Zur Bränzigkhoffen habe er, wie tür
518 339 1396 542 gaspan halb angeben, spfel geschidtet und
500 400 722 493 genomen.
453 471 1398 713 zur Herblingen mit hilt deß halbe syn
497 611 1392 766 gefonnen ein steinkratten vol grunkinsen
498 652 1405 845 genommen und dieselben er undt sein gehrn
505 705 1026 820 gekochet, und genoßen
485 825 1396 1014 Denn so habindt gedachter halb und der
499 910 1391 1064 alhier verhaffte Hannß Ryhardt der nüg
491 963 1390 1132 gett auf einzeit in synem huß4 käsen.
503 1036 1378 1186 versteckt, wo sy aber darmit harkommen
506 1092 816 1194 wüße er nit.
482 1172 1375 1358 Er vermeldet auch daß auf einzeit, die ob
504 1267 1359 1433 vermelten beidt syne gespanen in synem
488 1326 1383 1490 hußzur opligen Fleisch gekochet und genosen
506 1395 1413 1568 und imme zwbar auch ein wenig darunge
502 1471 1401 1610 möge aber auch mit wüßen, wo sy darina
491 1521 932 1628 harkhommen syendt
495 1631 1389 1798 vernerer unthatten ynbrüchen noch einhe
491 1739 1396 1856 andere gemeinschafft mit ihnen insunderhein
485 1793 1384 1923 mit dem gedachten stülli gethan geze haben
488 1856 1075 1976 wil er nit gestendig sein.
480 1930 1375 2086 Bittet Godt den Almmachtigen vnd ein hoche
472 2029 1368 2140 gnedige Oberkheidt vmb gnad vnd ver¬
467 2092 1365 2196 zeichung und zeigt darneben an, wie daß
484 2147 1353 2263 die große armut und auch insunderheit
466 2213 1390 2318 gedacht. Hanß Falb inne hierzuo gereizt undt
483 2275 1396 2377 getriben, In dem erfalb ima gesagt er soll
487 2336 1381 2445 mir mit imme eß müße nun nüt schaden, er
477 2396 1359 2518 habe eben so wenig guwässen alß es ec.
286 2429 474 2541 dahein
433 2535 1389 2696 Den 30. octob 163. ist diser kinzi gfin
465 2603 1399 2769 gute censur und verhöffende beßernang, wß
469 2662 1390 2825 er von erlichen elteren geboren und etliche
445 2729 1390 2904 unerzogne kinder hat, ledig gelaßn worden.
435 2793 1402 2983 jedoch das er die begangnen diebstälers
2456 317 2553 391 zur
1745 371 2119 481 Narti Rolli
1705 431 2170 551 von Bruntrutt
1544 510 2481 668 Nach dem diser alhie in der statt durch die
1603 574 2593 723 gewohen alß in müßiggeng und verdechtig
1591 645 2531 800 ung gsell ergrifften und hinf gesetzt
1578 710 2527 839 Ist er seines labens handels und mandels
1608 764 2563 906 halb durch meinen hochehrenden herren Bndrhen
1598 814 2551 959 isching ernstwortig examiniert undt er
1575 882 2557 1001 gragt worden. Den hat aber keie andr
1590 945 2531 1098 unthaten bekennen woll, dann, daß eis
1604 1000 2571 1142 berets 2 mahl alhie gefungen gsy, vndt
1608 1074 2589 1216 einsmahl von Münig allar gebracht, dan
1615 1134 2535 1296 er ob öffnung ines kellers bezag undt
1605 1219 2549 1367 hernoch alhie ußgeschmeitzt und zrichnet
1606 1335 1771 1423 worden.
1574 1389 2605 1500 Vß den Thurnbucheren aber hat es sich erfundt¬
1568 1439 2619 1576 das er den 3tag aug mit ruten geschmeitzt und
1589 1506 2592 1658 In sein heimet gewisen. Den 5. Julyi widem
1585 1579 2594 1692 von statt und land mit dem eidt und den 8t.
1590 1652 2534 1790 znm 1649. das er den letsten nndt übersichen
1614 1720 2595 1852 widerumb geschmeizt gezeichnet und uff die
2246 1795 2456 1905 1648.
1612 1804 2239 1912 grentz geführt worden.
1513 1880 2115 1996 Actem 27 octob 1651.
1597 1961 2576 2056 Ist uf in urperd inghl landt nit mehr zube
1484 2005 1581 2128 s
1607 2038 2554 2121 triften by kyl undt läbens straff mit
1592 2092 2578 2217 dem eidt von statt und landt verwisen worden.
1583 2164 2114 2274 den lit d octob 1651.
