4032 3024
1234 195 1624 357 etwuchenn 24h
998 297 1613 429 Octobris deß 137eb a
981 368 1620 494 Iste durch mich Barthlon
973 434 1642 585 Lanndtsthi grichtschryber inn
1004 509 1630 631 bysyn der weyblenn myner
1058 586 1300 691 9 herren
1065 721 1670 860 Jacob Linders deß wäche
1068 797 1612 906 uff dem kilchthurn alhie
1095 853 1587 963 Irlicher hußfrouwenn
924 925 1663 1065 Inn der frouwenn kheli iun befrage.
975 1016 1680 1121 ung nachvolgennder sach fürghalten
971 1079 1644 1173 thnn wordenn, wie das minenn
981 1140 1671 1240 herrenn jung äsßnen ghat
980 1196 1668 1313 hubwir digktlichenn fürkommen
961 1263 1683 1363 das sy letst versthinnens frytags
980 1333 1680 1424 glych nach dem morgenbrott, salls
992 1385 1687 1497 desselbigen tags, Irs bruders s
963 1460 1670 1547 Jacob Truber genempt ✳ vonn einer
956 1515 1659 1624 ubersächner warnung wägenn
968 1576 1682 1678 Auch das er sich zuuor ungehorsam
997 1646 1668 1745 erzeigt an das ehorgricht
993 1709 1648 1817 rschynen ✳ vengthlich angezogenn
959 1771 1675 1880 vnnd inn das loch gleit wordenn
988 1822 1686 1955 zu dem Phorweybel Vinrentz vom
959 1897 1658 2019 Wärenpels ann miner g h huß
993 1980 1703 2085 Hhomen siy ✳ unnd innemit hormp
992 2032 1691 2123 ein gmit und unwurst angreft
947 2073 1719 2199 Ouch fun solchen, oder der glychen wo
929 2136 1719 2253 tenn zu im gspprochen, was machen
977 2188 1699 2311 dherren mit neynei knaben, sy
971 2256 1720 2389 thundt inn unrecht ✳ unnd brinhent
985 2315 1707 2430 gwalt mit in sosundt jaf
1014 2390 1724 2499 bipenn uchs, Meyster Lantz man
977 2447 1709 2563 macht mit vnns, vnd mit dem
967 2487 1728 2617 hrnaben, das mit verfacht und mit
1002 2576 1661 2690 ol Ain herren hannd nun
967 2638 1622 2755 bruder Inn Furn gleit
1714 157 2413 323 unnd inn lan strecken ✳ unnd
1724 262 2492 387 hand im ouch unrecht than, mit ine
1730 319 2463 445 ghandlet unnd gmacht das mit
1738 389 2496 495 verfangen seige, feymacht man mit
1745 455 2472 560 den selben Hanns Hubern irs bru¬
1749 514 2468 629 ders stunh ouch also tc. mit ern¬
1770 580 2463 675 siger vermannung hierüber die
1778 646 2486 763 grundtliche warzeyt zubekennen,
1708 754 2492 869 Daruff sy Ir verantwurttung
1781 827 2499 928 also gethan, es sye nit an, dann
1788 895 2492 997 das sy obangeregts tags inn
1790 966 2474 1065 eyner h h hus gangenn,
1754 1020 2426 1129 der weynung ✳ unnd willens
1775 1091 2510 1179 vermeltem hubern ires bruders
1812 1160 2515 1265 un so inn loch glagen, welch
1796 1223 2439 1329 er der wydrigen tagen von
1818 1277 2498 1390 von einem stpröttysen, so im
1805 1338 2428 1459 vff das gerist eins fustes
1809 1410 2501 1509 genallen, gsthent und verletzt
1815 1469 2508 1543 worden, etwas selb zugäben,
1817 1527 2474 1628 vnnd zebringen, deßhalb sya
1812 1595 2516 1697 den ehorweybel gepätten traze
1814 1660 2535 1765 vorgunstigen sya zuim ze lassen,
1815 1729 2529 1828 das Er fra mit groben, ruchen
1837 1786 2539 1896 wortten zethund abgschlagenn,
1840 1849 2553 1960 mit wellichen, Er sy ouch also der
1838 1914 2562 2024 massen angeuallen, das er vnd
1835 1980 2552 2087 anderem lauffen lassen, sy hätte
1807 2039 2577 2151 Inn vor ettlichen luthen verdacht
1838 2112 2532 2212 vnnd bestholten, er ware mit
1837 2160 2574 2285 Zuchten, vnd gunst vor Eerenden
1840 2244 2582 2343 Iren zemelden grob ußher, ein
1938 2308 2589 2412 schläefer, damit sya angrit.
1844 2318 1931 2414 I
1834 2372 2542 2473 ten by einem arm eewütiht
1855 2435 2561 2535 unnd us dem hus zushen, oder
1851 2498 2564 2605 tossen wöllen, ff söllichs sy
1842 2566 2592 2676 ouch uff syn fürhalten, des sy
1854 2621 2395 2738 sich unschuldig bewüst
