3024 4032
296 548 390 640 131
472 607 1401 761 er en wort elserung ze sich, vann nn im
494 698 1350 824 bigezelle, und mußte dargleichen achen
508 753 1383 889 ehen, wüße gar mit darvon ja er haben
506 831 1019 940 ei ein selberum woffel.
472 941 1383 1071 Abreit gesagt, er habe by minen dur
497 1011 1361 1146 n enttschland solche gutte kundt, nun ds
501 1093 1404 1198 tein borger solche ihr haben wurde, Vann
493 1147 1332 1252 dise gesagt habe, so uyn solichens par
499 1209 1367 1333 ane pare Ambition und Vanire beschachen
485 1258 1356 1397 nn e sich in eentschland nit ussgehalten,
492 1324 1383 1457 alß zu zindelbung 5 tag alßo das era
500 1390 1351 1512 selb gar kein kundssame habe, Wahl
490 1443 1359 1541 Adnnn villicheer sein, daß er gerndi habe
485 1505 1395 1598 habe in kolland by etlichen großen sarn
488 1563 1365 1687 hulle kundtsamm gehalt und halle konnen
477 1636 1366 1742 In Consideration kommen, wann ar sich by¬
488 1700 1069 1804 zm halle ashalten wollen.
470 1852 1389 1973 Waib doch inn zu solchem vorhaben der¬
477 1910 1381 2026 gleichen wuchlige sachen zu ammen zulragen
485 1970 1330 2080 veranlaset; Geinslich mit andars
475 2027 1386 2149 Alß wais e bereits bekant, tsamlich A
478 2104 1321 2226 bußer gedinnen, und habe er an solche
465 2159 1352 2300 sachen gar mit gedunckt, biß herre aingis
466 2216 1378 2342 rahtschreiber Geiß durch andern alß durch
446 2302 1332 2411 den schonschreiber andrins zwey bucher
481 2374 1320 2464 oetrecbund das defensional lonsen, und
453 2426 1354 2549 Din armatur in in d schlößerin habe ab
486 2500 1329 2606 schreiben laßen, da er dann ruchtlich ge¬
485 2562 1345 2665 ehen, das es zum den Pfennung iit gonnen
484 2623 1350 2724 möge, und inn, Wann die sachen auzge¬
485 2670 1359 2786 maht, nüt mehr under handen laßen werde.
466 2751 1346 2858 derolegen er solche sachen habe wollen zu
470 2812 1342 2914 sammen tragen, damit e lubund heren wiisen
492 2870 1333 2976 von denselben auch bericht geben konne.
472 2997 1387 3129 olgents ist er nochmahlen vermahnt worden,
498 3083 1419 3180 angmühtig anzuzingen, wan sein binder
485 3144 1357 3254 Heiderich von seinen sachmufnwyßenschafft
488 3206 624 3308 gehabt.
728 3210 1407 3302 min besondern, alß das ertum
478 3259 1420 3373 sachen zubracht, mit beduken, das er intentio
497 3332 1376 3440 nier seye, zuseinem nihen mü oßi
1727 3465 1782 3571 A.
1711 494 2711 755 zumachen vnd gewuße sachen In ein Auch
1741 584 2750 814 zusammen zu bringen und darby gefrag
1752 668 2764 858 Ob a zn helffen wolle, allein die achen
1749 693 2780 916 mußen gehenn ein, darauff er zum Andar
1750 775 2784 997 chudenliche sachen, Wie im buch zusachen, abzu¬
1747 825 2817 1070 schreiben geben habe, Maßen er vor 8 tage.
1743 907 2803 1098 jan zur herren Obrist Beisching etwas geschliben
1750 984 2727 1158 sein bruder iun gefagt, ob el zum mit
1755 1007 2810 1243 helffen wenn, deßen er zun aber abgewisen
1761 1055 2829 1286 alß einer sach, die erselbten habe machen müßen.
1713 1265 2707 1470 Welches seinem Bruder dem Hrderich
1752 1331 2820 1538 Ist vongehalten worden, mit zusprechen, mann
1765 1417 2764 1583 erfahre von tag zu tag, das er in den sachen
1766 1467 2822 1625 nit rüchtig handen, sondern villmehr von seines
1757 1529 2818 1700 Bruderis sachen gewaüßt, also er aber biß hinhar
1773 1617 2824 1772 habe bekunnen wollen, maßen sein rruder
1760 1686 2812 1850 außgesagt, das erumn oßah und such machen
1766 1753 2790 1897 wolle esummn mugen und hiemit nüchtlich
1772 1838 2786 1957 habe schlüßen konnen, daß solches m an.
1785 1874 2808 2034 beuelch, wie er aber vorgeben Burmeint zu
1784 1973 2820 2087 haben, Ja auch noch erst vor acht tagen zum
1787 2030 2757 2144 nin finst offeriers und gefragt, ob er
2525 2110 2727 2182 arauff
1775 2117 2246 2210 zum helffen nomm.
1784 2174 2740 2292 2 Manchi Feerin die examinalorius ge¬
1782 2238 2772 2358 Bellen zuglauben, daß was er gethan, auß
1778 2289 2804 2414 leiner vorsutzligkeit beschechen zesein, sondern
1790 2366 2737 2474 Aillmehr auß ohnußmihen vnd schwach heit
1780 2429 2782 2536 einer gedächtumb alß in Nangel darin er sich
1786 2502 2809 2586 eib an alle umbsand agnnern wonne allein
1749 2551 2808 2666 daß sey gewüß, das er kuin Bußenschafft gehabt
1764 2618 2793 2730 daß seinen bnders verfahren nicht rucht sege,
1756 2686 2799 2779 danne manchmahl discourriert, das er diesahen
1790 2751 2799 2851 dunn noch Haußnunen, Wann er wolle, haben
1780 2810 2796 2921 die brgheit solches zethen, Haber hinmit der
1787 2872 2757 2977 meine nit zufahlen, wann uff anhalten
1792 2936 2710 3042 eines Bruders er znn habe gehelffen
1792 2993 2434 3081 creiben. daß er zum gesag
1799 3030 2797 3124 seyn aber dißmahlen bekant, das sein bruder jnagesag.
1808 3099 2538 3150 wollen nm oßih aaseinen auze machen.
1793 3150 2670 3218 ast er aber erst vor acht tagen nun nun
1776 3166 2756 3264 dienst unters offeriert haben solle. Ist er
1811 3228 2787 3319 nach langem endtlich bekantlich worden und
1806 3288 2734 3395 sich dahin neymmant, das die sach zergangen
1817 3355 2722 3456 eyn, Weilen sein bruder dazumahlin mit
1798 3416 2726 3526 habe enden wollen, habe er inn gefragt,
1810 3487 2741 3585 16 jnn nit jemand zu disen sachen angewisen
1799 3544 2734 3631 Solle einmandem gurschonn londer hochm noch
1798 3597 1952 3666 idarin
2068 3595 2733 3678 en gar eimandt, Wanni
1795 3639 2593 3726 wahrn, ertedete nimandem verschenen
