3024 4032
251 303 330 397 35
495 403 1426 565 stuben habe gehen und das schloss ablassen
508 493 1438 629 wollen, darann er aber verhinderet wor¬
516 555 1432 688 den, also das er alsobald wider in die kuchi
511 631 757 719 gegangen.
503 691 1449 820 Pätten aber ins gesamt in aller under¬
506 755 1440 900 thänigkeit ir. gden. umb gnädige verzie¬
511 820 1446 948 chung, dass ire verrichtung und sorgfalt
503 891 1322 1005 einen so schlechten aussgang gewonnen
463 946 1108 1061 Actum 16. martii 1685. j
617 1196 1270 1312 Weitere information
1160 1269 1237 1335 jrn.
628 1279 1191 1387 wegen evasion dess
688 1336 979 1428 von Wyls.
362 1504 1441 1640 Nach dem von ir gden. uffgetragnen
500 1596 1441 1710 beuelch hatt mhhen. Güder mit bythun
476 1660 1453 1764 dero dieneren dess eynungers und gricht¬
494 1720 1456 1829 schreibers mit dem examen auch gegen
466 1778 1416 1896 die jenigen herren, so zur zeit dess jrn.
484 1848 1434 1951 von Wyls evasion in der stuben gewe¬
484 1894 1426 2002 sen und ime darzu verholffen haben
461 1960 1428 2083 sollen, fortgesetzt und gestrigen tags
476 2029 1416 2140 einen nach dem anderen von der her¬
484 2092 1449 2216 gangenheit solcher evasion und wie weit
470 2156 1422 2272 der einte oder andere darzu geholffen
481 2228 1428 2336 befragt, mit ernstlichem vermahnen ire
490 2292 1407 2405 ussag uff die warheit zugründen, weilen
491 2356 1425 2472 sy selbige mit dem eyd werdind bestätti¬
475 2429 1026 2536 gen müssen, da dann
562 2547 1423 2669 Niclaus von Wattenwyl hen. zu
450 2601 547 2667 Jr.
432 2621 1367 2757 Diessbach by seinen gutten trewen und
465 2683 1456 2826 ehren zügete, dass er bym geringsten weder
479 2764 1458 2879 einichen raht noch that zu solcher evasion
472 2816 1445 2959 nit gegeben, auch das wenigste nüt dar¬
462 2887 1397 3013 von gewüsst, sondern alss er denselben
456 2952 1429 3101 gantzen nachmittag by jr. Niclaus Meyen
444 3007 1399 3164 zugebracht und er die statt hinuffwolte,
429 3086 1414 3221 habe er en passant by der cronen hen. Jo¬
451 3155 1405 3279 hannes Müller angetroffen und nach
461 3209 1424 3346 dem sy einanderen gefragt, wie es umb
419 3271 1445 3416 den jrn. Steiger von Wichtdorff stande, ha¬
451 3328 1393 3472 bind sy endtlichen anlass genommen, mit
2680 391 2787 483 36
1807 516 2712 671 einanderen den jrn. von Wyl alss iren
1817 608 2763 746 gutten fründ zu besuchen, darauff sy sich in
1808 664 2802 793 das hauss zu ime begeben, by demselben
1819 716 2803 840 aber niemand, auch seines besinnens kei¬
1815 791 2805 896 nen weibel ussert hen. Anthoni von Grafen¬
1817 830 2824 948 ried und jr. Theodor von Diessbach angetroffen,
1800 894 2817 1040 welchen er seines unglücklichen zustandes ge¬
1825 948 2786 1089 tröstet leid geclagt und darby tröstet, in
1796 1020 2740 1162 zwüschen seye hen. Emanuel im Hoff an¬
1824 1077 2803 1203 kommen und gesprochen, Monsieur de Wyl
1804 1149 2817 1257 sauvez vous, sauvez vous il est temps
1819 1204 2813 1336 oder anderen gleichgültigen worten, dar¬
1808 1269 2809 1395 auff er alsobald seinen abschied genommen und
1787 1319 2760 1439 darvon gegangen, uff der lauben aber by
1785 1394 2795 1499 dem weibel Walthart sich etwas uffgehalten
1819 1450 2757 1566 und befragt, wie er die sachen gegen jr.
1795 1496 2794 1628 Wolffgang von Bonstetten betreffend iren
1820 1558 2830 1699 process verrichtet, biss hen. Müller hienach
1819 1610 2779 1748 kommen, jedoch alles ohne einichen vorsatz
1819 1699 2769 1809 ime in seiner pflicht darmit verhinderlich
1795 1759 2820 1869 zusein, also dass er gantz unglückhafftiger
1817 1817 2817 1924 weis in disen labyrints gekommen, habe
1811 1870 2808 1976 im übrigen, so lang er da gewesen, seines
1816 1934 2759 2029 erinnerens kein weibel in der stuben
1819 1989 2817 2095 gesechen, wolle auch gar gern uff begehren
1807 2052 2688 2156 den eydt zu diser seiner ussag thun.
1732 2196 2813 2345 Hr. Johannes Müller dann zügete
1811 2292 2793 2389 ebenmessig by gutten trewen, dass alss er
1810 2353 2842 2454 die statt hinunder kommen und nacher hauss
1822 2419 2860 2501 wollen, seye ime etwann by jrn. hauptmann
1810 2458 2846 2571 von Mühlenen hauss jr. Niclaus von Watten¬
1819 2536 2836 2656 wyl begegnet, welchen er gefragt, wie es
1826 2595 2821 2703 umb den jr. Steiger von Wichtdorff stande,
1793 2667 2822 2783 darauff er jr. von Wattenwyl ime geant¬
1810 2722 2784 2846 wortet, er wüsse es nit, er habe zu ime
1810 2786 2785 2897 wollen, habe aber nit können, mann lasse
1815 2852 2794 2953 niemand zu ime, dargegen er ine auch
1813 2905 2794 3010 gefragt, was macht der Brecht von
1805 2966 2799 3092 Wyl, ob er noch nüt by ime gsin seye, sy
1815 3042 2859 3151 seyind jederzeit gutt fründ gewesen, wollind
1805 3095 2811 3196 gan sechen, daselbst aber habind sy by ime
1805 3159 2855 3247 in der stuben, ussert hen. Anthoni von Graffen¬
1815 3223 2856 3349 ried und hen. Theodor von Diessbach niemand
1805 3300 2851 3427 angetroffen und alss er ime condoliert, seye
