3024 4032
172 2735 354 2841 Maria
184 2814 316 2906 gahn
528 452 1451 628 und magd habe  f Tein habe ninmahlen
543 564 1412 677 kein anderen kamm gehabt noch geführt
538 622 1470 736 alß sierre dormenten, welchms mann zu
527 686 1480 797 Fruyburg erfahren könne, da er sich etwann
532 749 1449 849 vor 8 oder 9 jahren auß permission deß
530 807 1463 918 drand ricarre durch h rombard en legise
517 876 1439 977 de st sierte, qui estoct une peribe egtise
517 935 1469 1032 mit marie Maideret du caste destages odem
497 995 1448 1108 Kahle Genih Madderets nums bauhten soch
513 1051 1150 1165 ter habe copulierin laßen.
484 1148 1441 1269 Ob sein schwacher nit ein reinhauwer und
515 1222 1445 1333 Aumm oder lahm am libsege her wuße
502 1280 1468 1384 nit, daß eam Seinhauber uyn imvbri
499 1345 1349 1457 gen sute it graden nitb gleicch Imm¬
484 1405 1416 1536 Ob die magd, weil sy by Junß dinesten
490 1486 1398 1598 gewesen, linmahle danck gsin  Nein
476 1557 1442 1676 Ob sy seit minen jahr continiierlich bytum
470 1626 1422 1747 gen f ja usert zuchen tagen, da etwan
485 1688 1429 1807 vor einem nonat sy gesag. sy wolle zu
454 1755 757 1830 Annr Müllur,
442 1825 1398 1972 Worumb er sich zu Lnzburg habe sandelln
473 1908 1263 2019 wollen.  Wegen seiner unschuld.
439 1948 1406 2102 ob e nit vergangen jahr zu Milden mone
448 2048 1374 2165 perveires gelonsen, auch vor suches Jahrn
437 2095 1352 2229 berins zu Wunnes außgeschmeizt worden
409 2168 797 2269 seyn.  tem.
420 2240 1388 2362 also, das er im übrigen bysinner hinorigen
433 2313 880 2426 Declaraon durulibus.
372 2502 1376 2641 Denne ist nochmaylin befragt worden
406 2585 982 2698 Maria Zahn die Magd
385 2677 1358 2812 Waus sich zrum Meiter gesagt habe, da es
406 2759 1384 2861 vor einem monat Urlaub gnndung hinr tub
410 2812 1351 2937 land zukommen . Habe gesagt, as wolln
381 2882 802 2977 zusemer mutter.
347 2944 1328 3083 Habe doch gesagt, als habe kein Vatter noch
374 3044 854 3151 Mutter mehr, s
854 3049 1331 3165 Sein Müller seyn im
389 3106 1379 3214 kingeblongen umbzogen und habe nit gewüßt
358 3166 1337 3278 woselbige seyn darumahln habe is der¬
373 3222 1342 3349 nome, daß sy bides zeumkommen sein solle.
2792 372 2872 469 74
1747 525 2828 709 Worumb ins dem s nit die warheit gesagt
2567 584 2868 691 Sain Meiser
1757 642 2402 778 das ins sinde kind suchen wolle.
1769 672 2726 841 habe nit gewüßt, daß ins ein kind habe.
1756 737 2899 926 Worumb ins selbiges habe suchen wollen  Mnolen
1769 812 2842 1007 ein gelenze heren zu Straßburg selbigens habe
1769 908 2770 1044 annemen vnd ohne on erhalten wollner.
1744 985 2906 1148 Wie es wider nacher Straßburg kommen und wann
2376 1051 2810 1194 alß n von
1748 1085 2373 1223 daselbten wider germüßt.
1775 1106 2908 1267 ainer hrren von ollmar Kamuis Madln so sich
1771 1175 2877 1340 vill umb die stall gmon usbhalten und sällle
1770 1262 2870 1400 vernommen, das sein kinder nit zuar seyn, habemi
1767 1302 2898 1449 sich nachdem eis die halbe zum minsen Cantz habe
1769 1384 2896 1527 Annken helffen, als bald lider lort des an
1756 1465 2870 1602 sel zugemacht und daselbsten under dem sum
1767 1498 2865 1654 geseßen und grad mandmist alß ins ankommen
1778 1574 2839 1708 oIm minnten tag beschechen, wander mit dem
1754 1678 2050 1778 Mr Jurmeist.
1729 1732 2827 1848 Worumb die hel nit mit seinem mrgangen.
1774 1817 2326 1931 seyn groß schwanger.
1758 1896 2830 2019 Ob siiner hrren vatter nit penis maideret von
1754 1990 2805 2052 snhte zeisen und 16 s nit ain Runhauwer
1761 2045 1863 2130 eyn.
2053 2028 2845 2124 Solle Dens Maideret hinsem du
1758 2090 2841 2205 cosee dessusle riere Zreyburg und ui Stum
1756 2150 2841 2258 haubem sein, wie is von ander lichten gehört
1741 2221 1861 2300 abe.
1731 2296 2777 2423 Ob er inn einmahln gesuchen. H Aloann dor
1753 2375 2829 2487 1 jähren in minem dorff ob Sollothern habe
1750 2426 2780 2556 es inn antroffen, seyn uff zwegen annkm
1747 2502 2785 2616 gangen und habind die ncht gesagt, absugen
1752 2564 2813 2691 einer fr vatter, habe auch gehört, das sy inn
1744 2629 2198 2737 mon Bere genamsat.
1692 2715 2723 2869 Ob die heren nit einen andern mann gehabt.
1729 2799 1936 2887 kin
1718 2838 2769 2987 Ob sein mr nit vierre deagon oder manuile
1739 2932 2738 3054 Heisen  Habe gelonßlich solchen Namm mi
1729 2987 1891 3083 gehört.
1711 3038 2783 3166 Wohar die herren von Collmar gewußt, daß ens uin
1720 3129 2745 3259 und habe e. Wege auch darby gsin, alß ins
1705 3186 2177 3289 das und Nuggegeben,
1697 3266 2727 3410 Worumb es hinuor gelaugnet, daß es deß
1725 3342 2774 3481 Berrich und nit munn e habe sich nit zim
1728 3403 2766 3532 junnei gelaußt, wielen es dazumahl noch dem
1723 3467 1876 3552 gewosen.
