3024 4032
481 572 1440 700 zu mehrmahlen in abloeunheit daß ringes¬
506 640 1430 763 Rahsschreibers in das gewolb gangen seyn
493 693 1444 810 Welche Frag Er mit da beantwortet, allei
522 749 1416 874 es seyn alleheit auß bekelich Nahl schnet
506 816 1450 934 hauß von Flaches beschechen in der zeit, alß
515 868 1426 984 her rieges-Rahischreiber bym Saurbenmun
504 945 703 1026 gewesen.
500 1003 1456 1137 alß aber instiert worden. ob er nit ohne bu
517 1093 1410 1195 mulch ir e heren ons. von prlach und nit
487 1150 1429 1253 der niderkunfft deß herren weisen darin gangen
511 1210 1420 1320 ege, dann mann habe sihnen nachrich, das
503 1262 1437 1378 olgend beschechen Andechl ainan Willading
487 1332 1466 1439 die schlüßel zur Camerins deß Kringssahls
511 1390 1409 1504 geforderet habe ist er iss obiger ant
511 1446 1400 1570 wort einhaltig verharret, mit der be
514 1519 1418 1621 eantumb, das er gwar zu mehrmahlen die
490 1584 1446 1689 Schlißel Zur Camerin anfordernt, allein
492 1643 1402 1751 ab seyn zu dem und beschechen, damit er
485 1701 1412 1818 dahulbten sein melanioley zeramben
495 1766 1092 1878 und sich recreierins wonne.
490 1891 1395 2019 in frag dann, ob er nit zum zeiten
502 1974 1457 2087 von Aringrahtischen schriffen eynin
489 2044 1428 2139 gemacht oder sonsten hinder nun behalten.
475 2100 1394 2197 Item ob ein der zeit der muserung
468 2159 1394 2273 herren hauptmann von Mihlnung um
488 2212 1427 2324 struction nit auß dem Ordinanten buchge
788 2276 1393 2374 Bnantwortetn er alßo, das
495 2289 787 2375 nomm habe,
482 2342 1395 2451 Er keine der amer zugehorige Scghriffen
490 2393 1404 2500 hinder zun auch keie ogngen habe, sit
488 2469 1430 2555 minder aber seye i daß er ii manual
481 2520 1434 2637 von der zeit, da er by mozeiten herren lüngs
472 2589 1436 2701 Rahtschreiber cellerss sich. alß substrimeriur
476 2644 1394 2761 gearbnitet, biß ds diekeit da herre ueiß
476 2698 1437 2826 zu einem dinges-rahtschreiber arcuet wor
485 2776 1389 2890 den gemacht habe, dagemahlen aber habe
478 2843 864 2950 erin inderlaßen.
984 2844 1398 2938 Bireffund aber
464 2902 1449 3012 die here von Mahlnung expedierte instruction
446 2952 1462 3060 Labe er selbige auß der jungen, s hinnor herren
473 3038 1446 3137 brist von Muralt sicen gnzemacht worden, wu
475 3100 1043 3194 tatis mutandis genomen.
455 3176 1430 3313 Uff die beschechenn Replic aber, daß ein andes
484 3270 1439 3381 segiment seine sonderbahre beschaffenheit sion¬
1778 566 2784 693 und könne dass, Wars den einten Regiment
1777 641 2761 785 zuthen gebührt dem anderen nit zustehen
1794 711 2796 844 gab er disen bescheid, e habe ja auß dem
1790 757 2769 903 ordinant stuche instruiert, alluin vermitliche
1802 833 2817 956 Extractus die E In seinem Mannal auß
1785 894 2815 1024 beunlch geschriben habe, wie er solches dann
1796 957 2741 1120 auß demselbig vnscheinlich gemacht hatt.
1758 1141 2793 1311 volgents ist e auch befragt worden, ob e
1798 1213 2786 1374 nit seit der ubreiß mhyhen sonh von plachd
1791 1285 2804 1445 nacher spinz in dem gewölb gewesen seyn
1785 1332 2836 1491 und nit einen schlißel darzu habe. mit erns
1795 1396 2806 1572 licher eunerung die that mit reiden zubee
1797 1468 2830 1621 keinng, anderer gesalten er überwisen were.
1793 1525 2806 1695 de werden as welches e2 negando gnant
1805 1599 2832 1742 bortet und verreinet, daß er uin Schlüßel
1795 1687 2788 1822 habe und in gedachter zud im gwolb gsin
1786 1799 1921 1880 seyntc.
1786 1917 2760 2053 ff Bediten aber mann werde zun in gn
1805 2003 2733 2117 langenschafft nemen und retnerin gu¬
1795 2056 2772 2172 gruchen, hatt er endtlichen bekunt, daß Er
1794 2122 2799 2243 ein schinßel habe, Welchen ie von h. Kuller
1785 2207 2145 2306 seh emfangen.
1794 2268 2743 2404 alß anun denselben welchen er zuvor
1798 2353 2765 2471 uff dem rahthauß von sich gelegt und dur
1805 2424 2784 2531 borgen gehalt und vorgewisen, ist befunden
1796 2482 2529 2597 orden, daß solcher noch nnn sehe
1772 2570 2742 2706 us solches vorhalten und befragen, wardun
1775 2661 2743 2766 denselben gemacht, satt 1r bekent, daß er
1772 2718 2775 2836 derselben vor zweyen jahin by dem schlößer
1790 2776 2774 2887 soß haoemachen laßen, deßen er duß auch
1795 2841 2751 2958 geständig ist aimman sich aber der znit nit
2171 2903 2233 2959 g
1801 2896 2758 3021 gar engendtlich, seye aber beschechen, alß e
1790 2964 2766 3077 an der spittahl gaßen gewohnt und zwar
1804 3033 2250 3123 von einem abtrunk.
1796 3167 2802 3268 des so thaner bewanduumb der sach und teilen
1793 3248 2774 3375 er vor dißmahlen andrrs müt hatt geständig
