3024 4032
338 469 433 581 27
466 512 1513 658 Ohngnacht nun Er heliena zum formentin sie
504 588 1468 708 underschidenliche parlicularituten der by zum
1358 653 1526 716 deß zehle
491 651 1513 755 gefahrten schwarhen deß octib, der vorsohnn
475 711 1512 815 Item daß er mahr alß 40 mahl mit zum gutein
502 775 1494 878 en vnder Lormentin drun silbarnn tasseno
487 832 1500 939 er gesagt selbige zu Egon ankapfft zu haben,
1042 887 1268 940 solgehalten g
485 886 1440 1000 tn gehabt und war mihters so hatt in
464 951 1495 1048 nndch denselben nicht mmmn noch Inmahlen
515 1037 545 1073 4
487 1014 1501 1136 by zum eingekehrt sein wollen, sonderen alle e
473 1081 1264 1212 ihn ambstand gänzlichen verlangeet.
450 1232 1500 1380 Gluten mallen, halt ir auch übrige ihngen
469 1328 1493 1448 zum allerlen vorgestalten umbständen nit u
467 1392 1456 1496 wollen, Wunt dem Lanid ompesse Armu¬
463 1451 1449 1581 br, welchem er geständig worden ein fahi
457 1522 1444 1644 mehmem biuder so cientenant zu Straß
439 1596 1443 1711 wag s zum Comtesse abur dazumahlen gesag.
436 1653 1444 1775 Alage Baudman seyn auch acht Taller sr
444 1714 1468 1840 clöngen Jahren aberhandlen und ein fahr si
436 1786 1431 1903 allin geme umb selbige nach zlingen. No¬
448 1841 1428 1966 nate zu Rocdefort by dem Jacobin abzu
439 1908 1276 2034 olin, zumachen anherdings zu haben.
424 2034 1462 2179 snfragen, wo er formenten mit dem Fuhi
436 2104 1438 2232 enkomen, ob e selbigen seinem bnder zu
420 2169 1444 2298 anbrecht habe. s. Num, Habe selbigens zu
407 2247 949 2354 Sedan wider verhandlet.
385 2342 1449 2466 worumb er din Pisolan uff beseinen zeit nit abe
418 2426 1429 2515 halt s Habe sich sumhar zm Ehaß dssgnhalten
419 2492 1026 2601 und seie mit der enden gsin¬
429 2607 1401 2770 Caria Zahn dann die Magd, ist von dem
366 2645 431 2736 N
399 2713 1462 2811 Bart, campert und der Jacobin für deß Formen
203 2717 340 2849 gann.
1128 2792 1163 2834 1
408 2780 1420 2918 lins magd erkent worden. Wisind aber von
398 2867 771 2978 fra mit zuzügen.
332 2936 1456 3103 Alß herre Compert ist vorgestelt worden gegen
389 3052 1394 3152 in Beruard Gelienk, daß ins eben diser
395 3122 1406 3236 eÿn, so mit seinem Meister dem formenrin
201 3129 373 3246 Compert
400 3186 1401 3290 und der Magd von Verhag zururk kommen und
365 3250 1413 3381 damahlin ancdome gement worden und habe er
373 3337 1108 3438 formentin fur inn compert bezalt.
375 3362 1454 3503 can xampert dann, daß er nu gesuchen von ander
372 3428 1438 3570 halb jahren deß formeneins Wurd in den Wnyd führe
1469 3316 1581 3451 sohn
2799 308 2917 404 22
1793 448 2876 660 und habe mit andere mit Zallerin blatten
2094 508 2941 700 Seye aber nit der la puce son-
2005 618 2103 701 4
1787 651 1997 745 geschoßen.
1794 632 2485 823 dem derselbe ey ein anderer.
1759 659 2912 896 Anne Marie Jacobin berzügntn auch, daß sy
1779 746 2897 947 inn zu rossefor on einem meißer hor
1778 875 2274 1038 Mentin gesechen Farn.
1775 972 2915 1171 Ihngnacht nun die drey persohnen zum compert
1788 1023 2883 1221 solches alles mit seinen ambstanden ander daso
1781 1099 2887 1295 gesicht arhalten. Hatt er dunnoch allen dur
1785 1176 2902 1325 unut und verlaugnet, sabarby agend, sy wurden
1783 1218 2921 1385 Inn fur einandern numendang seyn um milen
1784 1295 2858 1485 nemahlen hinr am land gsin, alß dißmahlin
1779 1377 2878 1557 alß er von hunff nommen und seinen binder
1779 1462 2879 1584 sachen wollen, wüße mar nit vo nuwenburg
1791 1563 2249 1647 und übrige 8et seyn.
1774 1631 2901 1773 nunn is auch uf Maria Gahn Confronriert
1782 1705 2894 1868 undr befragt worden. Ob es dien compert
1794 1775 2896 1888 nit munn, oo e mit deß normenius dunn
1786 1844 2855 1971 en und ein ward gefulleret ader gewindet
2044 1927 2185 2033 kem
1766 1929 2045 2029 Habe R
1768 1994 2821 2099 um ob compert nit der knab seyn, so von
1765 2061 2776 2177 verson mit zum nacher rordesort gangen
1759 2131 2871 2236 ob disen comperi nimahlen bysinmun m
1762 2193 2869 2310 gin eyn. Hatt alles hermmnt wider das
1757 2249 2903 2390 enhaltn deß Barts xamperts und den Jacober
1730 2396 2826 2525 Cprard. Campert iumet vnd Linet dann
1748 2471 2804 2607 Woilevon dien fürsohnen nit erkent werden.
1702 2551 2283 2669 Ate 19 maii 1685.
1709 2734 2815 2916 Abns elches so hartnenkige und ohnvtorschamte
1736 2829 2784 2983 fangen in sachen, dernn sy suviniert vnd
1742 2883 2817 3035 überwiun und habend z hen nemmichhl den
1732 2952 2861 3125 tocaminatorii in bemelch geben, mit scharifer Narte
1718 3023 2771 3194 gegen solchem schandlosen gsind zu verfahren
1687 3115 2820 3259 suvolg, dazundann sy sich ohngesammt den
1719 3167 2782 3316 Jörenki thuen verfnst und in bysein daß
1711 3234 2784 3405 hr uet Jog Sammel von Nuraltib herrn eiann
1715 3308 2768 3442 elchbragnen, herrren rommihrt übraham dinkib
1712 3374 2744 3511 und diller andeer meinrahe der Bigeren
1708 3442 2781 3614 mehr der magd Naria Zähn mußwortig
