3024 4032
408 1999 474 2077 4.
422 3070 491 3142 5
399 500 593 594 ab 216
457 626 524 716 3.
599 562 1559 705 Herr Meßmer Chirurgus, Zeuget der
625 656 1530 755 der meister fluß am zinstag zu ihme
627 715 1542 814 kommen und seiner frauwen kranck
640 772 1582 912 und schwachheit ihme geklagt und patten
614 851 1540 976 zu ihra zu gechen, so er gethan, er
625 914 1581 1039 habe sy sehr schwach angetroffen und ihr
613 972 1553 1079 kranckheit halben befragt, sy aber
612 1040 1600 1178 habe sich eines harten sauchs und verfagen
614 1095 1561 1218 leibs beklagt, so weit das sy sich bald
628 1174 1547 1277 nit mehr versinne wann sy einiche
619 1241 1523 1351 offnung gehabt habe, seye wol by
614 1305 1568 1425 funff oder sechs tagen, auch das sy
629 1370 1561 1477 einen fahl gethan, habe aber weder
632 1443 1559 1547 ihren mann noch iemand anders deßen
626 1501 1570 1637 beklagt, er habe sy aber darüber auch
629 1566 1561 1688 nit befragt, sondern seye heimgang
629 1634 1579 1747 und habe ihro zwey Japfli zu befurderen
624 1699 1571 1809 des s t) stuhlgangs, wie auch kreüten
611 1775 1550 1887 zu einem weichdampft uberschickt
605 1837 1288 1947 so aber nichts gewurckt
551 1944 1565 2084 Dorothia von Wert des flüßen mutter
617 2043 1547 2156 zeüget, das sy am montag ohngefahr
620 2108 1492 2211 umb 10 uhren beschickt worden.
596 2161 1582 2269 daß sy die tochter im beth ligend und
599 2233 1551 2319 schwach befunden vnd das dieselbe ihra
596 2295 1529 2402 gesagt der sammel habe ihra einen
599 2364 1566 2460 stoß geben, Er habe aber darauf grant¬
604 2421 1570 2533 wortet, es seye nit mit willen geschehen,
586 2480 1555 2590 Sy gezeugen habe ihra selbigen wir auch
588 2549 1570 2661 den volgenden tag biß in ihrend abge
596 2612 1528 2736 wartet, habe aber von ihro nit ein
599 2688 1541 2813 wort von einem fahl gehört sagen.
579 2768 1511 2885 Am zinstag habind der sohn und die
586 2844 1571 2960 sohnsfrauw alles vorgangene einandren
589 2914 1541 3028 verzogen, sonsten wuße sy nichts
579 2960 845 3064 zu zeugen
574 3040 1539 3165 m Christoffel Stekain der Haußman
579 3123 1570 3218 zeüget, das er wol gehort das meister
565 3170 1578 3281 flüß und sein ehewas sel am oster sontag
576 3232 1568 3334 znacht mit einanderen gezancket und
563 3282 1580 3389 das der fluß truncken heimkommen, wüße
574 3336 1564 3461 aber nit was erfolget, ußert das die
1712 1638 1766 1705 7.
1714 1692 1777 1763 8.
1707 2076 1801 2171 9.
1732 875 1800 959 6.
2836 523 2912 583 217
2810 573 2881 668 1y
1873 577 2794 740 fr. sl. volgenden montags als er
1866 653 2909 799 besucht, ihme geklagt, ihr mann habe ihre
1864 697 2927 868 einen stoß geben an die seiten, das sy gefallen
1857 806 2851 977 Elßbeth Herli obigen Stoßains eheweib
1888 899 2928 1020 zeüget, das sy montags umb 10 uhren
1862 971 2923 1074 des morgens zu der abgestorbenen gang
1876 1021 2929 1120 von deren sy vernommen, das ihr mann der
1860 1087 2881 1208 Pluß schraremen stoß geb daron sy grnug
1878 1134 2907 1250 habe, das sy dee seiten hefftig geklagt
1870 1210 2901 1302 und die hand immer darus gehabt, auch
1870 1280 2934 1380 den mann des stoßes in ihrer gegenwart
1848 1328 2898 1436 beklagt, habe sy aber weder damahlen
1858 1383 2925 1495 noch hernach von einihem sohl gehort
1859 1451 2924 1560 klagen, seye doch biß in ihres end, fast
1874 1521 2448 1627 allen eit by ihre gsin
1865 1600 2889 1722 m feitknecht des Harnsters ehrweib
1860 1681 2912 1790 und m Anthom Haars sch willib zeügete
1849 1743 2928 1827 das als sy zu der flüßenen kommen, dieselbe
1857 1810 2882 1908 bereits so schwach gewesen, das sy nit
1852 1867 2916 1966 mehr reden können, weßind alßo weder
1857 1932 2753 2034 vom stoß noch fahl nichts zu reden
1855 2056 2900 2193 M Hanß der Scharpf richter zeüget
1849 2135 2890 2254 das er am oster montag von dem jungen
1850 2197 2872 2299 Hernem Innamen seiner Müller und
1853 2250 2786 2373 des Stielvallers zum dritten mahl
1862 2319 2905 2440 ersucht worden zu der flüßenen zu gegen
1853 2382 2844 2505 und als er dahix kommen, habe er sy
1849 2440 2909 2572 ußert einem kleinen kirdennig antroß
1870 2505 2841 2628 und uf befragen, was ihre seye von
1856 2570 2896 2690 derselben verstande, der mann habe ihro
1856 2627 2881 2753 einen stoß an die rechte leißen geben,
1900 2699 2898 2822 vnd weillen die sach ihne gefahrlich sein
1840 2732 2847 2879 bedunckte habe er ihre alsobald von
1842 2814 2876 2931 dem bestenwandtrauek geben, sy habe
1852 2882 2856 2999 ihme aber von keinem fahl nichts
1840 2951 2809 3068 gesagt, wol aber das sy mit ihrem
1846 2994 2474 3115 mann streitig gewesen
1838 3064 2883 3206 alß er zum zweiten mahl zu ihre kommen
1840 3130 2862 3263 Da habe er den mann und sein müller
1836 3197 2894 3324 bey ihra antroffen uid den mann gehört
1836 3257 2819 3371 sog er habe es nit mit fleiß und bosem
1850 3322 2848 3434 willen gethan, ob sy deßwegen zuvor mit
1847 3366 2821 3490 einandern gewörtet, wüße er nit
1849 3419 2841 3546 dan er die fr damahlen nichts gehört
1842 3467 1981 3534 klag.
