3024 4032
373 432 465 524 75
483 518 1473 641 Ob ins den abrasam Mares. Wihrt de detla
487 599 1465 698 Bart hinder Kalominung und einen Sohn¬
493 663 1464 761 nit amen.. seye nur zwegmahl da
488 724 1469 815 gsin und allegen mir übermachiet in minn
484 778 1465 888 gemach gegen dem wug, alß sy von 1e
479 838 1466 948 on kommen, da der n von dem uhrimacher
489 897 947 1015 lere ihrli erhandlet.
453 995 1466 1121 Wer din jungen stuben seyend, so mit siemem
473 1078 1478 1174 mr zu Allmansingl gewesen.  Annen synit
463 1136 1441 1238 seyind schon da gsin, alß ei ankommen und siyn
472 1187 1436 1303 arso etwan ein halbe snnd nach seinem m
445 1254 1424 1378 seilen ess zu huß gangen, angelangt, alß
438 1310 1440 1427 daß mo nit zugen wounn, ob und wass sy mit
465 1374 893 1484 einanderen gurndt.
424 1448 1444 1591 Ob sy fseleine Cappellard wol gekent s ja
443 1535 814 1625 selbigen garwol.
426 1594 1396 1734 So müßin sy hinmit Lande Gappellard zr
437 1664 1393 1786 bruder, als welche Anderzen by nin andern
417 1742 1454 1868 gewusen, auch gekent haben. H Nei dem
405 1802 1388 1916 selben häbe ins gar nit kent mit nit ge
420 1866 1253 1970 lauß, daß sy einen struder habe.
380 1913 1334 2067 re samlstags den 8. tuaii 1685.
310 2274 1387 2415 Nachdem alß disere Bosthariae verrichtung
360 2369 1327 2482 durch Nimihhe die cxaminaroren in drem
395 2432 1425 2550 sabstantzlichen inhalt ir e mundtlichen son
175 2466 360 2572 deanla
391 2499 1418 2620 getragen worden, Ist dean lagrange, auß
174 2547 337 2636 range
391 2569 1411 2688 underschidenlichen smbständen für ohnschuldig
385 2641 1419 2760 erkant und daharo auch uß ein gulln remon¬
361 2708 1404 2827 Stranz und Commination, Wann et hnführe mehr
362 2783 1365 2895 im land by nune solchen bößen und schlumen
325 2847 1418 2950 Gesellschafft wurde angereoffen werden, daß tun
364 2911 1423 3022 altens und mitdes wurde zusammen gegeben weren
336 2969 1403 3105 den ledig gelaßen auch darby zum here landt¬
355 3056 1389 3165 vogt zu mntzburg anbenohten worden uff sein
359 3119 1388 3228 anmelden zum die by ime gefundenn drug
352 3170 1421 3302 acdor und das pfardli ohne mnichen fordereng
340 3254 1372 3373 sihungs sosen wider zuzusellig, der übrigen
346 3320 1405 3448 halber aber gutt befunden worden, muhretan bi
1655 3227 1702 3300 4.
1549 2344 1755 2438 formenti
1662 2860 1705 2926 3.
2782 309 2880 419 76
1791 422 2836 658 nichtes halb nacher Huwenburg Zingburg
1781 480 2937 731 oror Milden und rscherliz. Wan auch Lunzburg
2305 563 2921 731 Acte 11. maii 1685
1778 678 2197 827 sheiben zuesen.
1776 718 2863 939 Annn daruber etwais gerichtis ahton
1785 821 2873 1004 Newenburg einkomen und zugleich funst
1781 881 2876 1079 Persohnen, die den Vierre formentin vnd
1746 952 2904 1173 sein Camerades gar wol nunen sollen, Alß
1784 1018 2933 1219 1. Bernard Gelienn Wihrt zu St. Aubin 2. da
1782 1091 2905 1290 nid Comtesse Armenrier de Marteau. 3. Da¬
1800 1179 2887 1351 vnd Gart dexlepart. 4. Jean Lampert
1793 1232 2872 1421 Bexlebart. vnd 5. Jeanne Marie Jacobia
1745 1327 2911 1476 deß wihrts oder wihrein zu Rochefort tochter
2358 1415 2394 1457 e.
1784 1387 2894 1535 mit geschiikt auch den himorigen mutzbur
1780 1459 2912 1612 gischen bericht durch den herren landtvogt nochmahlen
1784 1521 2906 1679 und zwar mit muhrerin umbandere bestallige
1776 1604 2887 1750 gut worden habend mhhl die examinatorum
1783 1681 2887 1804 dsf murfangen bedulch sich  die gefangen
1777 1747 2895 1885 sihatt zeriügt und in bysein herren alt landsvogt
1798 1827 2805 1961 Einlanb Zillir, herrn Zollner Gilladings
1769 1898 2890 2008 herr Amman Ulchbergers und Giller anderen re
1776 1960 2901 2082 nur Harri der Burgerin die gefangnung fr
1778 2030 2871 2146 sohem obigen ferßhein vorgestelt und darby
1777 2093 2857 2215 befrag worden nurselbige seind auch waib
1755 2159 2839 2282 sy bimb von zune wüßind oder gehört habind.
1773 2275 2829 2412 a Dann dise funff fersohnn den ierre
1780 2360 2881 2462 formentin alsobald für demselben eeknnt, alß
1775 2437 2896 2522 welcher gar off zu Bart, s. aubin und rocefoct
1765 2507 2882 2614 mit seiner heren nagt und einem jungen gselle
1780 2557 2882 2683 Camens Antrowe auch andernn nichr gewießen
1753 2616 2868 2753 habe zu zeiten etwas spizlunn und pierreries
1749 2695 2859 2830 zu muhrmahlen aber gar keine wahr by zum
1753 2754 1897 2863 gehaltt
1768 2828 2891 3007 lüßind anders müt von Aum ußart dass selien
1740 2932 2873 3071 sagen, er habe gehort sagen, daß er Lormentin
1747 2986 2833 3129 auch von der bande der filonsege, dand
1732 3046 2814 3210 hart aber daß e znn Hatt Tormentin In
1740 3123 2868 3290 einer bande gesuchen, so mann voleur namse
1744 3223 2898 3417 habind nichts von manuile oder Pierre de gon
1732 3306 2872 3477 gehört, Vßgunomen dean Campert vnd Jeanne
1722 3371 2836 3562 Marie Jacobin so gügen, daß sy gehört habend
1737 3460 2804 3637 mann namse im dormenrin auch Manuile-
