3024 4032
343 583 453 663 145
391 1307 503 1393 4.
520 658 1404 789 de habende Kirges Räztische Schüitlen
547 756 1365 882 und Schreiben wider ims Gwolb zu
544 809 1444 922 mann, E dennoch underschidenliche Land¬
529 878 1440 987 auten plans und andern Schriffen zin¬
537 951 1400 1052 der ine behalten habe, obgleichwol
513 1007 1407 1128 Er uss befragen by seinem eyd bohe
523 1075 1391 1200 get, daß er nichts mehr hinder zum
522 1164 636 1255 hebe.
521 1265 1362 1394 aß by ium bereits die andancken
520 1343 1347 1480 angeklipft, daß er dise sachen Wann
514 1415 1386 1524 Inn ni anderwertig gehelfen wurde
525 1478 1404 1608 Oßerer Örten umb ein stunk gult an¬
526 1539 1380 1660 bringen konte, über gleichwal solches
505 1596 1410 1717 zethen tum determinierter Vorsaz, schluß
529 1673 1371 1779 und willen gar nit gehabt, sonderg im
508 1729 1391 1845 gegentheil by solchen vffsingenden e
518 1789 1277 1917 sancken sich jnderzeit besugnet,
448 1929 1386 2059 Nber Welche s teuwlose, fräffenn und
484 2011 1401 2121 Standtwgefahrliche actionus und Hand¬
509 2078 1406 2178 lungen habend Ninnnggen und oberen
478 2136 1347 2256 deß großen rahts zur iherheit
476 2200 1388 2318 der gumeinen un deß zuben Vatter¬
512 2262 1368 2363 andus und anderen untretonn zum
512 2319 1379 2442 gemßet by dem eyd zu recht erkent,
502 2387 1374 2500 und gesprochen, daß er Salomon jung
497 2461 1375 2569 neben emgfahlung seiner seulen 3oll
473 2522 1389 2631 dem Zerre, Welcher ime umb deß then
493 2588 1404 2696 ven gurdinnsts Inse Christi willen alle seine
478 2629 1383 2766 sunden und nißethaten gnädigklich ver
460 2710 1410 2824 zeichen wolle, dem Scharpgrichter übergeben
490 2765 1344 2852 werden sölle, der am dann inden auß
494 2826 1385 2952 die geoghete sichstall führen, dann da
1283 2910 1312 2946 6
492 2889 1359 2995 selbsten mit dem schwährt das Bauos no¬
484 2958 1355 3078 schlagen und alß nach dems Lobl Standis
496 3022 1331 3134 tern keyheiten vom lben zum todt
476 3080 1342 3185 Hinnichten, den sorder aber den eltern
485 3135 1401 3260 und verwänten, umb denselben bym Sichen¬
475 3216 1416 3343 hauß begraben zu laßen geschmikt und über
480 3278 896 3387 laßen werden solle.
471 3356 1250 3505 requiert den 24. novembris 1685
2644 535 2786 633 146
1892 636 2532 774 di Jauhman
1751 734 2798 915 Ist wegen zweyen ehrenen hafen so knnt¬
1789 830 2754 946 bunden helfen uß ein monal lang ims
1770 889 2718 1011 Schallentonerk mit einem sung erkent
1773 979 2603 1083 wordun acte 14. oebris 1685
1924 1181 2355 1316 arbli Ructz
1772 1269 2748 1409 Weilen ans sich ohnvterschamter Benns hat
1788 1351 2799 1481 erkhnnen dörffen einem sanoyschen lauff
1788 1408 2784 1529 mann under dem kauffhauß uinstunk auch
1789 1452 2781 1599 anzuganken, willens solches zu mntwanden
1781 1535 2787 1652 alß habend er gi selbigen einen halben
1782 1601 2795 1716 tag in den Trütlen erknnt. Acte 14. ovembris
1776 1700 1958 1796 1685 jn
1889 1848 2709 2017 Wadtena Weyerman.
1763 2006 2777 2136 Ist wegen underschidenlichen begangnung
1734 2094 2772 2192 Diebstählen von Er d auß der statt und
1783 2150 2735 2249 Bürgeren söhl mit dem eyd drs gnad
1788 2210 2814 2321 hin bannifiert worden. ace 20 ovebris 1688
1912 2394 2529 2522 aniel von julet.
1797 2507 2794 2651 iser ist wegen begangnung uich diebstals
1784 2599 2742 2705 ren Nonat lang mit immen sang imb
1785 2657 2823 2777 Schallenwurck erkent worden. Aui 20. novembris
1796 2736 1921 2826 1686
1952 2937 2547 3091 ohanner Lihling.
1942 3052 2331 3146 der Manhrur.
1778 3106 2792 3249 in dem tannpk und Müßigang auch gun
1802 3197 2766 3281 lichem fluchen vndschwehren mit allem er¬
1804 3267 2771 3367 gebunen mann, sondern auch, weilen aisem
1805 3321 2809 3444 herren Nadlera Flürkiger neben entwundung
1772 3397 2713 3516 zwanzig fronm in gelt mit schlagen und
