3024 4032
278 452 390 566 17.
483 476 1448 668 an ehugeburlichen Vaten Amb Libes In¬
451 564 1444 709 zuchngklich mit den handen betaßet, auch
512 625 540 671 1
463 629 1453 755 granffen, daß alß sy im Wald
480 686 1471 815 ait einanderen zu abenggeßen und enben
478 745 1438 889 einanderen ußf dem foden geseßen habe
472 793 1455 946 er samb jann sy mit dem ellbogen kan
469 863 1454 997 an die kauß gesoßen, daß sy zurunk uff
456 913 1457 1053 den runken gefallen, folgents er mit seinen
470 984 1420 1111 handen über irn brüst gefahren seyn, im
465 1037 1424 1177 übrigen habe ersyn woeder im Wald nach
454 1107 1426 1236 In irem hags anderlertig an einnhem
464 1145 1429 1275 oat arm Linbis gar nüt berührt nachbe
467 1205 1453 1337 tastet und wans sy hinnor von eine Hans
478 1268 1427 1411 weidteris außgesagt, daß sege nit wahr
470 1371 1306 1480 Uad abe sy zme zurucht geshann etc.
456 1440 1440 1571 Im anderen mahl dann alß de 5. jujis
470 1519 1420 1651 anhtatt verhoffender völligen bekantnens
446 1571 1422 1719 halt sy auch diseb, daß er sy sie wald mit
442 1637 1459 1762 dem plenbogen umbgesaßen und mit seinem
452 1708 1468 1834 händen über zun brns gefahren seyn, lar
472 1766 1419 1881 urer revociert und dahin decharrnt, das
460 1840 1440 1966 Er samb sy londer im wald nndergelagt
467 1900 1471 2024 noch daselbsten and im hauß einicher maßen
470 1969 1429 2081 berihtt noch betastet habe, Mann wnne
453 2022 1454 2142 Diß ortis armb und so mit im Gald gewonsen,
480 2088 1438 2219 und by 13 jahren alterch, melcher genant,
482 2170 1405 2277 wagen, Es werde ei gen weni sagen
469 2223 1422 2336 Ob eis nit also sey, Sy wolle nunmahr
462 2287 873 2395 die darheit sagen.
442 2397 1439 2533 5 lb befragen, 38 sy nit zu nderschidenlichen
479 2487 1403 2590 mahlen zur und bekentz zande eige sy
477 2543 1420 2652 Im Wald nidergelegt, daselbs win auch
460 2594 1426 2710 Im haus ohnzüchtigklich betaßet tc. entwort
420 2661 1391 2774 Ja, aber sy habe znm zarucht gethann
432 2729 1418 2877 Worumb sy dann solches gethann habe, Er
409 2835 1438 2936 seyn tra wals und, diemahlen aber sage sy
466 2879 753 2983 Din narhmt e.
458 2950 1432 3093 Ob samb nit by außgelöschtnnn lncht by vra
469 3036 1039 3137 Im Hanß gsin seyn Da
470 3088 1404 3250 Was sy also im finsterm by einanderam ge
485 3180 1475 3309 mnacht habind. Rut, sinind mit einandre
479 3239 985 3372 uf dem banck geseßen.
2717 407 2796 493 18.
1691 516 2761 666 Ob Joggi dann die that nit wurcklich mit
2300 604 2758 718 in sy aber
1761 611 2297 711 Ira NAllbracht habe
1774 664 2760 776 vol an irum blosen leib mit den handen
1775 718 2795 856 ihlfaltig bekenter maßen an anzüchtige
1769 796 2248 890 orten beruhrt habe,
1730 800 2808 997 Ob er jra die that dann nit zugemuhtet,
1772 880 2825 1038 da Allein sy habe gesagt, es seyn nach umb
1780 996 2318 1096 etwass anders zuthun
1738 1055 2792 1178 Ob under andere grsachen nit das ruch eise
1760 1103 2755 1253 gsin seye, dar sy von verrichtung den that
1779 1174 2811 1297 abgehalten seyn. Daß Hamb Bareins by Jca
2134 1277 2212 1345 da
1765 1275 1981 1372 gsin seye
1715 1301 2804 1462 Hiemit müße er Hans die that mit jrahar
1776 1379 2805 1495 nichtet haben, Darauff sy wider angefan
1772 1424 2825 1597 hyn zu Bünßlin und entlich gesagt Nein
1743 1475 2832 1648 Wann sy ns sage, so fachte sy sy thetrfum
1785 1594 1945 1685 aruch.
1762 1605 2745 1758 alßo daß fur dimahlen anders mit auß
1763 1692 2829 1801 Ira zubringen gewesen ohngeacht hillmahlen
1764 1767 2805 1887 geschinn, sy wolle mit der sprach herfur
1731 1820 2835 1930 Hatt sy dennoch alsobald wider hindersich ge-
1740 1878 2534 2008 Zogen Acct 5. novembris 1684
1696 2082 2779 2221 solcher diser Bewandtuub habend
1771 2172 2743 2277 Minughe sich nit erhülligen connen.
1751 2226 2797 2339 sondern selbige hehrren paaminatorin mit
1773 2303 2796 2427 haut und hatz übergeben und mit der
1756 2376 2761 2485 Marier Zufunken, welchem auch zu
1736 2440 2852 2559 zwegen znderschidenlichen mahlen auß7
1767 2506 2843 2618 vnd S. Aurus. statt beschechen vnd selbige
1742 2582 2838 2689 zu bunden mahlen zlong mahl jahr d.
1762 2642 2862 2762 gezogen worden, hall sy dennoch beständig
1769 2710 2870 2825 an der Martir arhalten, daß so wol hanb
1774 2774 2843 2903 alß Jagg der mit tra vambten Lliischlichen
1781 2843 2862 2968 vermischung halb ganz ohnschuldig segind.
1766 2956 2796 3080 ahero, by solcher abgelegten Celatione
1752 3035 2821 3132 mehe ecaminatoris, daß sy bald den mitm
1784 3097 2838 3205 von binden brudnren der fleischlichen dur
1768 3155 2831 3265 mischung benlag. und den anderen mit¬
1769 3230 2826 3327 schlagen, Bald widerumb den andere be¬
1780 3290 2807 3402 klagt und immn entschlagen, undtlichen
