3024 4032
394 534 508 634 187.
440 3164 535 3272 63.
561 564 1505 720 von morsen woll gewüßt, daß der eltere
1198 653 1497 755 ab aber habe.
583 645 1130 776 mit zum zethun gehalt
585 704 1480 866 nut gewußen buß harnach, das sy binder
579 833 745 922 seyen.
598 946 1487 1054 achdem inm nun nochmahlen genst¬
581 1009 1433 1146 und belegglich zugesprochen worden
597 1056 1464 1189 Einmanden sonder auß gnust noch vu¬
582 1138 1496 1277 genst frundtschafft oder fundtschafft zu
588 1212 1514 1339 verschonn oder fürucht zethen, sondern
592 1285 1506 1414 eine Bekantnus auß nmbe der War¬
567 1356 1506 1482 heit also nizurichten, daß ers sölche vor
571 1417 1516 1537 gott dem tochten sucheer, alß vordeßen
573 1496 1474 1596 fuhl ins bald werde erscheinen mnden,
567 1554 1474 1698 zuverantwolten getrauwn und zum
553 1624 1476 1733 arauff das register von fursohn zu
579 1694 1480 1808 persohn vongelesen worden, attins
573 1765 1487 1899 slbigns nochmale beftalliget und dar¬
562 1848 1487 1956 by bethernt, daß ers lüber die mane
574 1912 1500 2042 Saligkeit zukerlichten wünsche, laß in¬
573 1978 1500 2102 mandens zurecht ze thun, Seyn nun
585 2032 1519 2175 und gung, daß anderlichs samnthalber
556 2107 1418 2265 Inschand und nehr komen mußind
572 2185 1499 2317 wnen aber im geguntmen die Warheit
580 2259 1512 2389 auch nit zurschwigen und ein beschwartens
573 2338 1460 2444 getißen mit ime ims grab tragen
562 2400 1506 2526 Welche seine Bekantnus Es an der Mar¬
569 2484 1509 2597 ter auch beställiget, Maßen ins nacher
574 2539 1517 2675 gangenen beuelch 2mahl jahr uffgee
575 2618 1509 2742 gogen worden. bysützende, daß ins vil
590 2688 1515 2816 nichter mit anderen muhr sich vergnsten
579 2755 1515 2879 haben möchen, daßen es in spece aber
580 2844 1176 2952 dißmahlen sich nit erjunnrn.
561 2948 1468 3106 Den 6. decembris hatt a noch vurmas
589 3070 795 3167 angeben
605 3119 1527 3269 aß Boldtschmidt Rozelels von Newen¬
608 3207 1542 3327 Jug bruder vor 2 jahren zu Basall
1724 1536 1782 1621 64
1731 1621 1777 1676 13
1731 1657 1803 1738 6
1724 1744 1814 1814 A
1731 1870 1803 2006 68
1740 2228 1810 2340 9
2741 454 2865 547 188.
1838 589 2844 721 9. dieo 2 ame in Bysein Mhg
1849 678 2841 820 excaminatoriu he Großweibel Ringerd
1831 746 2868 885 H Banlohl Weitenbachis herr sammel zu
1844 814 2840 954 thundens vnd anderer mehr dise semn
1842 885 2798 1022 himorige bekantuub von persohn zu
1842 938 2839 1095 persohn nochmahlen vorgelesen worden mit
1840 1025 2854 1157 dem antlichen eriunerin, noch dißmahlen
1836 1087 2872 1254 In sich selbste zugehen gott dem herren
1839 1165 2894 1324 in ehr zugeben und die warheit zu beknung
1835 1243 2904 1377 a es dann nach bestalligung zuuoriger
1839 1311 2856 1461 fergichs vernuter Embsgemeinschatt
1854 1397 2635 1505 mit eine noch Weitens angeben
1859 1505 2820 1661 rey Franzosische Officierer ußenthalb
1845 1624 2235 1731 Dauf in lande.
1855 1682 2863 1794 ams adam ein sollothurnur bescheihen
1839 1748 2701 1886 bym Nndentong nechst by Basull
1850 1855 2857 1980 mötdig Lehrbur zu 2mahlen. Das 1 I
1840 1940 2883 2050 herr Schaffner die as Matten, das 2 mahl
1846 2003 2868 2121 hino 3 der gefangneschafft selbsen, Alß ins
1853 2078 2874 2189 zmvor mit ime alda entsalten gewesen.
1858 2196 2082 2307 Johannes
1858 2250 2908 2388 in währendereiner doßmahligen gefaunklc
1852 2347 2907 2479 thun enthaltung zu 3 mahlen, alß er anstall
1859 2417 2878 2527 unrad usub deß stattehvogsts zum guwa¬
1864 2482 2892 2616 thut, da Guilib der ander Nächter geschla¬
1846 2559 2863 2698 fen, ihmls dann einandere abgeloße, und
2129 2625 2875 2769 sent allerhand verspruchungen
1849 2712 2827 2832 daß eis werde ledig gelaßen werden
1870 2771 2892 2896 Vnd a hernach Ims fontfuhren wolle vnd
1864 2853 2877 2977 anderem zu solcher gat angelorket gn
1863 2916 2853 3045 halten er sich volgents fort auß dem Land
1858 3002 2071 3134 gemacht.
1831 3119 2890 3292 Den 11. dilo hatt selbigen mhhren enaminatori
1869 3238 2888 3358 an bysein her eyninger mugs noch der
1878 3314 2770 3429 mas bekent, sich under in inzeucht
1870 3380 2346 3489 vertragt zu haben.
