3024 4032
427 547 553 645 305
843 503 1453 680 Hans Herrenhinßz
665 618 1564 766 Ist in dem fingierten thubruch Christen
637 713 1535 830 agus dßs sein weib Margrut Kronst
646 773 1533 876 deß weiles stystand gewesen, und hatt
637 841 1524 969 zu der sach Consenliert vnd darmit sich
662 903 1538 1009 braffwurdig gemacht dahino 1r Ig
659 962 1551 1049 tun uff ein halb jahr lang deß landts
654 1033 1423 1145 Barwisun acte 15. julii 16879
2792 382 2924 489 206
1959 447 2854 637 wirt continuirt durch herren
1968 513 2874 684 Grictschreibern Wyß von Jacobi
2059 660 2283 754 1687 an
1996 831 2607 976 Sean Stubert
2073 935 2463 1042 von Bursinel
1817 959 2939 1200 Daben Meyhen wegeger die Ihme ehelich
1839 1062 2915 1260 zugesprochene marquerite chanson nicht
1848 1147 2845 1321 zu kirchen undt straßen fürren wollen.
1879 1196 2884 1375 so lang von Ir Gul Statt vnd Landen
1874 1288 2877 1437 verwisen, biß er dieselbs gechlichet haben
1882 1366 2797 1523 wird oete 30 augusti 1687.
2058 1588 2923 1719 Samel Gruner der Jung
2127 1711 2556 1815 burger alhier.
1868 1776 2902 1899 Ist wegen vnderschidenlichen diebstählen
1892 1864 2894 1987 uf drey jahr lang von ihr he statt
1888 1935 2885 2039 und landen verwisen worden und ihme
1880 1993 2781 2116 versagt vor dreyen jahren umb
1882 2075 2916 2181 gnad danzumelden, hernach aber wann
1883 2144 2882 2269 er gute attestationes seines verhaltens
1892 2223 2806 2344 vorzeweisen habe, sich umb die
1886 2282 2785 2387 offnung des landes wol wider
1879 2354 2869 2474 anmelden könne et. Act 10. septi 1687.
2089 2544 2667 2677 Damnel Gäller
2126 2647 2582 2750 vß dem Luterbach
1869 2710 2889 2869 Ist wegen verübten schandlichen betrugt
1890 2810 2902 2928 in ufrichtung eines 1200 lb Gultbrich
1768 2856 2836 2993 dannetlichen vorschlachnußen und das er
1887 2941 2874 3040 an seinem geltstag die gleübiger nit
1883 3011 2827 3134 bezahlen können zu Wolverdienter
1864 3070 2849 3215 straf vf zwo stund an das halßeisen
1892 3156 2898 3280 und hernach us ein jahr in das schellen
1877 3217 2856 3362 werck erkent worden Den 24. sepb 1687
1850 3303 2444 3413 exequiert den 27. ditoe.
