3024 4032
518 672 1522 839 elche er auß schlogchheit und hoffnung nach
505 771 1534 874 der abbeßung ledig zu werden, win sie gesagt
515 830 1553 966 Ion sich gegeben habe toralirer Widernuffen
513 883 1529 1014 und ime sechbsten, alß auch wa der Stutschin
516 938 1509 1067 ganrach gethan zu haben vorgetendt und
516 1009 1477 1139 ohngeacht aue angedignen worden, das sy
505 1081 1510 1215 Stattschin vff Irer bekantnun vnd annlag
497 1145 1531 1283 gegen iime verharrn, ist e2 doch beständig
467 1215 1541 1331 daruff verbliben, unn selbsten inrecht ge¬
489 1278 1544 1417 ihm zu haben und ra anders gar nit schul
499 1346 1542 1487 dig worden zusumm eßert, daß er daß nachus
479 1410 1494 1538 z der stuhen mützig, by dna gsin, vnd sich
496 1480 1526 1604 mit ira umbhergemolt, auch uff dem bauch
487 1543 1537 1679 gelegen seye sich darby verwegende, uhn die
480 1616 1540 1730 marter utßzustechen, alß seine hinnorige be
1184 1686 1531 1770 Sy die Statt¬
475 1688 1045 1787 kantumb zu befalligen.
479 1739 1522 1854 hin aber gham nach zner oßkindbettung
480 1801 1450 1921 uf nochmaliges gugen Ira beschechenns
478 1867 1557 1990 enamen an hinnozige bekantunng, Vie nam¬
468 1937 1531 2053 lichen sy numbindigen, im vierer mit
451 2004 1519 2111 hieuor benamsnien persohnen begangnen
460 2065 1499 2180 Ehnbruchfahleren, darunder zuen Aruder
469 2127 1516 2243 und hinmit einer blichtschand, samt dorge
465 2194 1498 2309 Habter Kurgiffung irmo Mans sich schul
459 2263 1454 2380 Sig wüße, und daß Jra vol Belauß gsin
441 2327 1534 2449 eye, daß tam und Joggi jann gebrudern
448 2389 1483 2510 egind nochmahlen zustättigen, daß aber sy
437 2459 1535 2587 dem einten den mit dem anderen derbrach
448 2529 1535 2647 een fähler zunor gnoffenbahret habe wol
444 2591 1509 2718 In sy loeder bekennen noch müßen, daß dise
439 2657 1484 2783 beide Bruder einer von dem anderen ge¬
439 2733 1466 2852 wüßt, daß der ente inder Junz schon un¬
425 2791 1298 2922 fa sich fleischlichen hergeßen habe.
447 2891 1462 3010 nachdem nun die Beredub ergangen todto
439 2962 1501 3084 theill in lonng tagen an Ira hatte sollen
435 3025 1496 3151 requiert werden, hatt selbige vff abermah
438 3106 1498 3219 ligen vermahnen Gott dem herren die Ehr
411 3159 1490 3286 zegeben und ir herz durch nun gsrichtige
436 3231 1508 3357 berantumb frer begangen senden in herr
430 3311 1505 3421 licher betewdung deselben vor g htl gentzli
425 3367 1531 3492 ihnn auszulahren, nit mir die jindr midt amb
425 3441 1543 3540 Jannen bald belenen, bald aber widerreditier
418 3506 1532 3628 in und widerbetälligte fleischliche Jermischung
2812 598 2891 698 10.
1845 693 2873 845 und daß sy irene chemann mit giffen hirzu
1854 783 2833 901 richten vbrhabens gsin seye, gantzlichen
1845 836 2848 973 und also wideruuffan, daß sy dor golt
1841 882 2871 1025 bezüge, daß beiden sy zum janm alß
1831 929 2894 1079 Jra seibsten In beiden sachen schwarlich, vnd
1825 984 2920 1152 groblich hnrucht gethan habe und seye mit
1826 1079 2887 1205 ghloßen, by diser trur retracrion in all
1832 1136 2895 1260 wens und zug mit vesocherung und in
1852 1191 2933 1320 vnmb in underliztem gewaten zuhnstalli¬
1828 1268 2864 1392 gunknd zu bezügen, der übrige dren
1836 1332 2943 1456 chubruch und den ledigen fahlen darby noch
1848 1400 2898 1503 mahlen freywillig bekennende Sondern
1838 1451 2902 1573 auch zumach, alß in einen longen die Eal¬
1826 1514 2921 1649 lution Fall furgenommen werden sollen
1800 1604 2842 1705 den gnt Jaggi sannen dem anngezen
1842 1641 2930 1773 bruder hinwor mehrmahlen bekunte
1842 1710 2910 1811 bruchs-fahler revociert mit dermelden
2503 1785 2576 1838 g
1824 1777 2956 1897 habe zwar bemelter sann, so by aa
1844 1846 2935 1966 Is dem butt gelegen, sy nur ohngebührli¬
1836 1912 2917 2037 ihne begriffen beraset, gätlichess aber
1828 1977 2884 2100 mn Ira mit verbracht, Konnunßige
1837 2052 2881 2161 revocation hatt er taggen nachdem e
1813 2111 2899 2240 die gsazmeßige abbußung bereits auß¬
1821 2181 2932 2308 gestanden vnd die deprecation vnd abbitt
1825 2252 2985 2392 vor dem thorgricht uff Stattenburg geleisent
1819 2323 2937 2468 mit gleichen umbsanden und dgleichen
1820 2391 2986 2543 tag, auch gethan und vermuldet, daß er hin
1833 2472 2975 2597 vor solchens auß bliser zöngt bekindten habe
1809 2546 2962 2684 alß aber zna Stettschin so wole durch dem H
1824 2615 2914 2754 landigo, alß die h frudinani daruber
1839 2698 2931 2824 leffigllich zugesprochen uncd ja die Marten
1781 2728 2952 2897 zeigt und gutruwe forden hatt sy inn Jaggen
1819 2842 2964 2987 bald anguben balß aber Biderentschlaann
1824 2902 2948 3038 und volgentis an der marter enhalten und
1826 2983 2897 3112 onzuge, daß a zwar by i usf dem
1806 3045 2951 3185 stutt gelegen, ann mb ohngebührlich bng
1810 3122 2927 3267 laßet und gesagt habe, eb wahre drn Bald
1818 3199 2919 3329 etlas gescheihen, aber gar mit knrck und
1821 3276 2975 3420 hätlichen unt jra Vollbracht und fangen seiner
1808 3345 2884 3500 Im ehebruch gantz ohnschuldig sege, Wie
1817 3422 3003 3570 sollchen Allen die deßlingen ingkommen ander
1796 3495 2910 3647 schidenliche Schreiben von znurlauken
1790 3561 3022 3722 In mehrerem vnd außfuhrlicher mntgubend,
