3024 4032
392 3261 469 3342 37
407 518 459 587 25
424 2841 519 2931 36.
493 694 596 781 28.
506 845 599 958 29.
488 981 594 1059 30
509 1179 593 1268 31.
512 1265 594 1338 32
515 1357 607 1423 33.
515 1481 612 1561 34.
515 1553 613 1645 35.
659 654 1546 809 einem Jungen gsellen an der Lengg, Ein
663 743 1296 851 paar hosen und ein rock.
688 828 1565 957 zu Sanen im grund 15 stäb bleich
686 926 1487 1011 tuch sambt einem paarhosen
677 969 1574 1112 vorners zu Sanen in der vellersu
698 1050 1523 1151 22. Stäb wüllenes Tūch so er
693 1112 1362 1214 umb 3 s verkaufft habe.
670 1172 1555 1294 Nach weiters zu Sanen zwey alte hi
676 1262 1333 1368 zu Aschi auch ein Ghiel
1350 1321 1452 1418 ged
664 1334 1530 1479 zu Rötschmend, ein 4 lb kaßl
667 1416 1087 1509 ab einem Tisch.
658 1475 1306 1587 zu Latterbach, ein Sagl
679 1542 1498 1665 ohnseen von Henrich zwy ziel
681 1623 1550 1747 zwey Balcken fangl ein rethauwen.
688 1710 1497 1857 Verner bekante er daß er sich
614 1798 1264 1909 fleischlichen verdrabt,
630 1869 1548 1983 mit Catharina Hügli Hützlin zu Welth
641 1941 1288 2047 Nenwgenstatt ob Vinis.
632 2009 1499 2133 damne mit einer ihme ohnbekanten
661 2093 1269 2202 im wihrtshanß zu Osch.
643 2175 1521 2281 verners mit einer unbekanten als
648 2240 1501 2349 er in diensten Abroham warten zu
638 2291 973 2408 Beeg gewesen
632 2362 1496 2481 und im Fruhling 1688 mit einer
630 2442 1474 2541 von Fulensee namens Anna .
620 2514 1527 2621 ambtlich ledigen leibs gewesen.
595 2644 1508 2776 seit er uß Franckreich wider in daß
611 2727 1320 2829 land kommen habe er gestohlen
598 2782 1519 2895 zu sanen an der mätten uß einem gadt
613 2854 1534 2960 hunff kösten deren jeden by 13 lb wegen
611 2919 1513 3019 und drumaß korn, daß korn habe
604 2978 1507 3069 er dem müller uf der understen miht,
586 3036 1494 3130 zu Rötschmund verkaufft, das mas umb
600 3096 1515 3195 14 bzg der kaßen aber seyend zu mettlen
571 3152 1502 3257 in einer schene im embd versteckt
545 3231 1476 3348 eatlichen einer weibspersohn uß ihrem
563 3295 892 3405 work i tha
509 3367 1464 3468 uber welche f�hler die er sehr bereüwet
517 3429 1457 3518 pittet ergott und einen hoche oberkeit
523 3476 1420 3570 umb gnad und verzeichung und eine
542 3526 938 3603 gnadige urtheil
1072 3525 1511 3611 Alß disere vegiht mahse
541 3575 1518 3645 den rathen den oten diß vorgetragen worden ward erkent
548 3613 1503 3700 selbige mhgh räthen und zürgeren ufkünfftigen dienstag
554 3654 781 3700 vorzubruegen.
2741 520 2869 595 251.
2057 586 2685 735 riminal process
1938 698 2799 848 Peter Rustis von Danen.
1831 860 2870 1005 In h. göttlicher schrifft werdens dem leidigen
1846 957 2869 1068 Sathan vil und underschidenliche eigenschafften
1852 1022 2860 1112 zugeschriben, under anderen daß er seye ein
1822 1064 2881 1174 feyend und verführer mentschlichen geschlechts
1830 1134 2823 1228 der tag und nacht umbherlauffe wie ein
1827 1187 2837 1294 brulender Loüw und suche den mentschon
1834 1244 2840 1370 durch allerhand fahlstrick zu verwigklen und
1845 1312 2840 1418 umb daß zeitliche und ewige leben zu bringe
1833 1355 2871 1473 teren aber sich zu entreißen Ja gar denselben
1841 1436 2829 1520 vorzukomen vnser herr vnd Heilland
1831 1487 2868 1594 desus Christus der wahge Seelen hirt, vn
2476 1552 2673 1591 ein manth
1822 1560 2808 1661 ein herliches præeservatio vorgescheiben
1827 1606 2817 1717 namlichen daß gebatt zu Gott, zu deßen
1818 1671 2835 1777 gebrauch er  auch ernstlich ermahnt un
1835 1731 2852 1832 daß wir nit in versechung fallen, dan der
1820 1793 2850 1895 deßen vnderloßung der mentsch sich entzeucht
1819 1847 2872 1957 der gemeinschafft mit gott, welcher ihne alßdan
1816 1908 2857 2018 auch verlaßt und also follet von einer sund und
1823 1978 2819 2084 übertrettung in die andere biß die sinder
1829 2034 2867 2135 maß voll ist, wie dan solches abermahle
1820 2091 2797 2194 uß dem leidigen und trantigen exempel
1814 2151 2859 2251 des vor augen sechenden armen Maleficanten
1780 2197 2858 2338 Peter Rüdis auß der landschafft sanen
1827 2267 2746 2399 von 21 Jahren alters, gnugsam erhalet.
1744 2340 2831 2483 dan ob gleich derselbige nach seiner bekantnuß
1804 2408 2858 2510 durch seine elteren zu den Schulen vnd erkanti
1829 2467 2836 2571 uus seines heils gehalten und angemohnt worden
1779 2526 2858 2649 hat er dennach by zu nemmenden jahren und krekhen
1801 2574 2840 2710 gleich einem vnbendigen loß hinden aufgeschlagen
1801 2630 2746 2746 die treüwen vermahnungen seiner eltere
1805 2688 2848 2811 verachtet daß gepätt underlaßen, die schuldigen
1798 2741 2852 2877 treüw und liebe gegen seinem nechsten hindan gesetze
1790 2808 2840 2911 und dargegen denselben so weit ihme möglich seiner
1813 2859 2232 2931 ülleren beraubt
2498 2882 2817 2975 und obwohlen
1803 2906 2837 3017 er von seinem vatter so offt ihme dergleichen etwas
1795 2967 2797 3072 zu ohren kommen, hertigklich gestrafft worden,
1793 3022 2832 3122 darab dennoch sich nit gebeßeret, sonderen
1798 3097 2822 3190 einen solchen nabitum und gewohnheit in dem
1790 3132 2820 3233 stählen bekommen, daß ihme alles gut wahre waß
1796 3193 2836 3292 er mir antreffen konte, wie auß vorbescheibnee
1789 3227 2803 3337 einer vergicht specificierlich zu ersechen, daß
1796 3291 2776 3398 er von dem 17tag biß in daß 20t jahr seines
1790 3347 2822 3441 alters in 38 underschidenlichen diebstahlen seinen
1781 3391 2797 3516 nebentmentschen beraubet und gestohlen
1773 3449 2010 3528 wie volget
