3024 4032
568 542 1407 675 Veter Hähli von Ruti
542 712 1456 851 ser ist wegen eine starnken ohnter
521 803 1448 902 schamten stättlens, weilen viefaltige
541 863 1484 955 Vermahnungen und fortweisungen an zum
545 917 1474 1022 nichts hatt verfangen wollen, Hurmog Sall
547 979 1458 1088 er odnung ims Schallenwurck erkunt
542 1044 1467 1154 worden, vmb daselbsten anbeiten zulichann
511 1110 1056 1222 acte den 5. maii 1685.
571 1358 1201 1505 l Ramseyer
523 1452 1479 1593 It abunmüßig, Weilen er seinem Meiter
524 1543 1482 1657 ein nhemung haffen und mit zuchen Jogg
515 1602 1478 1707 Spahrib der wihrtin im stoll drey naue
532 1670 1484 1770 zutt gestohlnn vff nin halb Jahr vns Schal¬
534 1727 1461 1842 lenwunck erkent worden. Acte 6. may
1277 1798 1422 1876 1685
880 2006 1236 2138 Aaiberin.
445 2148 1466 2278 Diserer halben ist wegen ambtreligio
505 2226 1443 2340 en aubernhens und das sy an dem mit
519 2296 1461 2403 wenten hatt iren dillen theil gehabt, ohn
504 2361 1425 2471 gnachst sy selbigens nit hall gestehlen haben
501 2428 1452 2526 wollen, sondern von niner andere tragu¬
506 2492 1464 2600 gebracht worden seyn, erkent worden, in
492 2558 1459 2684 selbe drun stund lang aullen zu laßen und
494 2628 1425 2736 demnach zanr Mutter nach urbrag mit
500 2695 1435 2808 einer gullen remonstran nach abtrag
498 2750 1431 2875 ostnms und restitution deß embstahls zu¬
497 2821 1381 2936 übergeben. Dcte 16 junii 1685
668 3033 1219 3173 drg seheber.
431 3181 1446 3312 milen 12 In dem 12 nach ablag deß Eyl
460 3259 1450 3372 Wegen von der Gmind Heinißlogl an zue
474 3326 1452 3439 habender ansprach iß dawo gesetzte termi
485 3374 1484 3499 entwonder nit außgewrellen oder aber vor
1836 588 2857 746 der abschafdung sich wider im land befunden
1814 687 2853 793 den eyd übertretten, alß habind ir kil da
1837 737 2870 873 mit sy sich deß neynendis nit theillhaftig man
1850 804 2873 921 hend, erkent, dise das diser fehrber nochmalnn
1836 871 2844 988 eydtlich von rtatt und landen gerwisen und
1840 930 2874 1034 mit den profosen vor die statt und der Stur
1839 977 2850 1103 gnem zihl hiaußgeführt worden solle, mit
1818 1052 2845 1183 der betrundung, shann aden eyd nochmahlin
1840 1097 2843 1231 ebententlig wurde, 2r Lh. über vun richten
1830 1164 2681 1291 wurdind. Was die gnsatz erförderen.
1797 1247 2337 1358 Aote 22. junii 1685
1966 1515 2628 1670 eadle habeli
1812 1676 2801 1813 ber abgelngte relation daß Madln sach
1833 1767 2778 1888 he Burnkhart Hichers dmmagd über
1822 1836 2781 1942 das mit ira gehaltnen guttliche cramen
1807 1891 2790 2000 zwart bekantlich worden, iie in Aum
2675 1956 2711 1993 1
1802 1950 2832 2057 duchsuchen gehalt gefundenn Kasunmingen
1823 2018 2794 2116 Ratzen, monn, sallen etc. genomm zu haben
1804 2066 2773 2165 In dem horhaben judoch selbige uff wur
1823 2125 2822 2247 frauwen nachfolschen sonder zu zusnbing, von
1808 2198 2796 2292 dem oenlag mtldenten dum aber vill
1825 2251 2774 2335 wnnger von dem gelt das münse nit
1821 2312 2833 2421 wüßen wollen, habend zwar ir lh nichts
1829 2363 2827 2483 ganssachlichens sechen wunen, gleichwol aber
1810 2425 2849 2570 auß den imbstanden dise nagd der benlagsen
1814 2491 2798 2603 sahen sehr verdächtig befunden und hinmit
1812 2550 2801 2678 erkent, wann sy uff nochmahligen gantz
1812 2608 2769 2728 naußwörtigen examen und trugung daß
1803 2686 2806 2806 anmeistumb nihus wiitrnb bnkantlich um
1820 2750 2828 2866 wode, daß sy mit munrednbglubd von ind
1806 2795 2811 2937 siger satt vewwisen werden sohln, mit jahi-
1819 2869 2827 3003 marin sich shamai dinnumb allhi zu¬
1808 2927 2820 3053 einßigen, Beilin a  tad dard Burger
1804 2979 2820 3124 sölchen junnzen und ohntrewes gsindlumb nit
1817 3057 2763 3168 vonnohin habind. An 7. ocobris 1685
1787 3109 2266 3230 Ads abtrag Cosnach.
