3024 4032
299 403 370 500 01
221 591 491 678 auch nach 100.
223 658 514 735 jahren deßen nn
224 714 509 801 on ium zurvor
207 759 345 864 omnn.
189 2023 446 2149 Omittendum.
529 507 1453 685 kein Vog desem allem seyn ess Keines
544 606 1483 744 und wurde sich gar nitefindin, das er weder
544 678 1472 803 söll noch loniigen an ußern ort Correspon
535 742 1476 868 diert noch bekantsamme habe, noch solches
535 803 1478 923 etzun gesinnat gewesen, sondern ein al
513 868 1477 997 sechen seyn geleßlich mit anders gewonsen
517 934 1460 1061 Alß eune bekantschatt der sachen zu haben
523 994 1478 1122 umb deso Beßer Neinueghl den Kiegs
521 1065 959 1184 zahten zudinnen
471 1183 1449 1339 Ann ein anderer ölchens gethann hatte
511 1301 1459 1403 War er, ob ensalbsten nit glauben thale
482 1362 1475 1482 daß solcher ein böns vortaben gehabt und
481 1436 1466 1539 zu nachzeil daß Standes etwas habe so¬¬
511 1493 1424 1618 numen wollen et Müße bekummen.
494 1556 1448 1686 esolchen verdacht willicger maßen über
488 1633 853 1739 Auch gezogen.
478 1780 1447 1911 Ob er nit vor etwas zeites zu heren statt
487 1868 1453 1980 schrubern gesagt, er Wolin zum ambaha
500 1930 1432 2046 doren nacher sollothum oder aden ob
499 1993 1429 2093 e auch nit wolle, oder was ec zum sönsten
490 2055 1003 2164 auch bemahlen wolle
1004 2072 1429 2165 Deßen wurde
493 2126 1452 2227 zun kein muntsch mit varheit bezeichten
483 2194 1395 2298 gen wunen dann bstart alß er imb
487 2260 1419 2378 land kommen, seyn er mit zu Sollothin
496 2327 1436 2447 sin und mir mirmahl zu Rtadin, da
462 2397 1455 2514 gemaylen nahl Cons von gach auch daselb
476 2470 762 2580 hene wahrn.
448 2554 1394 2699 Ob e zinuor, alßo er nach un die anzbig
473 2651 1407 2778 gegangen, nit auch Gudlen hindermelis
470 2692 1419 2824 vertertiget und das Galt für um be¬
468 2777 1357 2891 halten habe Ob muße enan son
472 2809 1407 2979 eznum Mandat bescheche sein Seye aber
459 2916 827 3041 kein grosen sach
472 2994 1374 3158 da by abstaben herre tringis-rahtschriber
449 3073 1399 3200 ellers sech zum nit by seinem eyd be¬
467 3121 1453 3260 wohlen worden seyn, alle hinder zum haben¬
460 3206 1407 3340 der schriffen wider ins gwalb zu lagen
444 3259 1440 3414 da, er habe selbiges dagemalen auch getzag
419 3362 1435 3488 Die schröffen aber siderhar erst drauß gendung.
510 3458 574 3503 eh
411 3390 1419 3555 und er nach herre obristen sterseht alß damahlen fei
436 3461 1407 3636 ordnnten zu den sachen befragt worden seye, ob erben
432 3507 1442 3676 einem end begugen sonne, das Er knnn mehr hinder
422 3620 1042 3731 Ium habe, mit ja entsprochen,
2765 346 2829 431 11
1795 443 2896 679 oba nit durch herren handard das ordinanz
2552 552 2800 636 kein
1804 575 2539 750 buch habe abschreiben laßen.
1809 609 2883 813 ondern weiler by gehaltener mußerung
1800 666 2835 903 vngen ablonunheit her weisen er nit allens
1809 745 2875 951 habu capediceen konnen, habe er damhl
1804 831 2885 1019 handard ein stat übergeben. Wans ex expre
1803 883 2902 1097 dierg solle, Welche cxpeditionen hurnach von
1820 968 2858 1184 eh 1. dachselhoffer hernach auch segind
1815 1110 2151 1254 zusgln worden
1802 1214 2852 1383 so er nit nach zruyburg odvertiert, mann
1805 1269 2864 1456 berde gewehr vmb Beltsche Landschicken,
1812 1342 2881 1510 also das selbige inrarresuer worden seyin
1819 1438 2851 1579 Sin darenr Bahnte um Goll, von dem
1805 1511 2880 1650 arrest wüße er auch nüt, müße solchess erst
1807 1583 2817 1725 seit seiner verhaffung beschechen sein.
1795 1705 2856 1837 korumb a cann so off in dem zughauß
1806 1750 2904 1913 nachgefragt, ob die jahr nach bißfleung
2307 1852 2904 1958 Solchens seyn beschechen
1808 1885 2219 1991 erschiikt sagen c.
1801 1924 2877 2049 veilen herren landtvogt daselbst unn deßwon¬
1801 2002 2233 2112 gen zugeschriben.
1811 2104 2890 2231 dorumb er aber zum und nit dem herren tringt
1802 2204 2835 2318 Raztschreiber oder seinem Brudar dem herr
1768 2267 2838 2389 ungwart zugeschriben habe. Solchens seye
1808 2344 2882 2457 ußert allem zweffel dahen gefloßen, Undle
1810 2410 2844 2535 Atum zudor, wie auch andern herren Geltschm
1809 2472 2867 2591 embtlichen auß bedelch deß dig rahtb
1791 2537 2171 2645 zugeschroben habe.
1759 2653 2798 2808 as seyn bericht vochanden, das er manchmahl
1798 2756 2848 2881 zimlich inelandtisch seyn und revieru wol
1802 2819 2796 2965 ihms ii zeichen numb bößen gewußumb
1807 2896 2803 3011 ein, daher er selbiges mir raumen solle
1807 2963 2792 3089 num melancolni und reverie ruhrn nit
1792 3017 2854 3176 han von diser sach, sondern von dem schlechten
1799 3087 2856 3219 zestand eines hatters der ue
1798 3154 2771 3293 nine under manchmahl heise auß den
1797 3223 2708 3368 hauß gehen, sy habind nit zueßen.
