3024 4032
500 680 1553 821 rozte Ruhr und den Präten seyn; Vel¬
504 767 1565 886 ihn Lrüter und wurzen er mit Caspar Otzen
481 832 1545 941 sohn, kamb genant, vor suchs Jahren, jndoch
506 893 1556 999 ohnn Nißbnauch deß k. namens Gatlens ge¬
495 955 797 1054 graben habe.
468 1019 1516 1149 in Ium das by zum gefundenn Sägner
377 1059 450 1157 3.
496 1094 1504 1223 Öntli zuhanden kommen, und wass e darmit
495 1180 668 1263 guthan.
483 1211 1546 1354 Sein schwächer Cahpar Hoffmann, inzund im
484 1293 1519 1405 sund hinder Rüggispurg gesußen, habe es
484 1359 1554 1471 einer herren geben mit durmelden, es seyn gull
480 1413 1546 1498 wider die gnihti, darmit in hd behaffet ge
493 1472 1547 1586 unsen habend uns müßen oben an die Binglin
490 1534 1525 1646 hanrken Wüße aber nicht, wass danin ge¬
493 1592 1504 1709 nsen, dann er solchen nimahlen gnöffnn
453 1664 1407 1772 darzu konne er nichts geschribnns isun¬
382 1727 1507 1871 4 Wohar in komme, das die lucht nuw gehabt, o
498 1814 1156 1918 auc er in banden gewesen.
429 1883 1542 2010 Ain lücht, so solchens sagen, könnend wal anden
473 1976 1485 2084 raussy wollen, seye aber die frag ob m
459 2031 1551 2147 deme alß seye, segind seine hnd andern
476 2091 1448 2217 ncht klagend nichts, Sege uff zwun
453 2137 1520 2274 monat lang der arbeit nachgangen und
478 2226 1493 2338 abwesend gsin, ver imn darzumahlen
454 2289 1000 2400 das übel duvursache.
448 2357 1492 2491 It berinch vorhanden, daß verschinnen
389 2394 449 2471 13.
384 2448 1549 2563 Zimstag deßen Caspar itzen hrren sich abermahl
459 2525 870 2626 übel befundin.
340 2616 1558 2743 5. Laß namlich dass dunh. Wann ins in minen
441 2688 1511 2822 stall getosen, darauff hin außgeßrrest und
431 2767 1386 2892 Verdonben seyn, Batl er herumnnt.
345 2864 1517 3015 6 sein ergen kind hahn bym heunderspringen
445 2965 1452 3077 von einem Uirstbaum bosn zunst hurübt.
364 3036 1477 3178 R solches seyn imme ohnbekant, glaube ns nicht¬
371 3171 1516 3288 em eigen Schwinger habe inn solcher Schwarz
424 3243 1487 3357 mnsten angerlagt, und off darumb gescholten,
433 3307 952 3403 sl uß zum behaltn.
421 3366 1525 3504 Nögte zum Hinderrunks geschechen sein haben
431 3448 1537 3563 Inn haber nimahls etwas gusentlich und ander
374 3511 851 3596 Mundts Borgehalten,
417 3561 1514 3699 Alß Caspar izun herren nimahles nit zuchlin ynnng,
316 3586 386 3685 8.
443 3656 1518 3756 und sy in zum gerlag 16 22 pra nit gerahln.
2887 513 2972 612 6
1824 585 2986 722 solle 3 tizlig steinm nunen ein nohten ein weisen and
1845 670 2730 768 ein biatildm und selbige in das zuor then
1752 682 2949 882 2. sabe nrawol gesagt, Wann sy warm steinen dar¬
1859 767 2968 911 ihue, wardend sy wol erwarmng, gleichlan die Pfister
1825 825 2924 948 darmit handlen, wann das brodt nit farben wölle
1834 899 2914 1034 ihnend sy warme steinen in den offen, wann ins
1854 951 2908 1086 aber in dem offen zuheis mache, ihmend sy kalte
1849 992 2959 1123 seinen darin, welche alß dann dem brodt die faub umb
1839 1054 2969 1170 etwas benemmend, Wüße aber von keinem anderschmid
1831 1148 2380 1254 der fauben sich zuzurnumn.
1744 1166 2951 1339 Sein sohn christen Murri un 13 jahriger ont ist
1862 1254 2944 1389 onfrage Bonden, ob er nit vor 4jahren von nunen
1844 1320 2898 1428 hochen urßbaum uff den andersten ast herabge
1822 1371 2953 1489 sprungen und im herablaßen gesagt, Tuffer hilff
1817 1422 2947 1559 zuvor auch den zusucheren gesagt, er wolle solchen
1837 1543 1979 1615 ihun
1756 1516 2929 1685 Dr seyn nit zu Oberst uff dem baum gewüsen, habe
1847 1622 2898 1739 eie ab zönschen die bein genomeen und darüber
1846 1683 2943 1801 hinabgeritten. Wüße zwar noch, das jnmand dar
1850 1738 2943 1871 by gewesen, konne sich dennoch nit versinnen, solche
1846 1796 2937 1914 bort gerudt zu haben, Oder wann solchen schon be
1843 1844 2934 1978 cheihen währe, Zelte E darby kumn Karstand gehaltt,
1824 1930 2919 2028 dann er noch ganzutung gewnsen. Acte 1. sptembriss.
2721 1981 2890 2044 1684
1817 2056 2921 2191 ober Welche elation vnd guthann Bekantuub
1827 2144 2856 2254 habund Er Ah. nit unden knni, daß dar
1847 2196 2900 2309 vatter ein hauberer oder zexinmeister
1834 2263 2905 2379 eye, und wollend deßwegen wer an Galler noch
1849 2325 2873 2446 an gnaben mehrsuzen laßen, sondern sy ledig
1847 2390 2931 2496 erkent ein sollen zntoffnung, das sy das jni-
1843 2450 2927 2580 ge, war sy bereits außgestanden innn zur bahr
1853 2533 2869 2648 ng dienen laßen werden, welchem nach
1832 2594 2927 2712 n mit mir gutten remonstrant sich zubeßern
1845 2670 2931 2791 und verlagbahr zuhehalten auß der gefangen
1833 2733 2919 2869 schaff loßgelaßen und widerumb nocher Hauß
1830 2811 2832 2928 gewisen worden. Acce 11. septembris 9684.
2486 3177 2516 3245 1
2041 3202 2782 3345 hristen Brachberel
1804 3362 2889 3494 Vber abgelegte Relation daß diser von
1829 3445 2942 3571 arburg begangnum imbftahlis lngen allhie
