3024 4032
371 1845 418 1904 1
416 505 504 575 46
635 588 1588 775 Am Zinstag bnorgen wie ser zum deitte
637 688 1549 818 mahl zu der Plußenen gangen, habe
625 765 1576 887 er gehört, das sy ihme verzogen verzogen
624 814 1555 954 und vergäben und das uf eine solche
622 886 1570 984 weis das er abnemmen können, daß
602 952 1485 1059 sy beide etwas schulds habind.
610 1044 1551 1172 Nach deme nun ier gul. so wol des
617 1121 1579 1228 flüßen verantwortung als der
623 1187 1560 1310 gezeugen ußsagenn wol erwogen
628 1251 1564 1368 habend ihr gn nit geugsame ursachen
627 1313 1564 1424 und grend finden können disers für
630 1389 1589 1487 einen todtschlag zu halten wohl aber
628 1446 1568 1544 das er sich hertigklich versündiget in
623 1525 1574 1639 demme er den oster sontag und nacht
625 1572 1544 1691 mit dem trunck sich ubernomen
613 1641 1570 1746 und seiner frauwen in der gestalt
599 1696 1576 1832 da sy eitkleidet, vellicht auch schonn
596 1774 1579 1897 ware, mit dem fuß einen unfersich¬
607 1847 1544 1953 tigen stoß bygebracht, dardurch
607 1910 1570 2013 der fahl und andere bose accidentia
610 1972 1316 2095 haben mitstechen können
602 2042 1563 2166 derowegen ihr gul zu seiner wol
602 2110 1571 2220 vordienten straff erkent, das er
575 2176 1583 2285 fluß für zwey Jahr von dero Statt
595 2245 1574 2342 und landen verwiesen werden solle.
581 2300 1321 2424 act 28 apr 1688.
556 2356 837 2504 Crctu d
839 2382 1377 2513 2. marti 1688.
1163 2481 1330 2587 h
787 2632 1340 2776 Jager Gentil
790 2739 1579 2855 der archande and Neüwenbarg
795 2804 1083 2914 gepirtse.
553 2842 1545 2978 Ist wegen verübter vntreiw
589 2932 1524 3046 in ihr gahn zeughaußen alhiesiger
572 3002 1570 3091 statt ucf ein stund mit dem rechten
577 3055 1561 3164 arm in kopffslöche an ein eisen an
566 3115 1530 3227 das Zeughauß Thor, zu der Zeit als
572 3178 1560 3280 das Reginents pülser jedermeiig
566 3240 1571 3343 klich ußtheilt geschlagen und hernach uf
569 3291 1574 3399 ein jahr lang von ihr gn statt und larden
566 3346 1433 3459 mit dem eyd verwiesen worden.
575 3400 1018 3496 Den 15. maii 1688.
505 3442 1040 3574 wg gleichen tags.
2791 512 2895 587 a19
2090 529 2691 684 Merrx Mondon
2131 635 2596 749 ein Peeomonteser
1843 670 2857 810 ward von ihr gn statt und landen mit
1860 769 2827 888 dem eyd verwisen, weillen er einen
1854 829 2817 938 gewuden Reißgrumpler vßgezogen
1848 887 2870 1018 haben soll, deßen er aber nit bekant
1857 944 2919 1045 sein und auch nit überwisen können e.
1846 1018 2366 1142 Den 3ten augusti 1688.
2051 1273 2736 1403 Anna Steiner von
2133 1375 2617 1476 frauwbrennen
1855 1443 2852 1566 eine vmbschweiffende dirnen welche
1873 1530 2888 1641 bereits zweyer Ehebrechen bekant,
1855 1597 2920 1699 und beklagt ware ihrer letstgetragnen
1859 1650 2785 1751 leibsfrëcht sich abgethan zu haben
1841 1713 2884 1824 so sich aber nit erfunden. Ist von ihr
1852 1768 2910 1899 gel. vf zwo stund lang an daß halßeisen
1853 1841 2860 1965 zustellen, vnd hernach vf gnad hin
1853 1909 2879 2024 von dero stätt und landen zu verweisen
1853 1959 2846 2087 verfelt worden den 22. herbstmonat
1847 2027 2026 2099 1688.
1851 2071 2347 2200 gleichen tag.
2095 2275 2668 2431 Eictaus Habri
1833 2354 2857 2489 ein bekehrter frantzösischer ordensman
1849 2446 2837 2564 hat ein eheweib, welches von jeder
1841 2504 2864 2623 menigklich ehrlichen labwesens halben
1834 2558 2807 2686 gute zeugsamt gute zeugsame hat
1838 2640 2825 2747 vilmahligen byschlafs angeklagt
1826 2704 2877 2819 vß den vmstunden seiner anklegt aber
1844 2786 2809 2872 abzunemen gewesen, daß er ihra
1828 2833 2815 2955 vberthure Er sonsten auch ein
1787 2886 2830 3027 Landleuser und schlimmer gast, Ist
1826 2960 2808 3094 zu seiner wolverdienten straff
1846 3018 2848 3157 von ihr gn statt und landen vor
1848 3076 2866 3227 eisen worden den 22ten herbstmonat
2609 3188 2811 3282 1688.
