3024 4032
325 2747 406 2899 a
330 547 434 663 151.
509 603 1418 769 durch eine reftige und ennsthatten ur
535 701 1473 846 mahnung ire farnnen begangnen sund
529 783 1415 898 und laster zu bekunnen, aber zugleich
525 860 1454 961 Auch eimandem ohnrucht zethan Bar¬
515 909 1441 1032 nach mit antundung jahrer marter
497 981 1421 1098 Ob ist aber selbige darüber by frer
510 1045 1437 1158 Hinvor guthanen bekantnus der füns
523 1120 1420 1235 angebung gursohnen verbriben und ul¬
512 1194 1438 1319 aige uff ein frischens bestalliget, von der
518 1265 1450 1388 neren begangen mißethaten, sonderlich
511 1335 1407 1453 aber der Gurgiffung halber feür
511 1408 1410 1529 znhabten ehemannenn und gnmünter
521 1484 1387 1606 richtschanden aber gar mit bekumnen
521 1551 1431 1677 vollen Endtlichen aber gerutten vnd an¬
508 1623 1431 1742 gehalten sy wider herunder zulofe und
490 1690 1420 1800 gna die hand vffanden zulaßen, mit dar
486 1753 1380 1870 zusag, das sy alß dann sagen wolle, wacs
481 1825 904 1903 sy weiters Wüße
995 1835 1432 1938 uff beschechen deßen
500 1887 1396 1995 y zwar nochmale beställigete Irn hinno
499 1945 1424 2044 euge bekantnuns, aber von Berarin be
488 2008 1382 2116 gangnen fählelen wolte sy nit weitwrs
490 2068 1396 2179 wüßen Alß aber wra die hand wider
484 2130 1402 2244 iß ein fürschens ausammen gebunden worden,
482 2194 1429 2306 und wider halt uffgezogen werden sdeli
467 2259 1445 2387 satt sy nochmahlen umb die gsösung sichn
478 2322 1403 2433 lich angehalten, mit der guthaum ar
466 2373 1297 2494 sicherung, Iißmahlen zusagen. Gab
1316 2398 1379 2496 s5
475 2425 1425 2565 weiters gethann, so zum mann sy nit nicht
472 2494 1408 2620 anbinden und dssgiechen zoßen wolen
475 2559 1369 2673 rauff sy dann folgende weitnen bu
479 2627 1429 2752 kantumb gethan, sich Burmans in unzucht
488 2685 935 2805 urgriffen zu haben.
495 2801 1418 2956 echbemb mit einem franzöischen ten.
470 2881 1386 3017 gen Zuerin, so ein Ambassador getonsen
477 2954 1403 3082 Und sich nacher Main Begeben, daßen
479 3019 1407 3130 annn seyn jra ohnbekant und zugemid,
473 3068 1401 3203 96 e verehnlichet gewüsen oder nit habe
467 3126 1417 3265 enselben zu Rühren, alß sy nacher Zindel
473 3197 1404 3344 burg geführt worden seyn, angetroffen und
477 3262 1380 3389 folgentes in sinner suice mitmaridiert,
451 3334 1381 3474 daou zum cohn umdfangen suches dunaten
1600 661 1715 773 7 C
1625 924 1688 1003 5
1613 1159 1692 1260 9.
1616 1370 1679 1446 11.
1636 1576 1688 1665 11.
1629 1707 1701 1839 12.
1645 2082 1718 2191 13.
1781 563 2831 746 endes. mit einem zugnummen zuei
1745 632 2820 836 zu Zendelburg in Irem wamnnt dar
1762 683 2846 884 für sy empfangen drey luben. Welcherledig
1763 844 1915 945 gewnsin.
1755 798 2773 975 achtem zu Lnian mit mr debonsrin
1767 899 2759 1047 sen sohn deß hurrm de honaveaun uin
1762 1017 2101 1122 ledige zursohn.
1713 1011 2815 1257 zum Kennden. zu Rodarre In Walinn
1769 1087 2858 1282 nit sean framoss sauore trum geweßen
1760 1242 2042 1357 versprocheng
1736 1261 2838 1453 zum zezenden zu montzeg mit midel
1754 1354 2844 1491 Hag Sao einer ledigen persohn, barrger
1742 1464 2181 1569 daselbst unmahl.
1737 1515 2851 1673 filffemb zu Gunff mit Langs du tamel
1727 1627 2338 1727 zweymahl, ist auch ledig.
1749 1693 2805 1832 zwölffend Zu Verzog, mit miner harde
1750 1769 2796 1894 aure genant Zweymahl, wnsin aber
1750 1842 2725 1946 tet, Ob er geruhnlichet oder nit, seyn in
1738 1908 2786 2022 irer sammen beschechen alesen da sy ge¬
1757 1975 1885 2075 bohnt.
1741 2045 2830 2185 zum enzechenden hatt sy im Oßungehn
1747 2145 2789 2261 auch angeben den apitam descsamps von
1762 2219 2759 2332 sitins, das er sich mit jna zu Hindelburg
1766 2280 2774 2373 ahin er tra 90 haller überbracgt auch
1741 2347 2837 2468 uimahl in unzun Hergeiffen habe, seyn
1732 2419 2758 2541 dazumahlen noch ledig gutonen dißmahlen
1757 2491 2808 2615 aber zerehnliche und habe enrst entstlichen
1733 2550 2819 2684 zu Teiw sy noch gittlich ursuch znm zuvar¬
1763 2626 2834 2740 schonen und nit anzugeben. Welcher abergleich
1751 2692 2804 2803 Wol s dersach auch curant und longen sene
1742 2739 2835 2857 vsezaßligkin, mit hall allhar gebracht werden wonnn
1773 2795 2827 2929 der welche hernere vergicht sy bezügnt,
1756 2855 2855 2993 keiner Vernuri mißethaten halber vnßuab
1746 2918 2804 3043 zutragen und darby einens herren landmanten
1766 2985 2847 3137 mit demme sy sich füny ersprachen konne, begert
1753 3049 2825 3188 o wa auch verstaltet worden, maßen ans da
1740 3115 2344 3239 zumahl darby verbliben.
1733 3204 2790 3370 Den 11. dito hatt sy heren großweibel weiters
1757 3303 2752 3450 bekent sich auch mit fleischlicher vermischung
1765 3389 2248 3500 eingelaßen zu haben
