3024 4032
342 500 394 579 8
612 576 1267 715 Sohanner Rudholff
719 694 943 815 Dipser.
474 894 1429 1030 Auß abgelegtge relarion und bylünßig
542 971 1419 1076 eingebeuer Verzuichnnb, Habund e A
510 1040 1434 1175 zuturnunnen anhabt die vill und maning¬
532 1095 1428 1205 faltige Embstahl, welche in einem Aauß
519 1157 1455 1298 an der matten gefunden worden, so das i
500 1236 1463 1357 das jenige was auß herre sauwhl Weillenbachs
513 1296 1409 1427 Sauß und arotenk harkomt by fünffzig
517 1355 1395 1476 ronm mährt sei soll, ohne dacs, Was auß
503 1431 1425 1559 hr herongnih Zellenburgs und anderen
496 1493 1428 1596 denem mehr, allwo diser sipser gearbeitet
500 1553 1425 1670 harkommen it, und obwolen der Neiter nit
516 1622 1438 1741 bekantlich, daß d solche umbtahl derubt son¬
509 1686 1390 1816 dang seine bende maben bekent, dise dung
503 1753 1435 1869 enthendet zu haben, zurnumlich der immer
480 1825 1420 1947 So seye doch auß der knaben frag und önlen
493 1897 1427 2019 gengsam am tag, das a der valler wol dar
496 1961 1422 2073 von gewußt, dise diebftahl gehälet, da sich der
495 2026 1417 2142 selben genoß und theillhaftig gemacht und
490 2089 1437 2201 alß seine und gluchsam zum Rählen uffer
916 2166 1414 2245 sy welchen so beschaffeng
473 2176 716 2254 zogen hatt.
463 2214 1425 2331 dingen zr d wal ursach gehabt, scharpf so wal
490 2277 1425 2383 an den valler als an die jungen buben zusuzen
492 2342 1427 2444 und sy hart und nach terdinnmg abzufraffen, so
478 2410 1396 2504 habend dieselben dennoch sonderlich wegen
460 2466 1394 2577 deß landtwereks zuverschonen inn nit nach
479 2530 1383 2632 aller schurffe ansuchen wollen, sondern weilen
466 2589 1380 2707 Aem Burer und schon lang mit der Hoff
474 2656 1367 2757 nung umbgangen das ewige dabiranten
460 2721 1424 2821 rucht zuerlangen. Habend jr hch. das nich
474 2785 1412 2895 in vnd Besern anachtet, disers gesindus sich zu
469 2845 1387 2954 entledigen und himit erkent, daß ersamt
475 2904 1368 3003 einem ruib und unden zwo sund weit uf
477 2955 1428 3065 mig von der statt Berwisen warden sollen Nit
439 3036 1414 3120 der insinuation, wann diser erkantnus zu wider
463 3084 1386 3192 y sich inmert solchem onzirck wurden ontrutten
459 3151 1417 3252 laßen, das sy alßdann den mehreren und varding
468 3215 1386 3322 den lohn empfangen wurden in rinnung, das disem
436 3281 1417 3372 zu wider zun ui kuin anchs sollen gestaltet und die
454 3332 1418 3440 diebtahl, so weit dieselben oder mittel vorhanden etc.
440 3398 1258 3495 stilveri werden acte 24. octob 1685.
2735 442 2832 543 90
1924 499 2582 662 Salomon Rung und
1899 597 2725 746 feiderich jung gebuidere
1725 803 2796 982 hachdem h TriegsRahtschreiber Weiß
1802 862 2853 1049 eine zeit daher wahrgenommen und bemerckt
1776 938 2862 1100 daß er seine sachen in dem Kringswälb nit also
1810 1002 2871 1146 lader antruffe, wie er selbige verlaßen, und
1805 1076 2793 1201 ame durch herrren amman geraunet worden, das
1799 1127 2839 1279 der sutstituierte Brings rahtschreiber Kong
1807 1210 2847 1353 allzu offten den schlüßel ier sondaren thur
1805 1227 2872 1396 habe abforderen und selbige uffschlinßen laßen
1804 1313 2833 1463 Ist zum obgelegen nach mitlen zurachten din
1798 1380 2860 1515 sach zrentdenken, maßen da sol etliche angeen
1800 1422 2867 1559 sine, dardach ohnzwmffelbahr hatt mitdunkt
1796 1482 2867 1638 werden meßen ob jemand zum hindrneneli
1801 1554 2839 1675 mit einem anderen schlüßel sich in das ge
1799 1620 2860 1746 wolb zurfugn, Alß nun die Zeichen ange¬
1799 1685 2771 1813 wendten zeichen solchen mit sich gebracht
1782 1718 2871 1872 hatt er seiner flicht gemäch nunn geodancken
1772 1813 2808 1929 deßitwegen behorigen ortis angezing
1818 1871 2830 2020 znd weilen aus obigem ambstand der ture
1797 1940 2799 2052 dacht knßen uff zun gefalltn alß habend
1779 1998 2871 2115 sr adesubr 7 8621s lutszin Mghl den kings
1794 2068 2829 2188 raheen in benelch uffgetragen, gedachten
1794 2135 2838 2244 wng deßwegen zuendzustoßen und zuexa
1792 2198 2838 2305 mnierin mit dem bysaz, zahlo a gerach.
1796 2258 2844 2363 eig funden wurde, denselben ge sichern ertn
1798 2324 2856 2424 alß süzin zu laßen, daß niemand mit zmm rede
1799 2384 2831 2487 oder orespendicrun wnnn, und holgnntis ich
1799 2446 2497 2541 einer schriffen zubemächtigen.
1766 2589 2784 2727 zu Volg deßen ist er dunch meghl die Brings
1794 2677 2769 2777 jah befragt worden, Ob er nit sintur
1792 2736 2830 2847 Aberist Mghl schultheisen von Erlacht nacher
1792 2801 2824 2906 sez in dem gewalb gewesen seyn, und ninen
1781 2857 2824 2974 schleßel darzu habe mit ernstlicher erume
1786 2923 2827 3024 einig im eha mit bietder uunstumensande
1794 2979 2812 3107 gestaltng er überwisen werde wurden uff
1776 3045 2786 3154 selche tager negando gnantwortet und
1799 3105 2769 3212 termnnt, daß er ein schlisel habe, un
1787 3165 2765 3286 In obgemeltungen im gutels gsin seye
1777 3241 2807 3401 N bedüten aber mann wurde inn ingesan-
1795 3359 2719 3465 genschaft einem und gemerds zugrechen
