3024 4032
143 3081 319 3160 Marie
140 3144 277 3250 sahn
491 478 1502 627 Maria Brindli, wie auch Mathimb Wolff
519 571 1539 715 gebürtig under mannz müt kemmn. Nun
520 632 1516 792 erkenne sy nit, wüße nit, wass das fürlicht
505 697 660 782 vergare.
509 782 1476 947 teilen aber bericht geben worden, daß
483 871 1461 1004 er dinet erst vor funff wuchen hier zum
493 928 1466 1062 Biisensene mit einer tirne gewosen sein
490 987 1458 1110 sölle, also ist der lutzwihrt beschickt und
451 1050 1438 1184 darüber befragt worden, welcher damn
482 1114 1491 1252 nachdem a diser gsellen beschauwet, anstagte
470 1172 1491 1313 daß er von denselben kumn munn, alß inn
467 1236 1504 1374 tinet, welcher etliche mahl by zum mugelehrt
478 1293 1490 1441 und ers vor funff wuchen, und seineser¬
465 1348 1454 1499 achtumb grad mmt disir gefangenn mage
451 1436 1479 1561 Habe sich aber daselbsten nit lang uffgehalen
469 1483 1483 1611 ten sondern mit einandere mir ein halbe
463 1545 1434 1665 und umb ein rützer brotl, welchens er tince
463 1613 1425 1734 begalt, daselbst genoßen und saanbis mi
447 1688 1458 1824 einanderin läder fontgegangen, im übri
437 1751 1436 1892 gen habe er ninmahlen kinn Wahr by zum
434 1823 1428 1928 gesuchen, Seine ameraden und andern, so
436 1895 1403 2014 allemahl by im geoesen habind iun
406 1956 1407 2067 Sampagne und sein Struder Cannot ( Raze
421 2031 1379 2148 bings kamen sich auchz dur description
387 2093 1347 2221 deß Cappellards begiden) geheißen.
389 2167 1368 2282 habe sich vor zwegen jahren mit anderen
406 2240 1426 2340 by der paver Muhli zugezogen, welche shl
391 2302 1392 2428 Rahlshrrn Siiger bym rohinn hauß wegen
403 2377 1393 2491 Verlohren, gultb seines lchenmans haben
399 2444 1392 2550 ergreiffen laßen wollen. Segind aber schon
385 2503 1380 2618 auß dem staub gewnsen, ir für sein theill
373 2569 1370 2683 habe ab zum mit geelagen, habe wol gußen
399 2630 1398 2746 und wöl Betzalt, sein schwöfer aber haben
375 2699 1378 2803 Inn etwann by gwantzig hallerin wahrts
332 2765 1207 2885 Bedarin auß dem Stettenm gestollen,
334 2942 1370 3096 Uff welchen erlangten brauch die magd
358 3040 1384 3168 Maril Zahn vorgeführ und selbige nachmahlen
359 3106 745 3225 onfragt worden.
328 3184 1357 3314 Wann sy das Lilsenmahl allhiur ) dar statt
335 3266 1390 3392 getonsen. R vor einem jahr, alß sy das und
2790 420 2882 530 61
1792 573 2914 751 deß herre bertiis hrren gegeben und sidenhar
1820 707 2289 810 biß anzund nut mühr.
1824 723 2926 884 Alß da aber zugesprochen worden, die warheit
1793 798 2846 965 zusagen, dann es segend licht gegenwentig
1806 841 2921 1006 din sy eines anderen überzegen werdind, Nach
1818 922 2914 1065 dem selbige nun umb sich geschaudont und den
1819 972 2896 1142 lutz wihrt ersuchen sath selbige bekent, dasß
1822 1054 2899 1216 aswan vor minem monat mit dem gefangueg
1816 1103 2902 1250 teütschen das ist dean tineri hinr zum lutz
1808 1202 2861 1331 gewesen, ne halb mais wein und umbun
1818 1231 2919 1367 antzer brod mit einanderen genoßen volgents
1792 1311 2931 1419 eir andjeder wider fontgangen, welches erzwar
1806 1348 2848 1498 gethelie, aber sy hahr uund jr theill lndergeben.
1816 1423 2880 1538 si dann dser jenische heiße. Wüßees
1825 1478 2904 1606 nit sein bruder handle mit porielamu wahr
1805 1541 2866 1689 Vo sy zusammen kommen. H habind einanderen
1814 1626 2863 1756 uff dem wug eswan ein sund von Sasell
1798 1708 2113 1817 angetroffen.
1778 1732 2902 1909 Wo sy mit einanderen ubernachtet. E. lß dum
1786 1860 2104 1941 anbdunsemi.
1776 1911 2751 2040 Voc er gusauß habe, Vo E hinauß wolle,
1801 1973 2890 2093 gan hern sein struder zusuchen, sein sfard
1797 2040 2890 2168 habe ein bein Bochen, No knhna gelt Henschn,
1781 2121 2878 2235 das er einanders wower lauffen wunn und
1783 2190 2857 2284 Wann er zun nu zu Sam antruffe, so wollen
1796 2238 2176 2345 er nache Zürich.
1778 2313 2884 2470 Wo es wider von ane gangen h kinr der
1779 2400 1885 2476 Batt.
1789 2431 2810 2586 vons eb shinr habe machen wollen. H habe
1780 2528 2861 2652 wollen siin und, Burmmimunde ins fir anzu
1781 2588 2275 2698 aeffen suchen wollin.
1753 2663 2845 2825 Vo nich seinem iuds nachgefragt, H f dem
1774 2750 2468 2873 stalden by den amm nahim.
1749 2809 2823 2978 Nach selbige gesagt, vnd Nohar sy einandren
1772 2899 2867 3053 gebun  habind gesagt, sein kind seyn nit
1774 2956 2807 3119 vorhanden, nunn im abrigen die licht nit
1740 3016 2810 3191 dahere is noch amselben tag widerzurunk ff
1756 3081 2103 3212 Sasel zu gangen.
1737 3144 2764 3334 Wotar anb gekommen und und lang ins von
1757 3273 2869 3412 einem meister gewüsen.. Sege von Straß
1766 3298 2823 3478 brag konng und achs tag auß bewilligung
1750 3379 2453 3530 mns meisters Raggewasei.
