3024 4032
305 521 415 612 157.
327 657 407 753 14.
334 1011 394 1102 15
464 578 1418 756 Zum vurzechenden mit g de hohsan
524 673 1442 836 von Lausanung, nach dem Todt wuch nesen
496 760 1396 877 Ehemans einmahl In sinms Lnderns
486 817 1008 945 dnß herr de desana Hauß
472 931 1446 1088 zum zunffzechenden mit einem zur
509 1040 1408 1157 mune Zutschen Juuren auß Sagnn zu
485 1117 1390 1214 Hunff 4 f oo 1683 by gelugenhnit
511 1172 1455 1283 einer Promenade an Dasteaun de Jarau
506 1241 1441 1362 eines tagss hiermahl, habe tra deßwe
496 1316 1000 1416 gen ein theli gemuhet.
487 1435 1403 1582 Sy welcher Legr gethanen fangich sy
487 1519 1404 1653 Hiderhar buständig verhanret und selbige
505 1591 1404 1722 zumehrmahlen beställiget, welchem nach
502 1662 1392 1798 gsich hiermit mit dier begangueg ehe
500 1741 1423 1868 beuchen, deren druy In dem Landt, der
495 1814 1374 1940 fierte aber ußent Büßelben begangen
488 1894 1412 2018 vorden, und tilff Burnn fahlern, darvon
478 1966 1441 2067 glom im land die andern dann Merthalb
482 2043 1415 2158 beschechen, beflunkt, befindet, und sich si
485 2107 1415 2232 mit deß todtbschuldig erkent, thut sel
485 2173 1351 2279 bige aber hertzlichen berewdung, mich
460 2231 1393 2352 Kotl den herren umb vergebung der¬
465 2297 1357 2416 selben und nun kohe oberkeit umb
482 2361 1366 2508 eine gnädige gethuil sähnlichen fittin.
653 2619 1144 2735 Liminal Pocess
778 2705 907 2816 zur
569 2769 1292 2926 Seanne Lonyhe Marillir.
446 2924 1382 3060 hn den disorischreiberen wint vn
470 3015 1390 3148 der anderen gebruuchen und gewachen
475 3085 1417 3200 Am der Lacedemdnieren auch diser alß
472 3152 1441 3269 höchst bedencklich gezellet und der rah
490 3220 1373 3345 gelt hinderlaßen, hanlichen, daß
452 3287 1378 3386 wann munr dem andernn das aller¬
482 3359 1375 3481 größe übel, fluch und gnheil usf den
1755 580 2820 758 halß wünschen wolte, so habe mann pfleg
1765 674 2804 800 nur mit disen wenigen worten zufluchen
1735 738 2752 879 dem weib habe gebrecher neb mit
1739 803 2781 940 welchen monten sy zuterstehen geguben
1722 856 2761 1013 daß sy darfür gehalten, ehebruch seyn
1760 917 2781 1085 ein solche schnode und verderbliche that, das
1753 994 2802 1129 wo er einmiset. Er daselbst mit ursum
1746 1073 2724 1227 Fluch und sammer begleitet und nun
1757 1128 2806 1274 offen thur sage, dardurch allerkuy Inheil
1761 1195 2796 1344 in ein hauß uischleiche, hiß daß ens der
1743 1275 2751 1418 zehret und gäntzlichen verstoret werde.
1738 1362 2788 1518 Iß untheil von diser großen und schwaren
1741 1439 2806 1570 sund alß einer vergehrnem und Burher
1748 1517 2763 1641 genm der Küßterin und familium ist sehr
1746 1577 2799 1707 klär und cieftig beställiget in dem ohn
1747 1630 2802 1760 fuhlbaren wort gottens deß obersten und
2567 1716 2595 1766 11
1751 1719 2808 1832 allgewaltigen richteris aller bunder und
1749 1791 2811 1905 Mißethaten, dann viler spruchen zege
1735 1863 2748 1978 schwingen, so endet Job vom Eheoruch in
1738 1927 2721 2051 seinum buch Cap. 31. v. 12. Ersam ni
1754 1998 2783 2113 edr, welchen biß  die kolle verzehrns,
1752 2076 2583 2163 und alless unkomen außwurzlet,
1738 2137 2716 2243 In den Sornchen Salomonis Cap. 6. p. 26.
1757 2200 2746 2321 taht höchtmurckwurdig geschriben, umb
1751 2265 2724 2383 einer kurm sillen gegahre einer zu
1747 2337 2814 2433 einem mnck brodtis. und im Cap 5 f G.
1751 2399 2766 2517 ihn demen weg furn von dem frumbden
1751 2462 2809 2577 seib und nache nicht zur thur tains Hau¬
1734 2527 2802 2627 senb, uff daß sich nit trambde von demer
1752 2589 2809 2710 trattselligen und zeme arbeit nicht senn
1730 2658 2796 2772 Im hauß deß Bländischen und mißet uid
1747 2721 2724 2840 lich Seulen, wann dem fluisch und dem
1763 2792 2764 2906 umb verzehrt ist und sprachen ach win
1745 2855 2505 2968 hab ich doch die zucht gehaßet.
1769 2931 2822 3088 aus byse aber stnd schädlichste, das dise Bißatha
1757 3026 2813 3106 nit nir eine zerderberin ist oesonderbahren
1760 3086 2772 3211 Gurßhung, Hüßerin und familins, welche
1769 3150 2746 3267 nach diß mittel verwüßet und zugrund
1753 3219 2748 3322 gerichtet werden, sonderg auch daß dise
1765 3284 2752 3402 und ein höchst gefahrlicher brand und
1767 3354 2817 3470 verhergung ist ganzer stätten und lander
