3024 4032
276 326 376 429 47.
226 618 390 715 Jaques
202 700 434 781 Lamlert
208 1808 364 1907 Jean
194 1892 358 1990 Finct
706 424 1064 557 er Grchibte
503 549 1443 716 aber zagues xambert hinsen, anbuhrtig
487 648 1433 764 auß vollringen, habe nun vorgenommen zu
493 699 1444 824 imen oruder sich zubegeben, welcher zu
490 753 1122 863 enedig mit fürler handle,
1210 791 1434 884 seyn nach
472 822 1436 950 dasel umb land kommen sich uff sollotzern
487 875 1437 1007 ind harnach uff Bürgdorff begeben, alda
457 938 1460 1052 e mit obigem egmelt etwann vor nune
457 997 1469 1131 Mona zu Burgdorff eingesütz und berlagt
467 1057 1442 1172 worden alß wann er gelt gendmmen haben
469 1120 1410 1230 dein, Im ubrigen nnne el die andere
457 1174 1432 1275 sonder lonna noch thul, habe sy ninmahlen
453 1231 1429 1344 gesuchen. Wuße auch nit, auß wass ursache
466 1301 1437 1416 mann inn ergriffen, seye em ehrlicher
461 1360 1445 1463 gselb und habe hinmandun mit zulind
448 1418 1372 1527 gethane. 6 Tönne Böß dinges schmiderin
625 1632 1128 1766 er Oibendt.
425 1749 1392 1888 uff befragen, iin iheite und wohan
445 1835 1404 1939 sege dann sagen, daß sum kam eyn
448 1897 1373 2005 san finer gebärtig von Monnen ui
430 1959 1401 2065 salbstund von nanzenn auß der ffalzen
429 2009 1418 2138 Welcher aber bußer Franzesisch alß lut
436 2070 1444 2186 ruduti haoe hinvor mit ooblanzer kingen
431 2145 1395 2267 gehandlet und seyn zu underschidenlichen
423 2207 1392 2325 mahlen im land gin, Weilen dißmahlin
427 2268 1404 2375 aber sein ffard ein beingebrochen, haben
410 2331 1396 2447 e jezend nacher cosant wollen seinen
411 2392 1394 2507 bruder, der ime etwas gults schuldig, zu
419 2443 1396 2578 nhen, daß es tum daßelbige gube damit
419 2494 1426 2653 gseinem handell wider versuzen wonne zu
418 2578 1393 2699 azburg aber halt er gesagt, er wolle von
1237 2634 1402 2730 1 6n
412 2653 1126 2759 minen Brudur quit entlichem.
406 2698 1415 2836 tragen, wohun e alß ein teütscher so wal
391 2780 1409 2919 Granzosiscen rede, habe solches gar tung ge¬
414 2842 1428 2983 hren vnd in der Armel deßen don mein¬
407 2896 1396 3047 pfarg gedmmet seyn mützig dyn Basell
402 2970 1411 3105 erreiß Anderlonge aber by insall am
372 3025 1417 3183 swei angetroffen, seinen weg mit zum dott
400 3096 1375 3252 gegangen und anden am berg übernachent
395 3169 1472 3324 ohne daß er etwas mit zungesprochen nach verse
399 3243 1361 3397 angenommen ußert daßer dem jahrdaselb
1284 3334 1429 3410 ne
394 3339 1191 3459 fur deß mun far Baber gefordern.
369 3405 939 3543 sons die anderen gar nit.
1572 729 1716 829 Dean
1565 813 1757 903 ahrangs
2668 432 2771 518 48.
2023 544 2294 661 er achte
1815 669 2808 791 mit sich Jean la hrange de villefranise
1821 734 2784 854 proche de egon und habe mit seinem pfard
1809 794 2745 914 so sein bruder umb drin Lisolen erkantt
1785 853 2772 986 zu seinem bruder, so mit Leinwaad handle
1820 908 2779 1051 nacher S Ballen müßen wollen, Sege zu
1812 952 2787 1107 gnstall zu dem hormentin comm und seins
1833 1057 1963 1111 asulbs
1820 1024 2787 1141 unden am brrg übernachtet, habe
1809 1092 2790 1195 aber sonder zun formentin noch übeige ni
1812 1149 2751 1285 mahlin gesuchen noch gekent, vnd seyn alß
1810 1178 2812 1348 ganz ohnverschuldter zingen n diß ungluck
1980 1255 2772 1389 uff setragen 36 tr nit ein
1811 1327 1961 1385 domen
2352 1315 2809 1435 Nein, welchens aber
1811 1340 2271 1457 dahit mit sich geführt.
1785 1389 2742 1506 wider den lnzbergischen bericht lauff.
1781 1447 2750 1576 Acte montagio den 27. april 1685
1686 1695 2739 1827 Alnun 1. Ag. durch dero dieneren
1798 1778 2784 1894 herren Großweibel und grichtschreiber den
1798 1838 2759 1951 außgang zür germuhrung substanzlichen
1799 1898 2769 2012 mundilich dahin niderbracht, daß sy nit
1799 1972 2781 2060 mir nichts bekennen und einanderen gar
1807 2039 2811 2122 nit kennen noch einanderen anderwaung ge
1804 2069 2830 2192 sehen haben vollind, sonderi im gegenscheil
1814 2123 2821 2250 ehen, die wehz dann durch gnugsamme mndt
1793 2188 2799 2308 schaff laut Lnzburgischen überschickten b
1801 2261 2829 2371 ziheb ewisen dnd bygebracht Vnrden konnn
1805 2304 2799 2430 angen ind sich selbstem in etlichen bunnten
1789 2380 2830 2486 nersprechen thegnn Maßen darumb gnng¬
1796 2437 2832 2548 am abumme, daß ins ein vmbsichweiffund es
1797 2500 2784 2605 banuzes und tauwgejahrlichen gnsind sine
1792 2557 2784 2666 müße und zur tortur gnugsamme Ursach
1797 2625 2841 2737 orhanden, habend zr a umb disen gsellen
1778 2691 2767 2791 den nuchten ens zuzuwen, Nummchhl. den
1788 2749 2808 2854 Vennarin an benelch usstragen wollen etwan
1766 2800 2729 2904 swen auß demo mittlin zu examnatoren
1775 2862 2790 2973 zu verordnen, die selbige ernstlichen auch mit
1787 2924 2836 3040 antendung deß daun eßemb und gewohnter
1786 2980 2746 3095 Marter Lunkind und examinierins, auch das
1786 3041 2783 3142 von Biffliscurg allhar beschriben und, so der
1787 3103 2811 3213 einem jahr Perre sertucs und llande Capel.
1789 3160 2820 3275 ard eller und pnile selbsten angeben gegen
1781 3219 2769 3333 den enten und andern confrontierind gnstallen
1766 3284 2748 3397 zufolg deßen darzu enamset und beställiget
