3024 4032
245 1282 379 1348 Marie
250 1330 355 1430 gähr
294 405 399 502 53.
316 1663 372 1744 3.
323 1797 392 1912 3.
326 2004 383 2098 4.
318 2279 414 2345 5.
341 2382 392 2496 .
326 2703 407 2812 7.
315 2867 377 2949 5.
320 3072 392 3179 6.
345 1465 399 1564 1.
445 508 1429 653 Ach dnn durch dise dischechene Consion¬
476 590 1362 707 ation Maria gahn die magd wegen
474 671 1404 786 bstagb deß reitlub am meisten im ver
469 718 1430 840 dacht befunden und enachtet worden, durch
473 785 1428 873 eine bekantuens einem griff auch uff die
463 838 1388 954 übrigen zu bekommen, ist montags umb
457 901 1412 1014 fün ihr nach mittag in bywesen herren huber
463 960 1418 1066 notorum zechendarb, herrn landtvogt Sammel
465 1026 1429 1132 sharnumb herren unthoni von Groffunrindts
469 1098 1398 1213 und viller anderer Mhl der Rturgnann
469 1151 1440 1268 gegen derselben mit garnerem und ernst
463 1221 1362 1323 lichnrum Cramen der anfang gemacht
464 1280 1406 1372 vnd nach erforderlichem nochmaligem zu¬
457 1338 1401 1456 spruchen und dermahnen befragt worden
434 1406 1359 1535 Ob das kind nit deß Vierre dergon
444 1497 1426 1603 oder deß Manudes suyn. R. Fuem Amm
423 1556 790 1662 derselben minm.
439 1616 1389 1745 im daß Meistnss Zuh. Heißn. 2 Marii
438 1714 1236 1800 madelet auß dem Hinburger gneiell.
454 1781 1374 1900 s6 sy inn Linmahlen habe anderst namsin
439 1858 1370 1955 Joru alß Pierre Formenein R Nin
452 1920 818 2012 mahlen anders.
423 1979 1374 2091 Ob sy nit wüße, daß er berints an andern
442 2056 1383 2159 grten in gefangenschaft gewesen f. Nein
419 2120 1389 2216 Wüße an keinem ort, daß er gufangen gsin
434 2197 536 2272 ege.
422 2229 1374 2370 Ob der Neiser kmim Dinna Kabe: Habe
434 2322 1005 2427 einmahlen nunn gesuchen.
425 2378 1374 2510 Under welchem Hanßmann zu Straßburg
394 2465 1398 2577 der ammtzolt soldat gewochen  under
404 2541 1379 2635 MGrehte Hanstman auß dem regiment
416 2603 799 2696 de 1a ararre.
419 2679 1429 2807 Ob sy die milchehaffnun mit jnnge s ein
433 2760 1282 2872 Ußert aum Meiser knmen sy Ammen.
376 2828 1354 2956 Ob sy hande Sappellard, la quie etc.
418 2907 1367 3029 mit gekendt haben, e. Ttein habe sy nu¬
419 2978 741 3087 mahlen gekent.
404 3035 1364 3175 88 sy nit mit Mannde, Laut daß Mictli
424 3119 1419 3241 Mag fildutiert habe. H Hern Habe der
421 3187 1404 3289 gleichen bößen nüt gethan munn den ma
416 3246 1408 3342 mill nit und wüße sich nit zurgunrrn, daß
408 3309 1302 3434 sy das müitli zumahlib gesuchen habe.
1529 2225 1742 2330 wabsy ge
1538 2283 1648 2380 igs
1533 2808 1711 2898 ierte
1525 2879 1777 2970 Formentin.
1648 3045 1701 3155 1.
1593 807 1650 896 1.
1615 548 1684 635 1.
2691 277 2818 387 54.
1726 393 2785 628 Ob sy num mordfilon- oder andern boße
1749 467 2817 665 mel von aum mr Wüße f kein wüße
1756 543 2833 750 gar mit bözm vontum widrigen fahles srf nit
1751 660 2243 783 by ann blmben währn.
1746 647 2792 859 Ob su sich nit zu weilen anß Namsklinderin
1766 711 2834 940 verstalle und zu sand reitn. R Nein habe
1760 791 2795 995 iu sobtag niemahlen Annm mambklindar
1760 959 1988 1048 angehabt.
1766 1067 2855 1256 sachdem also über das mundtliche zusprachen
1769 1147 2857 1312 über dise und andern interrogara mit hin
2667 1206 2770 1302 3
1759 1225 2670 1379 tums von Ira zu ahalten gelonsen
1766 1253 2837 1450 endtlich die tortur an sy angewendt und
1751 1319 2833 1506 zwar eeslichen das mitlnen dann eißen
1758 1383 2852 1582 pra appliciert worden, alß aber selbigens
1776 1465 2833 1647 by dra nüt venfangen wollen, ist sy val
1768 1499 2844 1724 quntis in dem Bruntli thuen geführt und
1741 1586 2858 1767 daselbst mit beweglichem und enstlichem
1754 1664 2794 1829 zusprachen nochmahlm angesetzt volgents
1775 1719 2852 1887 aber aa die hand ußf den renken gebunden
1781 1802 2863 1935 und einmahl jahr usfgezogen, hernach wider
1771 1879 2802 2015 hinundergelaßen, Den 40. logun stine ange
1773 1936 2827 2053 hanckt und darmit ontrinet worden, aber
1779 1993 2806 2140 gleichwole anders eihus von ira aehalten
1759 2064 2800 2180 konne, alß was sy barnito außgesagt, mit
1769 2139 2799 2251 mauffung Goll und die . Jungfr Maria
1762 2199 2836 2317 zuzügen, daß selbigen die nchte warheit seyn
1774 2260 2805 2369 und anders gar mit wüße, Bälle Goll und
1774 2328 2825 2441 ein soche oberkeit umb gnad und Barmherzig
1783 2402 2757 2503 keit. Sy welchem mann ens dißmahlen ad
1769 2461 2851 2578 vermahnn, sich eine beßern zubeduncken, gugn
1772 2539 2227 2632 da belounde laßen.
1774 2629 2724 2735 Dernach hatt mann vorstekken laßen
1774 2712 2814 2825 den mr vierre toementen und zun glich
1783 2777 2798 2873 sahns enslichen germant, die kachmhin
1781 2850 2774 2937 bekunnen und zn vor harter und scharefür
1799 2893 2714 3002 karzer zusam. Da dann er gefrag.
1779 2946 1944 3033 worden.
1783 3008 2783 3129 ob er nit auch pieere dexgon odur la ma
1784 3091 2790 3201 mnte genant worden f Nei Habn sii
1788 3154 2738 3279 aubtag lein andere namm geführt, alß
1787 3210 2765 3331 pierre formenten, so mann zu Greylung
1795 3280 2743 3408 alda ir sich habe copulierin laßen, darmunnen
1787 3368 1930 3428 mn.
