3024 4032
408 544 537 644 191.
635 561 1602 696 daß ens zutzunigen eine religion offent
561 632 599 698 1
635 667 979 777 sich abgeschwehren.
543 723 1548 868 2. Daß nib sich mit 71 solnae ehebruch laß
610 811 1572 908 Kureren fahlarin darunder nun lonen
639 860 1568 997 liche und nune unwüßentliche bluchtschande
617 935 1041 1070 griffen befluckt.
551 1008 1532 1159 3. Daß ess sich linder dem satan schriftliche
615 1093 1251 1209 mit Eleisch und blicht unguben
553 1144 1494 1311 4. daß is stillen ehrlichen und ansehen
630 1221 1501 1363 lichen fuosthein mit faltschen anna¬
623 1296 1189 1422 gengen ohnrucht guthan,
610 1397 1507 1554 Über welche seinen s gro ze Mistelhate
628 1473 1455 1624 und lahter nun silletins gott den
607 1536 1518 1667 Semin, und nun hoche Oberkeit umb
621 1602 1549 1757 Verzeichung und nunn gnädige Setheill
711 1919 1231 2055 riminat Process
869 2025 1016 2152 fur
655 2138 1365 2311 Bgier Megern
473 2342 1524 2492 Sehr bedegeklich is der Namb ve
607 2435 1520 2564 ihen faulinb der 3. appostel den fact.
598 2515 1482 2624 schen vnd herführschen luhreren gebut
581 2568 1491 2700 wann er solche Irn mihr die gefehr und
597 2651 1506 2766 höchfe schadligkeit darmit anzudirren be¬
587 2702 1499 2824 zihlet einem umb sich froßenden wubs in
578 2756 1516 2883 derrapistel ad Bim c 2. 1 17. Waib
611 2844 1524 2940 ber der s apostel hiir ino besonderb
589 2895 1522 3015 von Lethumb und faltscher lehr vermuldet,
558 2978 1512 3093 daso lann mit gleicher gültigkeit umb g
590 3043 1542 3139 menn dss alle andern sunden und Mißetha
588 3104 1549 3238 te mit den sich liider Erbeßammen Nant¬
594 3185 1537 3307 ihun beflenken und anstenken gesagt und
584 3263 984 3384 gezogen warden.
2769 474 2882 574 192.
1884 579 2802 780 ein männigklich ist bekant, win der
1866 676 2904 817 hrebs, wo er sich einmahl an einem theill
1854 747 2876 878 deß Muntschlichen Leibssützet, und ui glii¬
1837 816 2881 939 deßelben angreifft, alß ein iuerselllicher
1869 881 2876 996 Ernstender Wolff nit mir nit nachlaßet
1866 922 2847 1068 biß daß er daßelbige gantz zernaget
1878 1014 2865 1130 und verzühent hatt, sondern sich sehe ge¬
1864 1071 2875 1208 schwind in die übrige glinder und theill
1850 1138 2877 1259 dest lbis außbrintet da fleisch, lben
1873 1196 2890 1352 und empundligkeit verzehret und wug
1873 1262 2878 1432 eiimt, also daß, wo zun nit alsbald mit
1858 1349 2904 1460 den allerscherpfsen mitlen gorkommen wirt
1866 1396 2913 1554 in einem also gäntzlicher ruinierten limb
1881 1487 2772 1616 nahtwendig der 2odt folgen muß.
1858 1643 2870 1772 Pin nun diß die abscheiliche Patur und
1865 1712 2887 1853 ohndermedenliche gefahr munde umb sich
1858 1783 2855 1918 grnstenden webhen ist, also komt er mit
1866 1852 2843 1971 der atur und undigen Ehenen der
1848 1917 2820 2021 Kundeg und Misethaten, von demen ein
1864 1978 2856 2094 übel besommner Muntsch der sins
1872 2035 2880 2173 lebs und seiner Senlen halb nit gebüh¬
1875 2122 2916 2233 rende sinchenschafftwagt, sich beherischen
1876 2178 2922 2294 laßet sehr genaut überuin. Knstalte
1871 2254 2874 2367 iser verfluchte, hochstvendamliche sigs und
1868 2317 2868 2439 tenl fenderbliche geisliche Erebs Cun
1871 2388 2901 2498 Nuntschen Bald an diser oder imer fa¬
1882 2456 2889 2562 uitet der Junung bald an disem odur In
1874 2519 2867 2630 num affect und appetit angreiffen und
1886 2588 2853 2695 eenen giffigen angel himmwirff, also
1877 2652 2854 2761 sann solchem gnistlichen übel durch ui
1883 2723 2920 2830 geübiges und küffigen gebett und andere
1885 2789 2850 2895 mittel nit by zeiten abgeholffen wirt
1859 2854 2893 2972 as ein solch zunderben anrichtet, daß an¬
1885 2928 2904 3031 ders mihrs, alß daß armen Sunders Todt
1886 2997 2634 3124 und indergang erfolgen lann.
1898 3115 2887 3259 welche ohnfehlbahrn darheit dann hinund
1882 3210 2880 3327 wider in Bollens h wort gnugsambe
1871 3276 2878 3407 fälliget wirs, Insonderheit in dem spruch
