3024 4032
287 580 383 666 13.
234 778 490 869 den herlang
250 847 495 923 schlüßelenthe
265 897 344 969 acht
455 1161 489 1220 1
515 617 1393 769 mahl dem mr rist zu einem modell gegen
506 701 1331 814 ben und seinem begehren nach in de
495 754 1338 878 eiteit gemacht, alß er denselben wider
509 817 1329 938 vn ime abgeforderet dazumahl tum
506 879 1316 1007 auwer gebracht, Weilen er aber um
508 929 1345 1072 gegehren mit nachmachung deß Schlüßals
502 1008 1369 1144 auch nit alßbald habe erfallen wollen alß
512 1050 1335 1203 eye elhernach widerumb zu dem mr
491 1123 1365 1266 daßen gangen, und habe er by zum am
502 1174 1370 1303 mahln Aum andern Schlußal Laßnn machen
504 1299 623 1378 wollen.
433 1508 1377 1663 Ober die Landsalten, polar und Suz alle
467 1585 1415 1706 zu der zeit, da er by seinem eyd dermahnt
500 1647 1355 1757 vorden alle ins Kingsgewölb geholige
477 1710 1343 1828 sahm dem zuliffenn guthen habe. Ja
491 1761 1403 1886 Wart der Cartin deß weerner gebikh
471 1838 1366 1950 so Ime herren obrist von Dinßbach sei gegeben
459 1903 1344 2023 in übrigen habe el erst siderhar wider
476 1962 1404 2079 herauß genomen Habe sy hinder die schritten
507 2019 1378 2123 e geklagt gehabt, das herre weist sy nit haben suhe
486 2091 616 2140 n
491 2112 1379 2222 in gegentheill wöll her tringes rahsi
482 2193 1350 2282 ber Weiß gar nit glauben, das din carmn
481 2240 1398 2352 plans und soß seit seiner erlängten dinses
472 2293 1411 2421 Im gnwolb gewesen seyind, dann er selbige
491 2370 1224 2482 noztwendigkiich habensuchen mußen.
494 2509 1380 2628 orumb k die Landt Carter deß Kuorrnnr
478 2586 1395 2696 gupindis nit auch mit den anderen ins gewolb
949 2639 1408 2746 selbige seyn zum von
488 2648 818 2750 gelisernt habe.
485 2698 1382 2818 herrn Obrist von Dießbach gegeben worden ohne
494 2777 1167 2888 benelch, Wohm ver sy ihnn solle.
474 2874 1377 3006 Ob e aber by zum selbstn nit persundiert
489 2947 1364 3065 gsin seyn, selbige gehorn ins  wolb, und
464 3009 1401 3129 zu dem end habe sy zum herren obrist sel zuge
478 3082 1113 3186 srelt, das er sy dahin thun sölle.
1115 3085 1391 3174 Ja daßen
483 3132 984 3248 seyn er persuadiert gsin.
496 3218 1374 3359 hum mit bass wüßen und gwüßen eine haben
484 3308 1348 3419 1 hren sbrstan starsicht by sinnem ao 69 ßl
493 3365 1408 3472 belamen sachen bezegen konneg  et lin
1707 1939 1769 2024 auch
2639 523 2761 617 114.
1721 629 2739 782 dem bingsgewolb gehörige sachen hinder zum
1749 705 2704 844 habe, welches er ohnbeantwortet gelaßen.
1742 842 2773 1018 Ob unn nit vom Rings-Raht unwollen worden
1747 932 2718 1070 seyn, keine schriften mehr auß dem Hewalb
2403 997 2751 1092 seye swaren.
1774 1030 2259 1136 nacher hauß zutragen.
1758 1035 2758 1190 mahl by ablusung deß kingsrahtschreibens
1760 1111 2762 1254 yd deßen gedanckt worden, daß gutt wahrn
1744 1150 2769 1308 Bechmann zunzusezen, daß mann kenen schrifte
1768 1229 2747 1395 nacher Hanß trage, seye aber indlich ge
1758 1349 2058 1441 laßen worden.
1756 1374 2705 1532 16 mahe sons von Klach imme nit in specie
1766 1449 2767 1600 rnsinuiert habe, et sölle nunn schriffen mahr
2316 1512 2781 1613 wonnn gar wol sum
1780 1548 2203 1648 nacher hauß nummen
1761 1593 2531 1740 eeiunern sich aber deßen nit mahr.
1767 1811 2784 1953 nune Ist znn durch h Krings-Rahtschreiber
1772 1872 2815 2027 vorgehalten worden, daß er ohne allem zweifel
1778 1955 2778 2072 nine abschrifft vom ordinant gemacht haben
1774 2026 2772 2143 müße dan sonsten imme ohnmüglich gefallen
1774 2080 2799 2200 ein warde, solche copedilidem zuthun und zu
1784 2136 2787 2267 verrichten, in der Zeit, da er selbigess hinder
2490 2210 2762 2291 Eis hatt
1760 2222 2490 2327 zum gehabt, wie er aber gethann
1778 2262 2771 2405 aber er ong deßen gar nit gestehen wollen.
1771 2334 2724 2450 sondern einn cxpeditionen Theilis anß Rodla
1776 2415 2765 2513 Theils auß retationi, Theils auß seiner me
1796 2464 2757 2587 12 selbsten, theils dann daß underschidenlichen
1795 2535 2742 2645 stath buchlenn, so herrr kellar gehabt genomen.
1797 2598 1958 2672 ab wi
1803 2614 2733 2734 es der zeit aber der muserung herren Brischings
1795 2687 2802 2796 und herren von naraltsseen. Habe er dan ordinanz
1791 2748 2256 2857 buch hinder imme gehabt.
1753 2842 2805 2982 Db bleibt aber herre eiß syseiner nemung, daß
1787 2932 2762 3034 es nit anderst sein lolem, dann amußern ab¬
1791 2991 2808 3101 chriff darzon gemacht haben, und sege er umb so vill
1801 3056 2784 3159 mehr deßem persuadiert, weilen als dor nmt
1784 3129 2778 3235 heit wegen inn in seinem haß zugestandtner
1806 3188 2759 3290 nicht a den kringsracht nit haberechen konne
1805 3252 2797 3358 und inn zu Vnarisceri angesprochen, habe Er sun
1786 3311 2728 3426 dalo ordinant buch mitgegeben mit insinuation,
1807 3380 2747 3498 selbiges ime nach genndigm kringesraht also
