<?xml version="1.0" encoding="UTF-8" standalone="yes"?>
<PcGts xmlns="http://schema.primaresearch.org/PAGE/gts/pagecontent/2013-07-15" xmlns:xsi="http://www.w3.org/2001/XMLSchema-instance" xsi:schemaLocation="http://schema.primaresearch.org/PAGE/gts/pagecontent/2013-07-15 http://schema.primaresearch.org/PAGE/gts/pagecontent/2013-07-15/pagecontent.xsd">
    <Metadata>
        <Creator>prov=University of Rostock/Institute of Mathematics/CITlab|PLANET AI GmbH/Gundram Leifert/gundram.leifert@planet-ai.de:name=German_Kurrent_XVI-XVIII_M1(htr_id=19584)::::v=2.6.7
prov=University of Rostock/Institute of Mathematics/CITlab|PLANET AI GmbH/Tobias Gruening/tobias.gruening@planet-ai.de:name=de.uros.citlab.module.baseline2polygon.B2PSeamMultiOriented:v=2.6.7
prov=University of Rostock/Institute of Mathematics/CITlab|PLANET AI GmbH/Tobias Gruening/tobias.gruening@planet-ai.de:name=/net_tf/LA73_249_0mod360.pb:de.uros.citlab.segmentation.CITlab_LA_ML:v=2.6.7
Transkribus</Creator>
        <Created>2021-03-11T13:59:04.536+01:00</Created>
        <LastChange>2022-09-12T15:05:10.248+02:00</LastChange>
        <TranskribusMetadata docId="1334840" pageId="52362165" pageNr="95" tsid="114643965" status="IN_PROGRESS" userId="9570" imgUrl="https://files.transkribus.eu/Get?id=TYTHCDMQKVVNNLEMJMUEOYUY&amp;fileType=view" xmlUrl="https://files.transkribus.eu/Get?id=HXSPNIPVKDNDMHAXVINBCQSY" imageId="19038696"/>
    </Metadata>
    <Page imageFilename="B_IX_485_Seite_095.jpg" imageWidth="3024" imageHeight="4032">
        <ReadingOrder>
            <OrderedGroup id="ro_1687513683500" caption="Regions reading order">
                <RegionRefIndexed index="0" regionRef="r1"/>
                <RegionRefIndexed index="1" regionRef="r2"/>
                <RegionRefIndexed index="2" regionRef="r3"/>
                <RegionRefIndexed index="3" regionRef="r4"/>
            </OrderedGroup>
        </ReadingOrder>
        <TextRegion orientation="0.0" id="r1" custom="readingOrder {index:0;}">
            <Coords points="308,520 308,677 398,677 398,520"/>
            <TextLine id="r1l1" custom="readingOrder {index:0;}">
                <Coords points="305,669 316,667 333,646 340,644 362,644 389,659 407,654 400,558 385,560 355,579 319,566 297,572"/>
                <Baseline points="308,626 338,627 368,623 398,620"/>
                <TextEquiv>
                    <Unicode>171.</Unicode>
                </TextEquiv>
            </TextLine>
            <TextEquiv>
                <Unicode>171.</Unicode>
            </TextEquiv>
        </TextRegion>
        <TextRegion orientation="0.0" id="r2" custom="readingOrder {index:1;}">
            <Coords points="486,947 486,1106 516,1106 516,947"/>
            <TextLine id="r2l1" custom="readingOrder {index:0;}">
                <Coords points="493,1100 504,1095 516,1099 524,1092 528,1094 537,1091 510,1003 502,1005 497,1002 485,1012 468,1017"/>
                <Baseline points="486,1056 516,1047"/>
                <TextEquiv>
                    <Unicode></Unicode>
                </TextEquiv>
            </TextLine>
            <TextEquiv>
                <Unicode></Unicode>
            </TextEquiv>
        </TextRegion>
        <TextRegion orientation="0.0" id="r3" custom="readingOrder {index:2;}">
            <Coords points="480,657 480,3498 1470,3498 1470,657"/>
            <TextLine id="r3l1" custom="readingOrder {index:0;}">
                <Coords points="530,730 668,717 746,745 897,687 1049,730 1107,689 1194,690 1402,746 1427,740 1427,646 1334,662 1177,601 1078,668 932,628 641,654 529,614"/>
                <Baseline points="537,717 581,715 625,713 669,709 713,706 758,702 802,699 846,697 890,693 934,691 979,689 1023,687 1067,687 1111,688 1155,689 1200,692 1244,696 1288,701 1332,708 1376,716 1421,726"/>
                <TextEquiv>
                    <Unicode>Vber die große anz, alda er sich</Unicode>
                </TextEquiv>
            </TextLine>
            <TextLine id="r3l2" custom="readingOrder {index:1;} place {offset:34; length:1; continued:true;}">
                <Coords points="519,795 628,806 673,768 723,805 796,800 839,764 940,782 1055,753 1443,790 1442,728 1364,744 1195,690 1108,690 1048,732 902,687 782,742 518,732"/>
                <Baseline points="525,786 570,780 616,776 661,771 707,768 752,765 798,762 843,759 889,756 934,755 980,753 1026,753 1071,753 1117,755 1162,755 1208,758 1253,759 1299,762 1344,767 1390,771 1436,776"/>
                <TextEquiv>
                    <Unicode>den graben gelaßen fort- und in das</Unicode>
                </TextEquiv>
            </TextLine>
            <TextLine id="r3l3" custom="readingOrder {index:2;} place {offset:0; length:7; continued:true;}">
                <Coords points="539,858 603,879 671,844 708,876 798,819 865,860 973,825 1015,864 1130,816 1176,850 1436,863 1436,810 1268,756 1154,785 1057,756 724,805 666,769 539,821"/>
                <Baseline points="546,855 590,850 634,844 678,840 722,835 767,831 811,829 855,825 899,824 943,821 988,820 1032,819 1076,819 1120,821 1164,822 1209,824 1253,827 1297,831 1341,836 1385,841 1430,848"/>
                <TextEquiv>
                    <Unicode>Meyburger gezeitt gemacht, aldam</Unicode>
                </TextEquiv>
            </TextLine>
            <TextLine id="r3l4" custom="readingOrder {index:3;}">
                <Coords points="539,949 568,925 624,966 691,918 767,928 813,900 986,934 1056,889 1135,923 1180,910 1177,858 1084,840 1015,864 942,822 868,861 786,827 716,878 661,845 613,886 536,899"/>
                <Baseline points="545,921 576,920 607,918 639,915 670,912 701,911 733,909 764,905 795,903 827,900 858,899 889,896 921,895 952,893 983,891 1015,890 1046,890 1077,889 1109,888 1140,890 1172,890"/>
                <TextEquiv>
                    <Unicode>er ußen völlig loß worden.</Unicode>
                </TextEquiv>
            </TextLine>
            <TextLine id="r3l5" custom="readingOrder {index:4;}">
                <Coords points="543,1047 881,1027 925,1056 961,1019 1089,1004 1241,1044 1289,1009 1424,1012 1423,967 1350,987 1279,954 1238,987 1187,946 1094,980 1046,942 954,950 888,995 775,952 717,987 677,954 540,960"/>
                <Baseline points="549,1040 592,1036 635,1032 679,1029 722,1026 766,1022 809,1019 853,1017 896,1014 940,1012 983,1010 1026,1008 1070,1007 1113,1007 1157,1005 1200,1005 1244,1007 1287,1007 1331,1009 1374,1011 1418,1014"/>
                <TextEquiv>
                    <Unicode>s hatt aber derselbe diser simner</Unicode>
                </TextEquiv>
            </TextLine>
            <TextLine id="r3l6" custom="readingOrder {index:5;}">
                <Coords points="529,1105 662,1140 747,1094 986,1083 1082,1117 1154,1085 1254,1113 1347,1080 1456,1118 1454,1043 1309,1018 1238,1062 1151,1007 1057,1054 978,1014 922,1059 783,1027 528,1063"/>
                <Baseline points="536,1107 581,1103 627,1100 672,1097 718,1094 764,1091 809,1088 855,1085 900,1083 946,1082 992,1079 1037,1079 1083,1077 1128,1077 1174,1077 1220,1077 1265,1079 1311,1080 1356,1083 1402,1085 1448,1089"/>
                <TextEquiv>
                    <Unicode>salbst genommn freyheit nicht wolß</Unicode>
                </TextEquiv>
            </TextLine>
            <TextLine id="r3l7" custom="readingOrder {index:6;}">
                <Coords points="541,1171 693,1166 795,1209 981,1136 1422,1162 1420,1092 1347,1124 1145,1090 1070,1122 985,1083 918,1119 540,1124"/>
                <Baseline points="548,1169 591,1166 634,1163 678,1160 721,1158 764,1155 808,1153 851,1151 894,1149 938,1146 981,1145 1024,1143 1068,1143 1111,1142 1154,1142 1198,1142 1241,1142 1284,1143 1328,1145 1371,1146 1415,1149"/>
                <TextEquiv>
                    <Unicode>zubodmum gewüsse in dem er sich</Unicode>
                </TextEquiv>
            </TextLine>
            <TextLine id="r3l8" custom="readingOrder {index:7;}">
                <Coords points="529,1253 702,1230 735,1251 775,1221 833,1245 863,1217 945,1246 1019,1209 1081,1241 1250,1210 1384,1249 1434,1219 1433,1185 1099,1140 907,1147 780,1205 690,1166 607,1195 526,1156"/>
                <Baseline points="536,1241 580,1237 625,1233 669,1230 714,1226 758,1224 803,1221 847,1218 892,1216 936,1215 981,1214 1026,1211 1070,1211 1115,1209 1159,1209 1204,1209 1248,1209 1293,1209 1337,1211 1382,1212 1427,1214"/>
                <TextEquiv>
                    <Unicode>darauff in das Schwarzenburger ge</Unicode>
                </TextEquiv>
            </TextLine>
            <TextLine id="r3l9" custom="readingOrder {index:8;}">
                <Coords points="534,1334 624,1292 788,1331 1088,1271 1405,1286 1417,1242 1353,1252 1270,1211 1089,1254 1020,1209 941,1258 888,1221 819,1252 702,1231 530,1254"/>
                <Baseline points="539,1308 582,1305 626,1302 669,1300 713,1296 757,1293 800,1292 844,1289 888,1286 931,1284 975,1283 1019,1281 1062,1278 1106,1278 1150,1277 1193,1275 1237,1275 1281,1275 1324,1275 1368,1275 1412,1277"/>
                <TextEquiv>
                    <Unicode>mint sich begeben, alda er mit drmb</Unicode>
                </TextEquiv>
            </TextLine>
            <TextLine id="r3l10" custom="readingOrder {index:9;}">
                <Coords points="543,1423 699,1362 751,1408 838,1351 879,1380 1038,1346 1157,1383 1341,1346 1450,1393 1448,1313 1381,1283 1310,1325 1259,1289 1168,1316 1084,1272 800,1334 650,1291 541,1329"/>
                <Baseline points="548,1370 592,1367 637,1364 682,1362 726,1360 771,1358 816,1356 860,1355 905,1353 950,1352 995,1350 1039,1349 1084,1349 1129,1347 1173,1347 1218,1347 1263,1347 1307,1347 1352,1348 1397,1349 1442,1350"/>
                <TextEquiv>
                    <Unicode>handt dast gemacht, und durch dem kenn</Unicode>
                </TextEquiv>
            </TextLine>
            <TextLine id="r3l11" custom="readingOrder {index:10;}">
                <Coords points="540,1483 610,1446 726,1474 800,1428 951,1426 1023,1463 1141,1439 1188,1468 1261,1421 1420,1443 1418,1362 1298,1399 968,1351 758,1414 698,1362 539,1425"/>
                <Baseline points="546,1445 589,1440 632,1438 675,1434 719,1432 762,1431 805,1429 849,1427 892,1427 935,1425 979,1424 1022,1424 1065,1424 1108,1422 1152,1422 1195,1422 1238,1421 1282,1421 1325,1419 1368,1419 1412,1418"/>
                <TextEquiv>
                    <Unicode>landtvogt daselbst den 18. gumalten</Unicode>
                </TextEquiv>
            </TextLine>
            <TextLine id="r3l12" custom="readingOrder {index:11;}">
                <Coords points="539,1532 668,1507 701,1534 754,1504 826,1547 940,1487 990,1514 1032,1488 1217,1490 1283,1523 1432,1502 1430,1459 1258,1434 1189,1471 1141,1438 1024,1463 948,1430 829,1475 580,1458 538,1484"/>
                <Baseline points="545,1520 591,1514 637,1511 683,1507 730,1504 776,1501 822,1499 868,1497 915,1496 961,1494 1007,1494 1053,1493 1100,1491 1146,1491 1192,1490 1238,1490 1285,1488 1331,1487 1377,1486 1424,1484"/>
                <TextEquiv>
                    <Unicode>soblih gewahrsamlich wider allharge</Unicode>
                </TextEquiv>
            </TextLine>
            <TextLine id="r3l13" custom="readingOrder {index:12;}">
                <Coords points="529,1633 567,1631 636,1579 704,1583 739,1571 802,1579 800,1540 767,1536 720,1547 681,1518 650,1519 629,1508 607,1524 586,1520 576,1530 563,1523 525,1546"/>
                <Baseline points="534,1584 560,1582 586,1580 612,1580 638,1578 664,1578 690,1578 716,1576 742,1575 768,1573 794,1571"/>
                <TextEquiv>
                    <Unicode>schiekt worden.</Unicode>
                </TextEquiv>
            </TextLine>
            <TextLine id="r3l14" custom="readingOrder {index:13;}">
                <Coords points="1073,1676 1086,1677 1094,1673 1103,1678 1111,1672 1122,1671 1136,1682 1147,1673 1171,1680 1172,1630 1156,1632 1135,1647 1126,1647 1106,1635 1100,1639 1087,1626 1075,1625"/>
                <Baseline points="1080,1667 1108,1667 1136,1667 1164,1670"/>
                <TextEquiv>
                    <Unicode>In5</Unicode>
                </TextEquiv>
            </TextLine>
            <TextLine id="r3l15" custom="readingOrder {index:14;}">
                <Coords points="518,1744 561,1763 599,1724 702,1708 914,1748 959,1717 1038,1755 1213,1698 1380,1686 1378,1656 1228,1625 1138,1680 884,1640 782,1688 689,1645 514,1642"/>
                <Baseline points="524,1719 566,1718 608,1717 651,1715 693,1713 736,1713 778,1711 821,1709 863,1708 906,1706 948,1704 990,1703 1033,1701 1075,1699 1118,1697 1160,1695 1203,1692 1245,1691 1288,1688 1330,1685 1373,1683"/>
                <TextEquiv>
                    <Unicode>drselbe nin ohngeachtage seiner</Unicode>
                </TextEquiv>
            </TextLine>
            <TextLine id="r3l16" custom="readingOrder {index:15;}">
                <Coords points="532,1790 604,1831 757,1779 828,1805 865,1771 983,1778 1051,1818 1102,1768 1444,1780 1443,1738 1382,1715 1318,1745 1237,1719 1038,1755 969,1722 839,1759 801,1726 738,1758 531,1747"/>
                <Baseline points="539,1785 583,1784 628,1784 673,1784 718,1782 763,1782 808,1781 852,1779 897,1778 942,1776 987,1775 1032,1773 1077,1772 1122,1770 1166,1769 1211,1767 1256,1765 1301,1763 1346,1761 1391,1759 1436,1757"/>
                <TextEquiv>
                    <Unicode>mehreren Bursicherung in dem wonn¬</Unicode>
                </TextEquiv>
            </TextLine>
            <TextLine id="r3l17" custom="readingOrder {index:16;}">
                <Coords points="533,1873 594,1911 667,1859 865,1856 917,1886 1050,1842 1263,1848 1349,1884 1434,1860 1433,1811 1111,1768 1050,1821 978,1818 864,1772 823,1801 757,1779 631,1838 531,1790"/>
                <Baseline points="539,1857 583,1856 627,1856 672,1856 716,1854 761,1854 805,1853 849,1853 894,1851 938,1850 983,1850 1027,1848 1071,1847 1116,1845 1160,1845 1205,1844 1249,1842 1293,1841 1338,1839 1382,1838 1427,1836"/>
                <TextEquiv>
                    <Unicode>berger Lasten lxgiert und senzloßen</Unicode>
                </TextEquiv>
            </TextLine>
            <TextLine id="r3l18" custom="readingOrder {index:17;}">
                <Coords points="520,1946 814,1961 903,1922 980,1974 1208,1921 1413,1923 1411,1877 1072,1887 1004,1849 898,1895 750,1861 594,1910 518,1866"/>
                <Baseline points="527,1931 573,1929 619,1929 665,1929 712,1928 758,1927 804,1926 850,1925 897,1924 943,1923 989,1922 1035,1920 1082,1919 1128,1917 1174,1917 1220,1915 1267,1914 1313,1913 1359,1911 1406,1910"/>
                <TextEquiv>
                    <Unicode>worden, ist de 28. hernach laderumb</Unicode>
                </TextEquiv>
            </TextLine>
            <TextLine id="r3l19" custom="readingOrder {index:18;}">
                <Coords points="536,2021 621,2036 693,2004 795,2029 1019,1993 1077,2016 1113,1992 1283,2020 1404,1997 1403,1939 1189,1964 1144,1932 1097,1971 972,1981 863,1928 814,1961 534,1946"/>
                <Baseline points="542,2006 584,2004 627,2004 670,2004 713,2003 755,2001 798,2001 841,2000 884,1998 926,1997 969,1996 1012,1995 1055,1994 1097,1992 1140,1991 1183,1989 1226,1989 1268,1988 1311,1986 1354,1986 1397,1985"/>
                <TextEquiv>
                    <Unicode>verschlounden und der getangennschaf</Unicode>
                </TextEquiv>
            </TextLine>
            <TextLine id="r3l20" custom="readingOrder {index:19;}">
                <Coords points="1041,2037 1060,2038 1068,2033 1077,2038 1089,2028 1091,2030 1092,2028 1099,2028 1099,2000 1088,2001 1083,2007 1079,2008 1072,2001 1062,1996 1049,2008 1041,2009"/>
                <Baseline points="1047,2031 1092,2031"/>
                <TextEquiv>
                    <Unicode></Unicode>
                </TextEquiv>
            </TextLine>
            <TextLine id="r3l21" custom="readingOrder {index:20;}">
                <Coords points="524,2077 599,2101 751,2061 848,2094 893,2059 987,2115 1058,2074 1178,2115 1281,2077 1342,2113 1408,2058 1407,2025 1353,1996 1310,2027 1125,2020 1091,2047 865,2003 806,2029 693,2012 639,2046 556,2011 523,2032"/>
                <Baseline points="531,2078 574,2075 618,2073 661,2070 705,2069 748,2068 792,2067 835,2066 879,2066 922,2064 966,2064 1009,2064 1053,2064 1096,2063 1140,2062 1183,2061 1227,2060 1270,2058 1314,2057 1357,2054 1401,2052"/>
                <TextEquiv>
                    <Unicode>lost, aber zugleich zu ublingen him</Unicode>
                </TextEquiv>
            </TextLine>
            <TextLine id="r3l22" custom="readingOrder {index:21;} place {offset:2; length:16;}">
                <Coords points="533,2163 618,2128 716,2134 783,2184 865,2133 1125,2164 1243,2125 1364,2164 1419,2133 1407,2068 1337,2111 1239,2077 1184,2117 1077,2079 986,2116 894,2060 839,2106 781,2075 596,2103 532,2078"/>
                <Baseline points="539,2138 582,2136 626,2135 669,2135 713,2134 757,2133 800,2133 844,2133 888,2133 931,2133 975,2133 1019,2132 1062,2132 1106,2132 1150,2131 1193,2130 1237,2129 1281,2128 1324,2127 1368,2124 1412,2123"/>
                <TextEquiv>
                    <Unicode>der Schwartzenburgen widerumb mnagt</Unicode>
                </TextEquiv>
            </TextLine>
            <TextLine id="r3l23" custom="readingOrder {index:22;}">
                <Coords points="536,2232 744,2257 857,2212 923,2249 1018,2219 1124,2252 1233,2197 1287,2225 1424,2183 1415,2133 1375,2166 1196,2181 1154,2158 1016,2181 866,2133 781,2187 654,2130 535,2163"/>
                <Baseline points="542,2208 585,2208 629,2208 673,2208 717,2208 761,2207 804,2207 848,2207 892,2207 936,2205 980,2205 1023,2204 1067,2202 1111,2201 1155,2200 1199,2198 1242,2196 1286,2193 1330,2192 1374,2189 1418,2186"/>
                <TextEquiv>
                    <Unicode>erkant, gefanntlich angenomen und</Unicode>
                </TextEquiv>
            </TextLine>
            <TextLine id="r3l24" custom="readingOrder {index:23;}">
                <Coords points="518,2289 627,2335 745,2286 1118,2312 1217,2277 1297,2306 1353,2267 1440,2275 1440,2235 1359,2195 1173,2265 1104,2269 1052,2230 926,2252 854,2211 792,2254 648,2229 517,2259"/>
                <Baseline points="525,2285 570,2282 615,2280 661,2279 706,2279 752,2279 797,2279 842,2280 888,2281 933,2282 979,2283 1024,2283 1069,2283 1115,2283 1160,2282 1206,2280 1251,2277 1296,2275 1342,2270 1387,2264 1433,2256"/>
                <TextEquiv>
                    <Unicode>allhargebracht worden; Dagr dann</Unicode>
                </TextEquiv>
            </TextLine>
            <TextLine id="r3l25" custom="readingOrder {index:24;}">
                <Coords points="516,2362 704,2355 755,2395 1043,2346 1224,2401 1287,2354 1438,2368 1436,2274 1342,2316 1225,2286 988,2334 911,2282 830,2334 710,2288 629,2334 515,2295"/>
                <Baseline points="522,2363 567,2360 612,2358 658,2357 703,2355 749,2355 794,2355 839,2355 885,2355 930,2355 976,2355 1021,2355 1066,2355 1112,2354 1157,2352 1203,2351 1248,2349 1293,2347 1339,2344 1384,2339 1430,2334"/>
                <TextEquiv>
                    <Unicode>uff befragen, din er sich loßgewunet.</Unicode>
                </TextEquiv>
            </TextLine>
            <TextLine id="r3l26" custom="readingOrder {index:25;}">
                <Coords points="524,2445 757,2457 862,2425 895,2456 1034,2419 1115,2466 1208,2469 1431,2421 1431,2371 1121,2404 1055,2350 1002,2390 886,2366 789,2405 592,2355 523,2390"/>
                <Baseline points="530,2429 574,2429 619,2429 664,2429 708,2429 753,2429 798,2429 842,2429 887,2429 932,2429 977,2429 1021,2429 1066,2429 1111,2427 1155,2427 1200,2426 1245,2426 1289,2424 1334,2423 1379,2421 1424,2418"/>
                <TextEquiv>
                    <Unicode>und wars er seithard Bergendmen, sol</Unicode>
                </TextEquiv>
            </TextLine>
            <TextLine id="r3l27" custom="readingOrder {index:26;}">
                <Coords points="508,2544 589,2507 693,2537 818,2498 867,2524 1158,2504 1237,2554 1296,2503 1414,2513 1414,2458 1324,2434 1140,2473 1032,2419 936,2455 862,2425 667,2465 507,2437"/>
                <Baseline points="515,2502 559,2502 604,2502 648,2502 693,2502 738,2502 782,2503 827,2504 871,2504 916,2504 961,2504 1005,2504 1050,2504 1094,2504 1139,2502 1184,2502 1228,2501 1273,2501 1317,2499 1362,2498 1407,2496"/>
                <TextEquiv>
                    <Unicode>ihmb alß bald umbständtlich uorhelt und</Unicode>
                </TextEquiv>
            </TextLine>
            <TextLine id="r3l28" custom="readingOrder {index:27;}">
                <Coords points="496,2589 857,2629 916,2575 1058,2579 1115,2630 1273,2585 1365,2634 1434,2595 1434,2531 1233,2554 1188,2514 955,2503 831,2549 777,2506 693,2537 585,2509 496,2552"/>
                <Baseline points="503,2582 549,2579 595,2577 641,2576 687,2576 734,2576 780,2576 826,2577 872,2577 918,2579 965,2580 1011,2581 1057,2582 1103,2582 1149,2582 1196,2582 1242,2580 1288,2578 1334,2575 1380,2572 1427,2567"/>
                <TextEquiv>
                    <Unicode>sonderlich begegect, daß er wol diege</Unicode>
                </TextEquiv>
            </TextLine>
            <TextLine id="r3l29" custom="readingOrder {index:28;}">
                <Coords points="516,2662 582,2692 646,2654 715,2703 779,2656 954,2657 1069,2709 1264,2654 1443,2665 1443,2618 1402,2603 1363,2634 1231,2585 1116,2631 1042,2606 924,2628 890,2598 856,2629 735,2607 707,2634 632,2582 586,2611 516,2588"/>
                <Baseline points="522,2651 567,2651 613,2649 659,2651 704,2651 750,2651 796,2652 841,2654 887,2654 933,2655 979,2655 1024,2657 1070,2657 1116,2657 1161,2657 1207,2657 1253,2655 1298,2654 1344,2651 1390,2647 1436,2643"/>
                <TextEquiv>
                    <Unicode>engsten gedancken nit gehabt sich nndig</Unicode>
                </TextEquiv>
            </TextLine>
            <TextLine id="r3l30" custom="readingOrder {index:29;}">
                <Coords points="473,2777 545,2734 664,2776 713,2740 788,2760 899,2725 1072,2788 1247,2784 1347,2729 1437,2744 1437,2687 1349,2700 1288,2658 1014,2716 814,2653 720,2706 646,2654 601,2695 540,2662 474,2691"/>
                <Baseline points="480,2727 527,2726 575,2724 622,2724 670,2726 717,2726 765,2727 812,2729 860,2730 907,2732 955,2733 1002,2733 1050,2735 1097,2735 1145,2735 1192,2733 1240,2732 1287,2729 1335,2725 1382,2720 1430,2714"/>
                <TextEquiv>
                    <Unicode>zemachen, wurde zun auch gantz genng</Unicode>
                </TextEquiv>
            </TextLine>
            <TextLine id="r3l31" custom="readingOrder {index:30;}">
                <Coords points="514,2858 584,2816 650,2837 776,2792 833,2821 1219,2819 1281,2857 1348,2803 1446,2801 1446,2754 1378,2734 1264,2789 1127,2797 980,2735 868,2782 715,2739 664,2777 515,2783"/>
                <Baseline points="522,2798 567,2796 613,2796 659,2797 705,2798 751,2799 797,2801 842,2802 888,2805 934,2807 980,2808 1026,2810 1072,2811 1118,2811 1163,2810 1209,2809 1255,2806 1301,2804 1347,2799 1393,2793 1439,2784"/>
                <TextEquiv>
                    <Unicode>ich gerallen ein, wann ni ein gewüßer</Unicode>
                </TextEquiv>
            </TextLine>
            <TextLine id="r3l32" custom="readingOrder {index:31;}">
                <Coords points="479,2929 596,2877 885,2885 967,2929 1013,2894 1077,2927 1213,2874 1361,2923 1420,2883 1420,2830 1272,2857 1151,2811 957,2856 789,2798 678,2837 588,2815 541,2854 480,2841"/>
                <Baseline points="486,2877 532,2876 578,2874 625,2874 671,2874 717,2874 764,2876 810,2877 856,2879 903,2880 949,2882 995,2883 1042,2885 1088,2885 1134,2885 1181,2885 1227,2883 1273,2882 1320,2879 1366,2876 1413,2871"/>
                <TextEquiv>
                    <Unicode>gegleig in terhafft guton ster trauedt</Unicode>
                </TextEquiv>
            </TextLine>
            <TextLine id="r3l33" custom="readingOrder {index:32;}">
                <Coords points="510,2959 641,3001 820,2955 928,3007 1175,3007 1249,2968 1344,3007 1428,2982 1429,2909 1361,2923 1260,2884 1217,2924 1146,2886 1072,2930 1020,2894 969,2929 892,2898 847,2929 738,2881 645,2936 510,2899"/>
                <Baseline points="516,2946 561,2948 606,2949 651,2950 697,2951 742,2953 787,2954 833,2955 878,2957 923,2958 969,2960 1014,2961 1059,2961 1104,2961 1150,2961 1195,2960 1240,2960 1286,2958 1331,2955 1376,2951 1422,2946"/>
                <TextEquiv>
                    <Unicode>Namens Ihrandoner in weg darzeg</Unicode>
                </TextEquiv>
            </TextLine>
            <TextLine id="r3l34" custom="readingOrder {index:33;}">
                <Coords points="490,3038 1047,3034 1116,3082 1185,3040 1236,3073 1405,3028 1426,2982 1326,3010 1225,2972 1175,3007 830,3011 491,2957"/>
                <Baseline points="497,3020 543,3020 589,3020 635,3021 681,3023 727,3024 773,3024 819,3027 865,3028 911,3029 958,3030 1004,3032 1050,3032 1096,3032 1142,3032 1188,3032 1234,3030 1280,3028 1326,3026 1372,3023 1419,3018"/>
                <TextEquiv>
                    <Unicode>bahnet, in dem er ninen gewüßen wde</Unicode>
                </TextEquiv>
            </TextLine>
            <TextLine id="r3l35" custom="readingOrder {index:34;}">
                <Coords points="485,3104 1365,3118 1420,3102 1421,3039 1134,3092 1021,3035 913,3079 819,3030 775,3062 677,3022 636,3050 486,3041"/>
                <Baseline points="491,3095 537,3095 583,3095 629,3095 675,3096 721,3096 767,3099 813,3101 859,3102 905,3104 952,3106 998,3107 1044,3109 1090,3110 1136,3110 1182,3110 1228,3108 1274,3106 1320,3104 1366,3100 1413,3095"/>
                <TextEquiv>
                    <Unicode>so bu hinderst an der manhrug beide</Unicode>
                </TextEquiv>
            </TextLine>
            <TextLine id="r3l36" custom="readingOrder {index:35;}">
                <Coords points="500,3219 561,3188 767,3208 820,3175 886,3215 958,3176 1097,3233 1150,3191 1257,3211 1432,3175 1432,3132 1325,3150 1262,3109 1214,3140 1160,3112 953,3150 778,3096 730,3129 668,3101 629,3138 500,3105"/>
                <Baseline points="507,3174 552,3173 598,3171 644,3171 690,3171 736,3171 782,3173 828,3174 874,3175 920,3176 966,3177 1011,3179 1057,3179 1103,3180 1149,3180 1195,3179 1241,3178 1287,3176 1333,3173 1379,3170 1425,3165"/>
                <TextEquiv>
                    <Unicode>hren und s h die jemligkeiten von ein</Unicode>
                </TextEquiv>
            </TextLine>
            <TextLine id="r3l37" custom="readingOrder {index:36;}">
                <Coords points="500,3256 628,3249 732,3293 831,3248 934,3276 1251,3254 1328,3292 1426,3246 1426,3189 1371,3180 1140,3235 1052,3235 959,3176 887,3216 832,3177 772,3212 501,3215"/>
                <Baseline points="507,3243 552,3242 598,3242 643,3242 689,3242 735,3243 780,3245 826,3246 871,3248 917,3249 963,3251 1008,3252 1054,3254 1099,3254 1145,3254 1191,3253 1236,3252 1282,3250 1327,3246 1373,3242 1419,3236"/>
                <TextEquiv>
                    <Unicode>anderen gesonderet, mit einem by sich</Unicode>
                </TextEquiv>
            </TextLine>
            <TextLine id="r3l38" custom="readingOrder {index:37;}">
                <Coords points="504,3376 632,3337 681,3382 777,3382 883,3319 1160,3337 1253,3382 1351,3326 1422,3336 1423,3253 1329,3299 1173,3253 959,3277 832,3248 764,3299 630,3249 504,3258"/>
                <Baseline points="510,3320 555,3320 600,3320 645,3321 691,3321 736,3323 781,3323 827,3324 872,3326 917,3326 963,3327 1008,3327 1053,3329 1098,3329 1144,3327 1189,3327 1234,3326 1280,3323 1325,3321 1370,3317 1416,3314"/>
                <TextEquiv>
                    <Unicode>znhabten großen meßer ledig gemacht</Unicode>
                </TextEquiv>
            </TextLine>
            <TextLine id="r3l39" custom="readingOrder {index:38;}">
                <Coords points="494,3405 595,3443 639,3401 765,3400 953,3458 1049,3415 1107,3452 1209,3410 1408,3431 1456,3394 1456,3347 1220,3388 1130,3379 1072,3333 987,3379 885,3317 774,3385 571,3352 494,3379"/>
                <Baseline points="500,3401 547,3401 594,3399 642,3401 689,3401 737,3402 784,3403 832,3404 879,3405 927,3407 974,3408 1021,3408 1069,3410 1116,3410 1164,3410 1211,3408 1259,3407 1306,3404 1354,3401 1401,3396 1449,3390"/>
                <TextEquiv>
                    <Unicode>gast sy gnammnkommen, olgnitis an auß</Unicode>
                </TextEquiv>
            </TextLine>
            <TextLine id="r3l40" custom="readingOrder {index:39;}">
                <Coords points="660,3447 667,3447 669,3444 672,3446 673,3444 678,3443 682,3439 688,3439 688,3413 673,3413 671,3411 667,3415 660,3415"/>
                <Baseline points="666,3441 681,3441"/>
                <TextEquiv>
                    <Unicode></Unicode>
                </TextEquiv>
            </TextLine>
            <TextLine id="r3l41" custom="readingOrder {index:40;}">
                <Coords points="500,3536 615,3475 889,3526 1119,3489 1164,3520 1213,3488 1321,3521 1477,3470 1477,3433 1378,3412 1313,3459 1188,3412 1108,3451 1070,3424 779,3465 500,3408"/>
                <Baseline points="507,3473 555,3474 603,3475 651,3476 699,3477 747,3479 795,3480 844,3482 892,3482 940,3483 988,3483 1036,3483 1084,3483 1132,3483 1181,3482 1229,3480 1277,3477 1325,3474 1373,3471 1421,3467 1470,3461"/>
                <TextEquiv>
                    <Unicode>gug-und ungmachung deß istmun gillers</Unicode>
                </TextEquiv>
            </TextLine>
            <TextEquiv>
                <Unicode>Vber die große anz, alda er sich
den graben gelaßen fort- und in das
Meyburger gezeitt gemacht, aldam
er ußen völlig loß worden.
s hatt aber derselbe diser simner
salbst genommn freyheit nicht wolß
zubodmum gewüsse in dem er sich
darauff in das Schwarzenburger ge
mint sich begeben, alda er mit drmb
handt dast gemacht, und durch dem kenn
landtvogt daselbst den 18. gumalten
soblih gewahrsamlich wider allharge
schiekt worden.
In5
drselbe nin ohngeachtage seiner
mehreren Bursicherung in dem wonn¬
berger Lasten lxgiert und senzloßen
worden, ist de 28. hernach laderumb
verschlounden und der getangennschaf

lost, aber zugleich zu ublingen him
der Schwartzenburgen widerumb mnagt
erkant, gefanntlich angenomen und
allhargebracht worden; Dagr dann
uff befragen, din er sich loßgewunet.
und wars er seithard Bergendmen, sol
ihmb alß bald umbständtlich uorhelt und
sonderlich begegect, daß er wol diege
engsten gedancken nit gehabt sich nndig
zemachen, wurde zun auch gantz genng
ich gerallen ein, wann ni ein gewüßer
gegleig in terhafft guton ster trauedt
Namens Ihrandoner in weg darzeg
bahnet, in dem er ninen gewüßen wde
so bu hinderst an der manhrug beide
hren und s h die jemligkeiten von ein
anderen gesonderet, mit einem by sich
znhabten großen meßer ledig gemacht
gast sy gnammnkommen, olgnitis an auß

gug-und ungmachung deß istmun gillers</Unicode>
            </TextEquiv>
        </TextRegion>
        <TextRegion orientation="0.0" id="r4" custom="readingOrder {index:3;}">
            <Coords points="1706,447 1706,3623 2822,3623 2822,447"/>
            <TextLine id="r4l1" custom="readingOrder {index:0;}">
                <Coords points="2651,505 2661,506 2671,494 2677,500 2711,495 2725,504 2744,502 2751,507 2762,498 2781,494 2778,431 2752,426 2744,434 2721,440 2702,428 2686,431 2673,424 2648,439"/>
                <Baseline points="2657,485 2686,482 2715,480 2744,479 2774,479"/>
                <TextEquiv>
                    <Unicode>172.</Unicode>
                </TextEquiv>
            </TextLine>
            <TextLine id="r4l2" custom="readingOrder {index:1;}">
                <Coords points="1715,714 1897,731 2005,664 2127,693 2159,660 2259,678 2359,616 2752,587 2745,500 2599,496 2431,585 2319,536 2262,578 2007,576 1949,634 1851,604 1709,669"/>
                <Baseline points="1721,704 1772,697 1823,690 1874,684 1926,677 1977,671 2028,665 2080,657 2131,650 2182,644 2234,637 2285,629 2336,622 2387,615 2439,608 2490,601 2541,594 2593,586 2644,580 2695,573 2747,566"/>
                <TextEquiv>
                    <Unicode>eröeiten und sich also herunder laßen</Unicode>
                </TextEquiv>
            </TextLine>
            <TextLine id="r4l3" custom="readingOrder {index:2;}">
                <Coords points="1717,794 2010,731 2085,756 2209,703 2564,694 2746,640 2741,602 2413,613 2130,697 2013,669 1896,733 1760,698 1707,723"/>
                <Baseline points="1721,771 1771,764 1822,757 1873,750 1924,744 1975,738 2026,731 2076,724 2127,718 2178,712 2229,705 2280,699 2331,693 2382,686 2432,680 2483,672 2534,666 2585,658 2636,652 2687,644 2738,636"/>
                <TextEquiv>
                    <Unicode>konnen, da e dann Beiders auß der</Unicode>
                </TextEquiv>
            </TextLine>
            <TextLine id="r4l4" custom="readingOrder {index:3;}">
                <Coords points="1734,868 2304,764 2383,800 2461,753 2543,790 2616,736 2672,763 2797,719 2787,638 2533,703 2432,682 2313,740 2219,703 1907,781 1813,757 1726,808"/>
                <Baseline points="1736,836 1788,830 1841,822 1893,816 1946,810 1999,804 2051,797 2104,791 2157,785 2209,779 2262,773 2315,766 2367,760 2420,754 2473,749 2525,742 2578,735 2631,729 2683,723 2736,716 2789,710"/>
                <TextEquiv>
                    <Unicode>zufangenschafft, und auch hernach by der</Unicode>
                </TextEquiv>
            </TextLine>
            <TextLine id="r4l5" custom="readingOrder {index:4;} place {offset:25; length:10;}">
                <Coords points="1721,909 1813,936 2026,870 2153,905 2236,850 2461,863 2514,812 2806,786 2800,742 2602,746 2544,791 2462,756 2378,804 2305,764 2117,837 2060,808 1924,864 1827,831 1716,873"/>
                <Baseline points="1728,912 1781,905 1835,898 1888,891 1942,884 1995,878 2049,869 2102,864 2156,856 2209,849 2263,842 2316,836 2370,830 2423,822 2477,816 2530,809 2584,803 2637,795 2691,789 2744,782 2798,776"/>
                <TextEquiv>
                    <Unicode>Mauhren uff dem graben bym fallenhauß</Unicode>
                </TextEquiv>
            </TextLine>
            <TextLine id="r4l6" custom="readingOrder {index:5;}">
                <Coords points="1727,988 1912,950 2001,984 2154,916 2531,910 2777,862 2770,811 2643,797 2460,863 2046,914 1936,877 1814,935 1720,927"/>
                <Baseline points="1733,977 1784,971 1836,962 1888,956 1940,949 1992,941 2043,935 2095,928 2147,922 2199,915 2251,908 2302,902 2354,895 2406,890 2458,883 2510,878 2561,872 2613,867 2665,862 2717,857 2769,852"/>
                <TextEquiv>
                    <Unicode>ein gaut guerst wagen müßen, aber</Unicode>
                </TextEquiv>
            </TextLine>
            <TextLine id="r4l7" custom="readingOrder {index:6;}">
                <Coords points="1703,1066 2250,979 2406,998 2569,955 2637,986 2722,946 2714,873 2666,916 2570,889 2453,926 2343,912 2309,946 2157,916 2097,979 1862,957 1700,1033"/>
                <Baseline points="1709,1052 1759,1041 1809,1033 1859,1026 1910,1019 1960,1012 2010,1006 2060,1001 2111,996 2161,991 2211,986 2261,981 2312,977 2362,971 2412,966 2462,961 2513,956 2563,950 2613,944 2663,937 2714,929"/>
                <TextEquiv>
                    <Unicode>da lettenn mahl, Weilen das auß</Unicode>
                </TextEquiv>
            </TextLine>
            <TextLine id="r4l8" custom="readingOrder {index:7;}">
                <Coords points="1700,1130 1958,1118 1996,1077 2153,1085 2300,1038 2434,1075 2781,997 2778,957 2638,987 2522,958 2348,1003 2250,980 2172,1037 2056,998 1695,1089"/>
                <Baseline points="1706,1121 1759,1109 1812,1099 1866,1090 1919,1082 1973,1075 2026,1069 2079,1062 2133,1057 2186,1052 2240,1047 2293,1043 2346,1037 2400,1032 2453,1027 2507,1021 2560,1014 2613,1008 2667,1000 2720,991 2774,981"/>
                <TextEquiv>
                    <Unicode>der Hurscheittenn denke geflochtnun</Unicode>
                </TextEquiv>
            </TextLine>
            <TextLine id="r4l9" custom="readingOrder {index:8;}">
                <Coords points="1709,1200 1919,1158 1972,1182 2004,1151 2109,1177 2207,1124 2272,1162 2359,1098 2640,1110 2720,1058 2782,1066 2778,1028 2638,1018 2409,1078 2300,1038 2240,1082 2081,1064 1861,1140 1701,1130"/>
                <Baseline points="1715,1188 1770,1178 1826,1169 1882,1159 1937,1151 1993,1143 2049,1137 2105,1131 2160,1125 2216,1119 2272,1113 2328,1108 2383,1103 2439,1098 2495,1092 2551,1085 2606,1078 2662,1071 2718,1062 2774,1052"/>
                <TextEquiv>
                    <Unicode>Seyl, mndt zwng gebrochen einen solchen</Unicode>
                </TextEquiv>
            </TextLine>
            <TextLine id="r4l10" custom="readingOrder {index:9;}">
                <Coords points="1730,1255 1868,1282 1980,1224 2203,1223 2340,1176 2473,1208 2591,1157 2697,1190 2773,1110 2615,1130 2446,1095 2371,1102 2293,1164 2198,1131 2108,1177 2044,1155 1967,1188 1919,1157 1722,1189"/>
                <Baseline points="1736,1254 1787,1247 1839,1240 1890,1233 1942,1225 1994,1220 2045,1212 2097,1206 2148,1201 2200,1196 2252,1190 2303,1184 2355,1179 2406,1174 2458,1168 2510,1163 2561,1158 2613,1151 2664,1146 2716,1139 2768,1133"/>
                <TextEquiv>
                    <Unicode>fahl gethan, daß der weltsche keinen</Unicode>
                </TextEquiv>
            </TextLine>
            <TextLine id="r4l11" custom="readingOrder {index:10;}">
                <Coords points="1733,1339 1853,1367 1932,1300 2143,1275 2276,1325 2346,1263 2770,1233 2781,1179 2614,1178 2526,1224 2363,1187 2213,1232 1980,1223 1865,1283 1725,1262"/>
                <Baseline points="1739,1325 1790,1317 1842,1309 1894,1303 1946,1296 1998,1290 2050,1286 2102,1280 2154,1275 2206,1271 2258,1266 2309,1261 2361,1256 2413,1253 2465,1248 2517,1243 2569,1237 2621,1232 2673,1226 2725,1220 2777,1214"/>
                <TextEquiv>
                    <Unicode>zus gehabt imme nachzukommen, sondern</Unicode>
                </TextEquiv>
            </TextLine>
            <TextLine id="r4l12" custom="readingOrder {index:11;}">
                <Coords points="1722,1410 1958,1371 2021,1404 2348,1327 2524,1370 2611,1313 2761,1349 2808,1326 2799,1229 2734,1219 2674,1280 2522,1250 2469,1295 2351,1273 2277,1325 1933,1299 1852,1369 1779,1330 1716,1351"/>
                <Baseline points="1728,1398 1781,1391 1835,1385 1888,1380 1942,1373 1995,1368 2049,1362 2102,1357 2156,1352 2209,1347 2263,1341 2316,1336 2370,1331 2423,1326 2477,1322 2530,1316 2584,1311 2637,1305 2691,1300 2744,1293 2798,1287"/>
                <TextEquiv>
                    <Unicode>ich darvon gemacht, und zun ligen laßen</Unicode>
                </TextEquiv>
            </TextLine>
            <TextLine id="r4l13" custom="readingOrder {index:12;}">
                <Coords points="1716,1492 1966,1434 2094,1475 2146,1428 2797,1395 2793,1348 2608,1313 2526,1371 2348,1327 2135,1408 1710,1421"/>
                <Baseline points="1721,1466 1774,1460 1827,1455 1881,1449 1934,1445 1988,1439 2041,1435 2094,1431 2148,1426 2201,1421 2255,1417 2308,1412 2361,1408 2415,1404 2468,1400 2522,1396 2575,1392 2628,1388 2682,1383 2735,1378 2789,1373"/>
                <TextEquiv>
                    <Unicode>Maßen 1r wegen deß Hartenbzahles kein</Unicode>
                </TextEquiv>
            </TextLine>
            <TextLine id="r4l14" custom="readingOrder {index:13;}">
                <Coords points="1739,1546 1833,1525 1899,1574 1963,1531 2275,1486 2377,1531 2480,1487 2550,1522 2732,1439 2561,1458 2465,1404 2381,1447 2099,1482 1968,1433 1919,1483 1737,1512"/>
                <Baseline points="1746,1533 1795,1529 1844,1523 1893,1519 1942,1515 1991,1511 2040,1508 2089,1505 2138,1502 2187,1500 2236,1497 2285,1494 2334,1491 2383,1489 2432,1485 2481,1483 2530,1479 2579,1475 2628,1470 2677,1466 2726,1460"/>
                <TextEquiv>
                    <Unicode>merlich Inder minm michsgelegnun</Unicode>
                </TextEquiv>
            </TextLine>
            <TextLine id="r4l15" custom="readingOrder {index:14;}">
                <Coords points="1743,1605 1866,1590 1967,1629 2138,1575 2458,1592 2740,1539 2737,1503 2551,1523 2480,1487 2280,1548 2166,1505 2019,1516 1915,1567 1835,1523 1740,1546"/>
                <Baseline points="1749,1599 1798,1594 1847,1590 1896,1586 1945,1583 1994,1580 2043,1578 2093,1575 2142,1574 2191,1572 2240,1571 2289,1569 2338,1566 2387,1564 2437,1562 2486,1559 2535,1554 2584,1550 2633,1544 2682,1537 2732,1530"/>
                <TextEquiv>
                    <Unicode>baum Auchen konnen, daselbsten nun</Unicode>
                </TextEquiv>
            </TextLine>
            <TextLine id="r4l16" custom="readingOrder {index:15;}">
                <Coords points="1725,1703 1832,1659 1936,1695 2043,1649 2183,1691 2233,1651 2341,1688 2530,1621 2822,1643 2818,1570 2695,1597 2593,1552 2533,1596 2376,1576 2270,1622 2140,1576 2067,1631 2025,1598 1922,1630 1865,1590 1721,1622"/>
                <Baseline points="1730,1667 1784,1664 1838,1661 1892,1658 1946,1656 2000,1653 2054,1650 2109,1648 2163,1645 2217,1643 2271,1640 2325,1638 2379,1635 2433,1632 2488,1629 2542,1626 2596,1624 2650,1620 2704,1618 2758,1614 2813,1611"/>
                <TextEquiv>
                    <Unicode>heit lang am sugen gelegen davnvar</Unicode>
                </TextEquiv>
            </TextLine>
            <TextLine id="r4l17" custom="readingOrder {index:16;}">
                <Coords points="1730,1765 1776,1788 1852,1730 1944,1721 2085,1728 2130,1764 2201,1709 2355,1749 2450,1705 2734,1708 2732,1663 2533,1621 2336,1689 2268,1662 2187,1696 2054,1649 1901,1706 1727,1699"/>
                <Baseline points="1736,1739 1785,1735 1835,1731 1884,1728 1934,1725 1983,1722 2033,1721 2082,1719 2132,1718 2181,1716 2231,1715 2280,1712 2330,1711 2379,1709 2429,1707 2478,1704 2528,1702 2577,1699 2627,1695 2676,1692 2726,1688"/>
                <TextEquiv>
                    <Unicode>Im nach und nach sich gugen daberen</Unicode>
                </TextEquiv>
            </TextLine>
            <TextLine id="r4l18" custom="readingOrder {index:17;}">
                <Coords points="2219,1756 2228,1756 2233,1760 2240,1753 2247,1753 2247,1724 2240,1724 2234,1729 2219,1728"/>
                <Baseline points="2226,1752 2240,1752"/>
                <TextEquiv>
                    <Unicode></Unicode>
                </TextEquiv>
            </TextLine>
            <TextLine id="r4l19" custom="readingOrder {index:18;}">
                <Coords points="1737,1840 1899,1855 1978,1798 2140,1791 2211,1824 2297,1786 2462,1822 2603,1774 2749,1778 2767,1725 2542,1710 2474,1744 2408,1721 2363,1759 1734,1787"/>
                <Baseline points="1742,1809 1793,1806 1844,1804 1895,1801 1946,1799 1997,1797 2048,1794 2099,1792 2150,1790 2201,1787 2252,1785 2303,1784 2354,1781 2405,1779 2456,1778 2507,1775 2558,1772 2609,1770 2660,1767 2711,1766 2762,1763"/>
                <TextEquiv>
                    <Unicode>gemacht, In ein gauren geschloffen</Unicode>
                </TextEquiv>
            </TextLine>
            <TextLine id="r4l20" custom="readingOrder {index:19;}">
                <Coords points="1715,1913 1882,1881 1952,1920 2111,1870 2202,1905 2262,1860 2439,1909 2502,1852 2684,1894 2806,1856 2803,1792 2749,1778 2710,1814 2529,1792 2440,1831 2299,1785 2165,1845 2015,1801 1958,1856 1711,1824"/>
                <Baseline points="1721,1884 1774,1883 1828,1881 1882,1879 1936,1878 1990,1875 2044,1874 2097,1871 2151,1869 2205,1868 2259,1865 2313,1862 2367,1859 2421,1857 2474,1854 2528,1851 2582,1848 2636,1845 2690,1841 2744,1837 2798,1833"/>
                <TextEquiv>
                    <Unicode>zom tag und nacht uff dem Teuw gele¬</Unicode>
                </TextEquiv>
            </TextLine>
            <TextLine id="r4l21" custom="readingOrder {index:20;} person {offset:22; length:6;}">
                <Coords points="1738,2008 1809,1960 2014,1956 2101,1993 2243,1946 2491,1986 2580,1919 2807,1923 2806,1885 2469,1913 2375,1878 2257,1924 2040,1874 1984,1924 1882,1881 1734,1920"/>
                <Baseline points="1743,1953 1795,1953 1848,1952 1901,1952 1954,1952 2007,1950 2059,1949 2112,1949 2165,1947 2218,1946 2271,1943 2323,1941 2376,1939 2429,1935 2482,1933 2535,1929 2587,1924 2640,1920 2693,1916 2746,1910 2799,1905"/>
                <TextEquiv>
                    <Unicode>gen, biß endtlichen der Junger zun Cam¬</Unicode>
                </TextEquiv>
            </TextLine>
            <TextLine id="r4l22" custom="readingOrder {index:21;}">
                <Coords points="2707,1978 2718,1977 2721,1980 2724,1979 2728,1982 2738,1980 2730,1941 2723,1942 2716,1938 2712,1939 2705,1934 2699,1936"/>
                <Baseline points="2711,1967 2727,1964"/>
                <TextEquiv>
                    <Unicode>11</Unicode>
                </TextEquiv>
            </TextLine>
            <TextLine id="r4l23" custom="readingOrder {index:22;}">
                <Coords points="2576,2027 2587,2028 2607,2046 2671,2057 2702,2039 2730,2008 2769,2002 2768,1982 2724,1982 2689,1955 2677,1957 2661,1947 2649,1951 2614,1928 2587,1948 2573,1946"/>
                <Baseline points="2583,2010 2608,2009 2634,2007 2660,2006 2685,2005 2711,2004 2737,2003 2763,2004"/>
                <TextEquiv>
                    <Unicode>Bezu.</Unicode>
                </TextEquiv>
            </TextLine>
            <TextLine id="r4l24" custom="readingOrder {index:23;}">
                <Coords points="1727,2064 1797,2028 1883,2026 1933,2073 2030,2028 2095,2069 2201,2029 2307,2064 2354,2019 2406,2017 2405,1979 2254,1997 2165,1970 2080,1994 2013,1956 1976,1981 1898,1970 1853,2002 1832,1984 1727,2003"/>
                <Baseline points="1733,2025 1766,2024 1799,2023 1832,2022 1866,2022 1899,2021 1932,2021 1966,2021 1999,2021 2032,2021 2066,2021 2099,2021 2132,2021 2165,2021 2199,2021 2232,2019 2265,2019 2299,2018 2332,2016 2365,2015 2399,2012"/>
                <TextEquiv>
                    <Unicode>sen zugehen zecwungen</Unicode>
                </TextEquiv>
            </TextLine>
            <TextLine id="r4l25" custom="readingOrder {index:24;}">
                <Coords points="1728,2147 1787,2101 2101,2146 2242,2096 2474,2107 2518,2140 2613,2076 2685,2125 2778,2080 2776,2003 2672,2058 2392,2071 2206,2030 2076,2078 2011,2042 1833,2086 1726,2064"/>
                <Baseline points="1733,2099 1784,2100 1836,2100 1888,2100 1940,2101 1992,2100 2044,2100 2096,2099 2148,2097 2200,2096 2252,2095 2303,2093 2355,2090 2407,2088 2459,2086 2511,2083 2563,2080 2615,2077 2667,2074 2719,2070 2771,2067"/>
                <TextEquiv>
                    <Unicode>het darby zog sintharo das gunug sin</Unicode>
                </TextEquiv>
            </TextLine>
            <TextLine id="r4l26" custom="readingOrder {index:25;}">
                <Coords points="1738,2224 1816,2175 2128,2167 2310,2192 2471,2163 2548,2205 2630,2165 2734,2204 2733,2126 2567,2116 2461,2149 2383,2105 2306,2143 2243,2095 2194,2139 2062,2146 1895,2099 1737,2139"/>
                <Baseline points="1745,2177 1794,2177 1843,2177 1892,2177 1941,2177 1990,2175 2039,2175 2088,2174 2137,2172 2186,2172 2235,2171 2284,2169 2333,2168 2382,2168 2431,2166 2480,2165 2529,2165 2578,2165 2627,2165 2676,2165 2726,2165"/>
                <TextEquiv>
                    <Unicode>nit entwendet, sondern sein nahrung</Unicode>
                </TextEquiv>
            </TextLine>
            <TextLine id="r4l27" custom="readingOrder {index:26;}">
                <Coords points="1738,2280 1826,2245 2061,2292 2159,2249 2240,2278 2525,2237 2764,2270 2802,2250 2801,2174 2712,2213 2630,2164 2530,2218 2463,2180 2342,2218 2128,2168 2031,2204 1815,2176 1737,2223"/>
                <Baseline points="1745,2246 1797,2249 1850,2250 1902,2250 1955,2250 2007,2250 2060,2250 2112,2249 2165,2247 2217,2246 2270,2244 2322,2243 2375,2241 2427,2240 2480,2240 2532,2238 2585,2238 2637,2238 2690,2240 2742,2240 2795,2243"/>
                <TextEquiv>
                    <Unicode>mit bättlen und auch zetgulen mit trosche</Unicode>
                </TextEquiv>
            </TextLine>
            <TextLine id="r4l28" custom="readingOrder {index:27;}">
                <Coords points="2288,2343 2318,2324 2394,2336 2517,2312 2576,2353 2593,2341 2627,2359 2704,2323 2767,2363 2800,2353 2799,2256 2752,2291 2684,2251 2630,2285 2570,2246 2541,2268 2502,2245 2436,2276 2419,2261 2343,2276 2287,2252"/>
                <Baseline points="2295,2321 2321,2322 2347,2322 2373,2321 2399,2321 2426,2321 2452,2320 2478,2319 2504,2319 2530,2318 2557,2318 2583,2318 2609,2316 2635,2316 2661,2316 2688,2316 2714,2316 2740,2318 2766,2318 2793,2319"/>
                <TextEquiv>
                    <Unicode>Snklagß sehr schmutz</Unicode>
                </TextEquiv>
            </TextLine>
            <TextLine id="r4l29" custom="readingOrder {index:28;}">
                <Coords points="1750,2339 1842,2348 1878,2332 1923,2372 1961,2376 2006,2341 2166,2325 2167,2247 2061,2293 1962,2272 1920,2281 1889,2256 1841,2286 1813,2271 1751,2281"/>
                <Baseline points="1757,2316 1782,2319 1807,2321 1832,2322 1857,2323 1882,2324 1908,2325 1933,2325 1958,2325 1983,2325 2008,2324 2034,2324 2059,2324 2084,2323 2109,2322 2134,2322 2160,2322"/>
                <TextEquiv>
                    <Unicode>esucht zu haben.</Unicode>
                </TextEquiv>
            </TextLine>
            <TextLine id="r4l30" custom="readingOrder {index:29;}">
                <Coords points="1748,2400 1889,2431 1970,2389 2352,2430 2528,2405 2599,2439 2661,2400 2776,2408 2732,2332 2573,2378 2218,2317 2175,2352 2026,2339 1962,2375 1868,2336 1748,2350"/>
                <Baseline points="1754,2397 1804,2396 1855,2394 1906,2394 1957,2393 2007,2393 2058,2393 2109,2393 2160,2394 2210,2394 2261,2394 2312,2395 2363,2396 2413,2396 2464,2396 2515,2396 2566,2396 2616,2394 2667,2394 2718,2393 2769,2391"/>
                <TextEquiv>
                    <Unicode>sich disen seinen ellunden und zuglnk¬</Unicode>
                </TextEquiv>
            </TextLine>
            <TextLine id="r4l31" custom="readingOrder {index:30;}">
                <Coords points="1746,2470 1810,2511 1885,2510 1960,2456 1995,2483 2234,2463 2284,2503 2358,2470 2739,2496 2761,2438 2329,2437 2193,2391 1746,2445"/>
                <Baseline points="1752,2463 1802,2462 1852,2462 1902,2462 1952,2462 2002,2462 2052,2462 2102,2462 2152,2463 2202,2463 2253,2465 2303,2465 2353,2466 2403,2468 2453,2468 2503,2469 2553,2471 2603,2472 2653,2472 2703,2474 2754,2475"/>
                <TextEquiv>
                    <Unicode>eligen zustand mit ehrenundig angen</Unicode>
                </TextEquiv>
            </TextLine>
            <TextLine id="r4l32" custom="readingOrder {index:31;}">
                <Coords points="1743,2530 1835,2527 1896,2575 1952,2530 2076,2568 2209,2539 2276,2579 2443,2547 2496,2597 2556,2551 2684,2565 2704,2522 2603,2467 2257,2508 2195,2481 2130,2510 2076,2464 1967,2508 1744,2491"/>
                <Baseline points="1749,2531 1796,2531 1843,2531 1891,2531 1938,2531 1986,2531 2033,2532 2080,2532 2128,2534 2175,2535 2223,2536 2270,2537 2317,2539 2365,2540 2412,2541 2460,2543 2507,2544 2554,2545 2602,2546 2649,2547 2697,2549"/>
                <TextEquiv>
                    <Unicode>Mit erzinem frngwillig alles zulinden</Unicode>
                </TextEquiv>
            </TextLine>
            <TextLine id="r4l33" custom="readingOrder {index:32;}">
                <Coords points="1731,2636 2067,2593 2162,2631 2245,2610 2308,2651 2451,2614 2712,2632 2714,2549 2496,2596 2373,2542 2276,2579 2196,2549 1896,2575 1845,2531 1733,2537"/>
                <Baseline points="1739,2601 1787,2598 1835,2597 1884,2597 1932,2597 1980,2597 2029,2597 2077,2598 2125,2601 2174,2603 2222,2604 2270,2607 2319,2609 2367,2610 2415,2613 2464,2615 2512,2615 2560,2616 2609,2616 2657,2616 2706,2615"/>
                <TextEquiv>
                    <Unicode>vas inn warde offerlagt wardn, Wollen</Unicode>
                </TextEquiv>
            </TextLine>
            <TextLine id="r4l34" custom="readingOrder {index:33;}">
                <Coords points="1740,2717 1883,2669 2272,2687 2317,2717 2459,2681 2517,2713 2563,2683 2603,2711 2697,2689 2698,2663 2572,2667 2401,2618 2291,2666 1963,2621 1741,2651"/>
                <Baseline points="1748,2673 1795,2672 1842,2672 1889,2672 1936,2672 1983,2672 2030,2673 2078,2675 2125,2675 2172,2677 2219,2679 2266,2681 2313,2682 2360,2684 2408,2685 2455,2687 2502,2687 2549,2688 2596,2688 2643,2688 2691,2687"/>
                <TextEquiv>
                    <Unicode>guen arbenten, mann solle iun mir</Unicode>
                </TextEquiv>
            </TextLine>
            <TextLine id="r4l35" custom="readingOrder {index:34;}">
                <Coords points="1747,2747 1863,2768 1970,2739 2111,2777 2231,2750 2373,2801 2409,2774 2456,2800 2570,2763 2611,2794 2760,2771 2761,2734 2566,2687 2517,2713 2433,2689 2349,2732 2271,2689 2132,2710 2045,2675 1748,2715"/>
                <Baseline points="1754,2742 1804,2741 1854,2741 1904,2742 1954,2743 2004,2744 2054,2747 2104,2747 2154,2750 2204,2751 2254,2754 2304,2756 2354,2757 2404,2759 2454,2760 2504,2762 2554,2762 2604,2762 2654,2762 2704,2760 2754,2759"/>
                <TextEquiv>
                    <Unicode>angeßlin oder einsichten so hagt mann</Unicode>
                </TextEquiv>
            </TextLine>
            <TextLine id="r4l36" custom="readingOrder {index:35;}">
                <Coords points="1751,2814 1820,2815 1841,2828 1885,2812 1934,2833 1997,2828 2073,2839 2074,2801 2058,2795 2001,2791 1970,2802 1958,2789 1907,2804 1863,2782 1840,2790 1803,2754 1753,2744"/>
                <Baseline points="1758,2810 1783,2811 1809,2811 1835,2813 1861,2813 1886,2814 1912,2814 1938,2816 1964,2817 1989,2817 2015,2819 2041,2820 2067,2822"/>
                <TextEquiv>
                    <Unicode>immer wunn</Unicode>
                </TextEquiv>
            </TextLine>
            <TextLine id="r4l37" custom="readingOrder {index:36;}">
                <Coords points="2075,2799 2214,2811 2289,2859 2438,2828 2495,2854 2661,2835 2759,2866 2761,2769 2636,2810 2561,2772 2489,2813 2414,2784 2382,2807 2332,2776 2269,2788 2232,2749 2115,2780 2076,2764"/>
                <Baseline points="2081,2826 2114,2826 2148,2826 2181,2826 2215,2826 2249,2828 2282,2828 2316,2829 2349,2829 2383,2830 2417,2831 2450,2831 2484,2832 2517,2832 2551,2834 2585,2835 2618,2835 2652,2836 2685,2837 2719,2837 2753,2838"/>
                <TextEquiv>
                    <Unicode>Maßen e seibe</Unicode>
                </TextEquiv>
            </TextLine>
            <TextLine id="r4l38" custom="readingOrder {index:37;}">
                <Coords points="1748,2923 1791,2889 1853,2926 1918,2895 1986,2928 2125,2888 2206,2924 2556,2911 2628,2959 2700,2910 2775,2921 2776,2887 2528,2876 2438,2829 2358,2859 1996,2830 1959,2864 1843,2866 1751,2815"/>
                <Baseline points="1755,2886 1805,2886 1856,2886 1907,2886 1957,2886 2008,2888 2059,2889 2109,2889 2160,2891 2211,2892 2262,2895 2312,2896 2363,2898 2414,2900 2464,2901 2515,2903 2566,2906 2616,2906 2667,2908 2718,2910 2769,2912"/>
                <TextEquiv>
                    <Unicode>gangene nisethaten und fahlar zum</Unicode>
                </TextEquiv>
            </TextLine>
            <TextLine id="r4l39" custom="readingOrder {index:38;} person {offset:37; length:1; continued:true;}">
                <Coords points="1763,2986 1872,2962 2029,3008 2151,2955 2334,3002 2449,2967 2638,2995 2767,2981 2768,2934 2710,2916 2628,2959 2423,2905 2199,2924 2076,2891 1993,2937 1936,2895 1841,2928 1764,2904"/>
                <Baseline points="1770,2964 1819,2963 1869,2961 1918,2960 1968,2960 2017,2960 2067,2960 2116,2960 2166,2961 2215,2963 2265,2963 2314,2964 2364,2966 2413,2967 2463,2969 2512,2970 2562,2971 2611,2972 2661,2973 2710,2973 2760,2973"/>
                <TextEquiv>
                    <Unicode>bserlichen schein nach sehr beomme und</Unicode>
                </TextEquiv>
            </TextLine>
            <TextLine id="r4l40" custom="readingOrder {index:39;} person {offset:0; length:4; continued:true;}">
                <Coords points="1750,3038 1846,3072 1969,3045 2053,3088 2171,3041 2432,3083 2598,3060 2676,3099 2763,3082 2766,2997 2674,2976 2587,3035 2482,2972 2347,3027 2204,2966 2092,3023 1873,2963 1752,2981"/>
                <Baseline points="1758,3035 1810,3035 1863,3036 1915,3036 1968,3038 2020,3039 2073,3041 2126,3041 2178,3043 2231,3045 2283,3047 2336,3047 2388,3050 2441,3051 2494,3053 2546,3054 2599,3056 2651,3057 2704,3060 2757,3062"/>
                <TextEquiv>
                    <Unicode>Pillet Gotten Herren vnd nun hochn</Unicode>
                </TextEquiv>
            </TextLine>
            <TextLine id="r4l41" custom="readingOrder {index:40;}">
                <Coords points="1747,3142 1894,3159 1969,3119 2149,3114 2277,3164 2316,3127 2415,3123 2521,3167 2757,3131 2758,3101 2659,3110 2589,3060 2486,3053 2441,3083 2270,3075 2183,3042 2072,3089 1969,3045 1749,3072"/>
                <Baseline points="1755,3113 1804,3113 1854,3113 1904,3113 1954,3114 2004,3114 2053,3116 2103,3116 2153,3117 2203,3119 2253,3119 2302,3120 2352,3122 2402,3123 2452,3124 2502,3125 2551,3126 2601,3126 2651,3128 2701,3128 2751,3128"/>
                <TextEquiv>
                    <Unicode>oberkeit derselbin halber umb ger</Unicode>
                </TextEquiv>
            </TextLine>
            <TextLine id="r4l42" custom="readingOrder {index:41;}">
                <Coords points="1766,3216 2112,3212 2153,3249 2436,3258 2612,3202 2670,3226 2788,3201 2640,3128 2558,3182 2430,3146 2303,3177 2154,3115 2020,3119 1936,3168 1767,3132"/>
                <Baseline points="1773,3191 1823,3192 1873,3192 1924,3194 1974,3194 2025,3195 2075,3195 2125,3195 2176,3197 2226,3198 2277,3198 2327,3199 2377,3200 2428,3201 2478,3203 2529,3203 2579,3205 2629,3206 2680,3207 2730,3209 2781,3212"/>
                <TextEquiv>
                    <Unicode>Zeichung und umb eine gnädige Grteil</Unicode>
                </TextEquiv>
            </TextLine>
            <TextLine id="r4l43" custom="readingOrder {index:42;}">
                <Coords points="1757,3341 1964,3322 2040,3368 2176,3368 2253,3334 2295,3370 2355,3328 2464,3326 2520,3371 2602,3337 2806,3343 2807,3257 2668,3240 2331,3269 2209,3237 2105,3273 2023,3220 1759,3239"/>
                <Baseline points="1764,3324 1815,3324 1867,3326 1919,3326 1971,3327 2022,3327 2074,3329 2126,3330 2178,3330 2229,3331 2281,3332 2333,3333 2385,3333 2436,3335 2488,3335 2540,3335 2592,3335 2643,3335 2695,3335 2747,3335 2799,3335"/>
                <TextEquiv>
                    <Unicode>arüber Myhl uß großen rahub mrkent</Unicode>
                </TextEquiv>
            </TextLine>
            <TextLine id="r4l44" custom="readingOrder {index:43;}">
                <Coords points="1740,3405 1786,3395 1835,3445 1929,3413 2380,3454 2474,3414 2745,3417 2746,3362 2672,3380 2602,3338 2523,3372 2466,3327 2356,3328 2294,3369 2251,3335 2041,3369 1964,3324 1916,3359 1740,3348"/>
                <Baseline points="1746,3396 1795,3395 1845,3395 1894,3395 1944,3395 1994,3395 2043,3395 2093,3396 2143,3398 2192,3398 2242,3399 2292,3401 2341,3402 2391,3403 2441,3404 2490,3405 2540,3405 2590,3405 2639,3405 2689,3404 2739,3402"/>
                <TextEquiv>
                    <Unicode>daß er abermahl auszeschrunzt und nach</Unicode>
                </TextEquiv>
            </TextLine>
            <TextLine id="r4l45" custom="readingOrder {index:44;}">
                <Coords points="1756,3489 1915,3513 2022,3470 2126,3515 2274,3477 2629,3511 2798,3488 2798,3430 2735,3421 2380,3457 2307,3428 1843,3448 1757,3397"/>
                <Baseline points="1763,3474 1814,3473 1865,3473 1917,3471 1968,3471 2020,3471 2071,3471 2123,3471 2174,3471 2226,3471 2277,3471 2328,3473 2380,3473 2431,3473 2483,3473 2534,3473 2586,3473 2637,3473 2689,3473 2740,3471 2792,3471"/>
                <TextEquiv>
                    <Unicode>foriger erkantues widerumb uns Schallen¬</Unicode>
                </TextEquiv>
            </TextLine>
            <TextLine id="r4l46" custom="readingOrder {index:45;}">
                <Coords points="1765,3542 1910,3542 1962,3577 2315,3545 2372,3585 2417,3555 2598,3584 2677,3559 2710,3588 2828,3584 2830,3514 2737,3476 2640,3523 2581,3486 2514,3523 2451,3479 2122,3516 2020,3469 1953,3514 1766,3522"/>
                <Baseline points="1772,3542 1824,3540 1877,3540 1929,3540 1982,3540 2034,3540 2087,3542 2139,3542 2192,3542 2244,3543 2297,3545 2349,3545 2402,3546 2454,3548 2507,3549 2559,3551 2612,3552 2664,3554 2717,3555 2769,3555 2822,3557"/>
                <TextEquiv>
                    <Unicode>werrk geschmidet werden sollen acten 30 ovembris</Unicode>
                </TextEquiv>
            </TextLine>
            <TextLine id="r4l47" custom="readingOrder {index:46;}">
                <Coords points="1765,3619 1806,3607 1814,3615 1837,3614 1888,3631 1906,3645 1930,3643 1930,3540 1903,3558 1880,3542 1860,3543 1821,3569 1765,3542"/>
                <Baseline points="1772,3606 1797,3604 1822,3603 1847,3602 1872,3602 1897,3604 1923,3608"/>
                <TextEquiv>
                    <Unicode>1686</Unicode>
                </TextEquiv>
            </TextLine>
            <TextEquiv>
                <Unicode>172.
eröeiten und sich also herunder laßen
konnen, da e dann Beiders auß der
zufangenschafft, und auch hernach by der
Mauhren uff dem graben bym fallenhauß
ein gaut guerst wagen müßen, aber
da lettenn mahl, Weilen das auß
der Hurscheittenn denke geflochtnun
Seyl, mndt zwng gebrochen einen solchen
fahl gethan, daß der weltsche keinen
zus gehabt imme nachzukommen, sondern
ich darvon gemacht, und zun ligen laßen
Maßen 1r wegen deß Hartenbzahles kein
merlich Inder minm michsgelegnun
baum Auchen konnen, daselbsten nun
heit lang am sugen gelegen davnvar
Im nach und nach sich gugen daberen

gemacht, In ein gauren geschloffen
zom tag und nacht uff dem Teuw gele¬
gen, biß endtlichen der Junger zun Cam¬
11
Bezu.
sen zugehen zecwungen
het darby zog sintharo das gunug sin
nit entwendet, sondern sein nahrung
mit bättlen und auch zetgulen mit trosche
Snklagß sehr schmutz
esucht zu haben.
sich disen seinen ellunden und zuglnk¬
eligen zustand mit ehrenundig angen
Mit erzinem frngwillig alles zulinden
vas inn warde offerlagt wardn, Wollen
guen arbenten, mann solle iun mir
angeßlin oder einsichten so hagt mann
immer wunn
Maßen e seibe
gangene nisethaten und fahlar zum
bserlichen schein nach sehr beomme und
Pillet Gotten Herren vnd nun hochn
oberkeit derselbin halber umb ger
Zeichung und umb eine gnädige Grteil
arüber Myhl uß großen rahub mrkent
daß er abermahl auszeschrunzt und nach
foriger erkantues widerumb uns Schallen¬
werrk geschmidet werden sollen acten 30 ovembris
1686</Unicode>
            </TextEquiv>
        </TextRegion>
    </Page>
</PcGts>
