3024 4032
283 607 401 711 112.
490 661 1366 799 vann daß ervon obigem m Vorgamen
499 735 1393 857 suchling ein roht pfund gemitet, mit dor¬
504 813 1356 901 wand er wolle, nach sollochnrn und funf
489 880 876 977 tag ußbleiben iyn.
495 918 1379 1060 Num d der Lauffer Stelller tunkung
500 989 1383 1103 Aan vor 4 monatin zu Bryburg sy dem
494 1063 1383 1163 knisen Rößli angetroffen, daselbst mit tum
494 1116 1395 1230 zunacht geßen und in gleichem gemachge¬
497 1159 1350 1287 schlaffen volgente, alß er zun geflagt
493 1225 1353 1340 ob a mit zum zuruck wolle, zum gusagt
490 1262 1377 1396 wolle zuvor die köter und anders be
499 1377 662 1466 echsigen.
466 1406 1407 1548 Habend meinichen und wolgen die craminalor
497 1476 1372 1590 Vor ablegender relation Inn darüber auch
474 1533 1393 1673 zu quastionierin nohtwundig erachtet, Maten
486 1617 795 1734 solchens beschuchen
481 1727 1363 1855 und nach etwelchem zusprechen, das benich
493 1800 1349 1933 vorhanden, das er nun zeit daher zinlich
496 1861 1383 1981 umb ein anderen genoßlet und nit wolan
492 1941 1416 2026 bers sein konne, alß daß seier correspon
480 1990 1370 2110 senz nachgefahlen seyn, oder er sölle an
471 2035 1361 2167 zingen, wars er hin und harzuhunnig tat
479 2123 632 2222 gehabt
421 2212 1356 2329 atter eeöffnnt, das er dengangen zu
992 2270 1323 2367 der etgnachten
477 2291 988 2391 Monat seynns Besimnns
995 2340 1152 2385 and
492 2363 1344 2452 umben nacher cananuin gefahren eie
500 2404 1344 2512 und Anderwegen zu Wißl zurg über
494 2460 1335 2568 nachtet seye, wegen mins Henrahls
484 2518 1335 2632 mit miner Pretton, Welche dazumahl by
487 2590 1350 2694 trum saller zu diens gewohnt darvon s
480 2651 1383 2757 landtvogt zu Lauamen bericht geben wann
477 2699 1350 2820 Weilen er abar trun haller zu Grus nit
484 2771 1366 2870 angetroffen, sondern wegen einen ma
490 2835 1353 2945 itis zu Röttschmeind wahrn alß seyner
870 2895 1006 2937 arun
482 2886 1356 2994 nacher causamin, amob uin recomendation
477 2954 1350 3049 schreiben deßwegen vom herren landtvogt o
484 3010 1392 3121 aber dazumahlen von Bern noch nit angelann.
478 3070 1374 3177 gut seyn gsin seye, zunammen, folgents as
476 3125 1423 3239 Milden Hangerzn und rotlschmind gefahren
477 3189 1356 3307 daselbst mit jrum saller geredt, aber von
452 3257 1385 3361 zu vernommen, das sy schon verlobt seyn, dan
472 3316 1385 3417 zumahlen a amahl zwo nacht by her camt
485 3369 1437 3486 vogt Wurstenberger zu sanm über nacht gsey
2701 411 2818 507 118.
1734 561 2757 790 volgentes uff zweysimmen zugefahren und
1727 644 2780 824 daselbsten by h. Caslan übernachtet, durnach
1749 709 2719 875 ich uff Wertzensen zu seinem hren vellern
1756 744 2804 939 Pendinanten begeben und by ime übernachtet
1738 806 2820 1011 Morndrigen tages dann seyn e humr zu Harn
1761 874 2783 1063 wider angelang und mit welcher riiß et.
1756 975 2429 1136 etwan zechen tag zugebracht.
1749 1184 2733 1357 on wein er das pfard entlahnt, auch waib
1754 1240 2779 1427 harbs es gewesen sey und ander wais vor
2350 1318 2787 1428 Habe dazumahle
1764 1357 2242 1495 geben er es entlahnt.
1761 1375 2730 1517 selbigen entlihnt von mr Anthone Marti
1764 1448 2787 1598 und seye ein weiser schimmel gewesen und
1745 1532 2679 1683 zu zum gesagt, e wolle vns ergento¬
1738 1644 2800 1778 Worumb a aber gesagt, s wolle ims ergonto
1756 1711 2746 1834 da er doch ans Weltsch land gefahren. Die
1770 1770 2773 1924 Vrsach seyn 2sach. die erste, damit um vorha
1765 1835 2772 1978 ben dew geheimer bleibe, dann bekant, das
1762 1880 2808 2014 mann die zenhrahtssachen nit garn entdenkt
1867 1972 2820 2077 die andern Weilen ins mi schon Roß
1750 2003 1859 2092 sechn,
1765 2031 2772 2156 gewesen und er wol gewüse, daß man die
1771 2110 2790 2229 Pfard nit gan imb Bultsch land wegen daß
1756 2179 2365 2298 schluchen zukarb entlehen.
1765 2296 2754 2420 Ob a glad vom hauß zum Grisoffel thor
1775 2388 2021 2480 außgefahlen.
2150 2375 2779 2483 ein sondern die gasen ab
1768 2434 2790 2551 hernach über den kirchmarnkt zum Gollati
1776 2509 2766 2607 stattgaßen hinauß damit ex Marti inn nit
1769 2558 2795 2691 ehnn oben auß fahren, sondern darmmen e
1778 2648 2818 2746 begebe sich seinem zorgeben nach das agend
1754 2709 2797 2811 Wann mann aber zum diß ortb nit glauben
1774 2771 2768 2895 wolle, so könne mann sich by obgesagten herren
1778 2829 2440 2948 landtogten Berich aber arholm.
1763 2979 2711 3117 einn seyn e Hergangen St. Johams Tag
1776 3050 2724 3180 gahn Raden gefahren, dachl g. Tillinr zu
1768 3142 2731 3245 mynigen angetroffen und golgentis mitge
1777 3205 2677 3299 fahren, habe auch nun Bunzals sach an¬
1780 3261 2625 3357 gebroffen, so a zu arauw vorgehabt,
1799 3312 2750 3430 und seyn sein hochaben gsin, im fahl die sach
1767 3375 2776 3501 zur rehngkeit sich anlaße, Myhl Cons von e
1795 3446 2694 3550 ach darmit auch zu vnmuhen, Won Er dann
