3024 4032
811 550 1554 720 Jusanna Christen¬
672 688 1573 842 hat zu ihren unehtlichen zweyling
670 787 1495 904 anfengklich einen vortribenen
673 855 1588 996 reformierten Fredicanten Jodemn
667 935 1582 1054 zum valler angeben, hernach aber
673 994 1579 1142 unschuldig declariert und einen heß
671 1088 1537 1202 nammens Wilselm Vogel der auch
659 1155 1582 1269 sort ist beklagt. Ist deßwegen
656 1219 1565 1344 zu wolverdienter straß neben
647 1297 1570 1415 0. tägiger chorgrichtlicher ggangen
647 1362 1570 1497 schafft vs ein viertel Jahr lang von
647 1437 1573 1548 ihr hes stall und kanden banm
649 1511 1570 1617 siert worden den 20toctobr 1687
396 1597 1066 1732 saeol vrere Jo1t1
676 1707 923 1811 wee
490 1773 1291 1918 de aden Ritlaus Käser
379 1871 1280 1978 halb Judehevon Gramried
397 1922 1534 2046 mit at zweyen die eheversprochen und
441 2008 1562 2121 selbige beschlafen, Ist deß wegen
380 2072 1546 2193 werde ufein stund lang an das halßeisen
413 2145 1381 2261 erkent worden 29 loct 1687.
457 2221 1297 2336 eel eequiert den 3t. diten m
464 2278 1310 2403 rbae da darden  prweck
643 2356 1270 2460 enelt et d
831 2457 1352 2579 Saequlsh Zochet
595 2546 1561 2701 ein refrgierter frantzoß hat boß
643 2638 1566 2761 haffter weis sein Attestattion oder
643 2722 1576 2833 vil mehr der Theil derselben vs welchen
634 2796 1564 2902 die asschrentz die ihme erthelt worden
649 2856 1559 2979 verzeichnet ware abgeschrillen unf
639 2926 1540 3048 das man nit sechen könne, wo ihme
626 3001 1563 3114 gesteürt worden und damit hin und
512 3023 598 3099 al
624 3071 1585 3191 hor im land umbgeschweczet, ist anders
625 3144 1553 3259 zum byspeil uf wwo stund lang an
620 3200 1572 3320 das halßeisen erkent und bedeütet wordn
614 3266 1590 3384 wo er sich verners also verbrochen wurdt
609 3349 1590 3448 er mit eüthen ußgeschmeitzt werden solle.
587 3393 1215 3490 Act 7 januarii 1688
587 3462 1083 3585 reg stag obstath.
2817 483 2909 568 208
2094 545 2753 699 heorge Beriere de
2146 641 2653 750 Selinen pauphme
1911 739 2906 874 weillen diser Berdere gleich nechstvor¬
1911 812 2903 948 beschribenem seine Attestata abgescheitten
1912 869 2906 1002 und gestumlet, damit man nit sechen könne
1905 937 2851 1069 wo er durch passiert und die assistente
1896 982 2883 1130 empfangen, Als ist er mit gleicher straf
1898 1073 2809 1203 der zweyen stunden an das halßeisen
2797 1095 2866 1171 h
1901 1155 2908 1269 gestelt zu werden belegt und von ihrstand
1907 1203 2855 1325 verwisen und ihme bedeütet worden.
1895 1272 2878 1394 fahls er sich weiters in ihr gn gepiet
1908 1330 2905 1449 sechen laßen und wie obstath verbrechen
1910 1394 2917 1510 werde, alßdan mit rethen ußgeschmeitzt
1898 1461 2902 1573 werden solte, actum 24jenner 1688
1889 1532 2357 1663 exeg gleichen tag.
2100 1679 2688 1821 Johannes Pluß
2101 1774 2575 1878 Oburger alhier.
1876 1845 2885 1984 Ist als eine vnnutze burde vnd auch
1901 1938 2857 2045 einen unzahlbahren mann aan deßen
1912 2001 2789 2114 gehaltenen Geltstag vil ehrliche
1902 2085 2902 2168 leüth verlüestig sein müßen, für
1919 2129 2905 2243 101 jahr von ihr gn stätten und Land
1913 2207 2822 2317 verwisen worden den 1. martii 1688.
1908 2249 2329 2363 Aeg gleichen tags
2072 2387 2766 2535 Barbara Pfrunder
2141 2487 2881 2608 von Brügg kircheri Bürglen
1882 2542 2853 2693 Hat ihr zur wolt gebohrnes kind, in
1894 2640 2857 2754 der genißt und sonsten, ihrem eheman
1911 2706 2873 2823 mit hochen betheürungen zugeeignet
1903 2777 2906 2877 da er doch selbige Jahr vnd tag zuuor nit
1909 2844 2913 2937 beschlaßen, hernach auch gestendig werd.
1910 2898 2919 3011 müßen, daß sy ihme ohnrecht gethan.
1923 2959 2904 3063 vnd das Kind mit Hans Gerber dem
1900 3010 2901 3139 sigerist von Güeglen in ehebruch er
1909 3070 2919 3188 zeuget, auch hieuor mit seinem vmbt¬
1890 3132 2897 3267 kanten Italiente ich vergeßen habe
1927 3206 2886 3314 deßwegen ihr gus zu dero wolverdienten
1903 3250 2832 3359 stroft sy mit ruthen ußschmeitzen und
1915 3308 2897 3402 von ihr gnl statt und Landen verweisen
1902 3363 2571 3455 laßen den 10. martii 1688.
