3024 4032
253 287 360 394 29.
479 407 1450 582 suche er ine bym wenigsten nit zubelei¬
487 499 637 587 digen.
708 516 1422 629 darauff jr. von Wyl alsobald
489 564 1470 702 seinen schlupf und mantell uff die mauhren
474 612 1495 760 gelegt, auss dem weg uff den wasen zuruck
496 664 1477 797 und byseits gesprungen, den dägen aussge¬
460 730 1468 860 zogen und gesagt komm worauff er
479 795 1471 931 ebenmessig seinen mantel abgezogen und
496 848 1450 971 uff die mauhren gelegt, aber in allem das
470 917 1470 1033 er habe uff sein wehr gegriffen und sel¬
475 973 1454 1086 biges auch aussziechen wollen, habe jr. von
450 1018 1448 1159 Wyl uff ine gestossen und ime den stich ge¬
465 1102 1450 1220 geben, also dass er denselbigen empfangen
466 1159 1455 1278 gehabt ehe er seinen dägen vollig entblösst,
464 1221 1460 1331 massen in allem aussziechen er dess jr. von
445 1286 1466 1393 Wyls dägen zuruckgeschlagen und mit der
473 1349 1442 1459 lincken hand darauff seine klingen er¬
466 1398 1444 1524 griffen und also ein anderen uff den lyb
472 1460 1468 1578 gekommen gestalten sy einanderen zu boden
456 1507 1438 1644 geweltzet der einte dess anderen dägen
454 1576 1402 1680 mit der hand haltend, ob aber jr. von
444 1641 1452 1750 Wyl vermeint gehabt, er habe seinen dägen
467 1691 1438 1802 bereits entblösst und stehe in postur sich
434 1755 1448 1868 zu deffendieren, das möge er nit wüssen etc.
458 1816 1447 1928 nachdem sy also uff dem boden gewesen,
425 1871 1463 1989 habe er zu jr. von Wyl gesagt, jr. von Wyl
445 1940 1444 2042 ich bin blessiert, darauff derselbige ge¬
446 2002 1422 2112 antwortet ich auch etc. uff welches ein
431 2062 1441 2169 jeder seinen mantell widergenommen und
426 2127 1473 2219 miteinanderen in aller fründtlichen manier
436 2182 1467 2287 ohne einichen zorn noch alteration ab dem
431 2233 1450 2348 kirchhoff durch die Crützgassen gegangen, al¬
419 2290 1422 2407 so dass er auch den jr. von Wyl invitiert
428 2354 1440 2463 mit ime nacher hauss zukommen, sy wollind
425 2404 1459 2518 mit einanderen kilten und sich grad verbinden
427 2479 1452 2591 lassen, welches jr. von Wyl aber abgeschlagen
412 2536 1469 2657 mit vermelden, er möge solchen verdrussen seiner
397 2600 1467 2719 fren. nit anthun, woruff sy von einander ge¬
404 2643 1415 2809 schieden und der jr. von Wyl über die gassen
362 2719 1441 2868 zur cronen gangen, er aber in dess Bauhren¬
411 2781 1468 2920 küngs schärstuben, umb sich daselbsten verbin¬
397 2843 1454 2977 den zulassen, von dannen er mit dem diener,
363 2901 1429 3044 der ine verbunden, nacher hauss sich begeben
400 2974 1446 3123 und alss er von seinen mägden vernommen, dass
393 3012 1453 3184 seine fren. mutter nach ime geschickt habe und
366 3081 1441 3250 seiner begehre, seye er die einte hand in dem
383 3149 1439 3327 schlupf haltend zu ira gegangen, umb zusechen
380 3205 1441 3381 was sy wolle, uff befragen, worumb er die hand
370 3266 1463 3448 verbunden, habe er geantwortet, er seye gefallen,
2714 363 2815 441 30.
1778 487 2801 659 volgents eher alss by einer halb viertell
1807 556 2814 688 stund sich wider zuruck nacher hauss begeben
1805 646 2370 775 und in das beht gelegt.
2038 811 2295 917 Ussaag.
1802 861 2405 1024 Dess jrn. von Wyls.
1812 962 2780 1088 Derselbe stimte mit diser dess jr. Steigers
1816 1027 2737 1192 ussag, so vil die materi dess anlasses
1800 1071 2767 1220 und dess erfolgs betrifft by nachem by,
1807 1147 2816 1306 ussert dass er hinzusetzte, dass es geschienen,
1797 1193 2796 1333 alss wann jr. Steiger, alss welcher ime
1795 1254 2809 1416 so weit gnugsam habe zuverstehen geben,
1781 1322 2830 1472 das ine sehr verdriesse, dass er zu ime ge¬
1800 1380 2769 1513 sagt habe, er solle sich in seine sachen
1804 1443 2853 1561 mischlen (meslez vous de vos affaires)
1800 1481 2857 1635 solches an ine gesucht habe, in dem er bald
1800 1550 2812 1703 geredt, was er an einem ort dulde, das
1810 1627 2830 1753 thüye er am anderen nit etc. bald sy wollind
1814 1689 2782 1812 mit einandern zunacht essen, ein pfeiffli
1804 1731 2793 1872 nemmen und hernach die sach aussmachen,
1796 1780 2825 1936 welches er uff kein andere weis habe ver¬
1804 1866 2803 1987 stehen können oder was er sonsten darmit
1802 1931 2827 2058 gemeint hette, massen er gedenckt eben
1813 2013 2875 2117 so mähr in diser stund alss in einer anderen etc.
1800 2063 2855 2178 bald er seye gewohnt sich in ander lühten sa¬
1801 2129 2856 2245 chen zumischlen und werde ohngeacht seinen
1801 2197 2810 2291 solches thun, biss endtlichen der handell
2212 2262 2811 2362 und dass er ignorieren
1804 2267 2103 2369 angegangen.
1801 2329 2807 2441 und nit wüssen will, welcher zu erst ge¬
1781 2390 2851 2501 zuckt und den dägen entblösst habe, ver¬
1806 2460 2869 2577 meinende, es seye fast zugleichem beschechen.
1747 2558 2761 2699 Nachdem nun nach mittag dem jr. von
1811 2656 2872 2767 Wyl die discrepanz und underschied der
1816 2717 2854 2842 ussag eröffnet worden, hatt derselbe ge¬
1811 2791 2820 2897 sagt, dass jr. Steiger ime darin unrecht
1807 2847 2860 2974 thüye, dass er uff ine solle gestossen haben,
1797 2913 2876 3030 ehe er sein dägen auch entblösst gehabt, wel¬
1817 2976 2864 3089 ches einem mörderstückli ähnlich währe und
1799 3033 2810 3158 dissmahlen positive gesetzt, dass er etwann
1804 3113 2863 3228 by neün schritten von ime gewesen, alss er
1781 3176 2834 3294 den dägen aussgezogen und also gewartet
1813 3229 2806 3369 biss jr. Steiger auch in seiner postur ge¬
1810 3296 2874 3449 wesen, massen mann wol hette verzellen
