3024 4032
303 555 423 655 185
675 629 798 718 wolg
509 637 1437 772 Eb then, wass er zum beuehle, so wolle
551 722 1438 844 an imme schon darvon helffen und gelt
551 787 1435 907 buben, so vill ins wolle, welches am
549 869 606 921 A.
563 854 1455 971 unter tag beschechen, und simas be¬
553 929 1443 1044 dnekumb die thur gantz offen ge¬
553 995 1434 1099 wesen, also wann ins hutte wollen zin¬
559 1056 1501 1173 zaggehen, Es solchers wal Zetle thun komn¬
536 1170 1404 1296 Uff dem abend seyn er widerkome
565 1244 1380 1375 vnd zun sehrschoumb gold gebracht
556 1308 1411 1446 zum auch inderen Tagyr und dinden
531 1383 1439 1512 engeßreckt, mit nochmaligem begehren
544 1450 1403 1581 Imn das beguhrte Zudel zumachen
556 1499 1440 1664 me zu seinem kuzen Cmen weu¬
553 1579 1443 1718 auch folgentis imn das gezeigen gold
551 1666 1442 1792 einhändigen Bolle Welchers eis in han¬
558 1725 1437 1864 an gehabt und ei jahr sumb darron
549 1797 1434 1932 umb selbigen dem am Meibel zuze¬
553 1881 1444 2005 gen habe behalten wollen, so ewer
557 1939 1452 2058 nit habe wollen beschechen laßen, as machen
532 2019 1437 2133 imme dann das Zedeli und neme allen
885 2078 1404 2170 Weiben ins aber vor
533 2096 748 2200 zusammen.
526 2150 1419 2263 eranderen erschinnung dnd herren
559 2212 1434 2329 von Morsen gefragt, dann es tunn
541 2271 1421 2394 gelt aube Ob sy unsb dann Ludig laße
553 2338 1431 2459 wollind und syh mit sein gnantwortes
534 2410 1428 2525 Alß habe is auch solches gelt nit ange¬
541 2472 1446 2587 nomen. weilen ins byß bewanden sachen
530 2538 1434 2649 darmit nichts zethen gewußt Heßalten
522 2609 1416 2701 imb darauff ein graußen ankomen.
539 2671 1424 2778 es angefangen zuschreyen, Wie dann
539 2731 1465 2848 mans darauff auß der gefangnuschatt
508 2793 1425 2923 zu den lichten In die Magden suben ge¬
535 2867 663 2966 lührt.
488 3027 1448 3162 Weiters alß ins In der Thorguichtlichen
543 3118 1392 3240 gefangenschafft gewesen, seye ine in
538 3184 1397 3301 einer nache umb 10 Ihren In einem
536 3255 1459 3373 paryr funff Lugeli neben innem schrifte
514 3318 1419 3433 deß inhaltes, daß selbige gutt wider die
532 3381 1478 3500 empfindligkeit der Marter sinie Sollind
2698 453 2828 543 186.
1793 540 2778 751 dann eis zur Marter geführt wurde
1760 640 2755 865 zuers zwey und dann morndnist die
1785 728 2816 901 ebrigen den numen dann mann wurde
1769 775 2818 978 umb zween tag einanderen nach somrken
1783 863 2780 1049 zein gäller imeingeworffen worden
1763 925 2841 1097 Wüße aber darby nit der solchen anthan
1773 992 2842 1192 ußtert, daß am abend zuvor ein kleinen
1772 1104 2754 1245 tnab, so io nit umme zu zum comam
1773 1139 2836 1309 und gesagt, daß mann eunn gnnach- unwar
1777 1193 2851 1389 gullib bringen wurde und wann as etwas
1783 1304 2771 1446 Joan, solle ins nit witmachen, oder er
1766 1364 2751 1528 schrerken, sondern wann mann im
1783 1413 2800 1564 euffe, mir bescheid geben, dats zuonden
1777 1504 2784 1671 habe es genlohren, von den angelmin
1771 1576 2820 1709 dann habe in nins genomen, alß man
1778 1634 2832 1792 umb güsrigen tags zur Marier geführt
1746 1707 2805 1854 darauff ins ganz iein worden und nit
1773 1799 2804 1937 gewußt, das ies gemacht, Maßen ins auch
2097 1877 2185 1931 habe
1789 1868 2729 1983 in der nache angefangen zusingen.
1782 2003 2819 2138 derners am andermahl, alß ins uff dem
1782 2098 2788 2230 Thorhauß gewesen, habe mann zum vmb
1778 2166 2819 2306 den Nittag in einem rachth darin bauls
1785 2251 2828 2371 brod gewesen zuteieken bracht, aber
1778 2313 2819 2441 In dem erinn Schlunk verspuhrt, daß mi
1804 2392 2862 2509 is euhren Nui, sondern ni zugerichteten
1780 2464 2763 2558 franck gewnsen Wie es dann nit mahs
1789 2540 2825 2661 alß ein schlnk darvon habe nunnen wollen
1792 2614 2570 2734 darauff zum uhr bang Wordnn.
1757 2798 2748 2935 o 11. dizo ist mit dem examine conti¬
1801 2894 2742 3018 auiert worden, da es dann gepflogenns
1799 2971 2766 3088 mibs gemeinschafft halber noch angeben
1819 3068 2772 3219 es Sagwyschen residenten loch zu Lu¬
1814 3171 2265 3265 suen vor 3 jahrin.
1796 3227 2813 3331 seine bekente ins dißmahlen außmurken
1810 3309 2812 3429 sich, daß der jungern von demn Bindere
