3024 4032
388 532 483 611 240
612 573 1553 707 Steüwrbuchl, darinnen zu mehrer
611 643 1565 771 beglaubung underschidenlicher fürsten
604 715 1569 825 herren ständen und stëllen nammen
619 776 1555 894 und ehren sigell, under anderen auch
1296 834 1432 888 sgill
601 838 1530 958 er gus großeres santzley zu schein
598 891 1554 1010 daß er gnl  disen brunstbeschädiget
629 961 1564 1054 25. dncaten in Speciebus gesteuwet
366 1013 1538 1133 ganddem nann habind ungedreckt sich befindent
379 1097 579 1164 Hans Jacob
608 1075 1536 1208 by sich gehabt mitdemme aht.
369 1142 458 1201 mor
594 1152 1543 1264 mit gemeinsame eingelaßen, in
572 1228 1556 1357 e gn. lande begeben, darennen mit
598 1277 1574 1389 denselben eine namhoffte Seia gelts
596 1352 1570 1466 ufgehebt, nechst verwichenen novembri
586 1413 1586 1544 aber zu Lucens deßen betrug mihdech
592 1491 1547 1590 und er in verwahrung gesetzt worden
599 1554 1561 1659 da er bekent, daß der Wilhelm sey
592 1618 1582 1726 Cammerad der sich dauon gemacht 74 Rth
604 1683 1523 1793 von vfgenommenem gelt by sich habe
590 1747 1574 1859 und by ihme noch 12 reth gefunden worden.
586 1817 1524 1924 von daselbsten entronnen, aber sich
573 1879 1557 1996 keines wegs gebeßeret, oder das Ihme
580 1949 1563 2065 vor angen gestandene übel beherziget
1094 2020 1123 2066 6
561 2019 1536 2125 sondern gleich dem schweiln widerin
597 2084 1537 2193 den schlam begeben, obgemelten
323 2126 569 2213 in dem wih
587 2153 646 2201 2.
583 2148 1564 2267 einen verführer gesucht iu manneren
335 2183 474 2266 Hanß
574 2205 1542 2332 nechst by Constantz antroßen, und
583 2286 1525 2397 von demselben und Johan Phillix
536 2360 1498 2463 faur sich bereden lalßen, daß er
565 2410 1525 2528 mit und neben obgemeltem Johan
524 2483 1553 2593 Paul Glaßer mit noch ansechenlicheren
566 2548 1546 2642 Scheinen testimonus recomendationen,
565 2614 1535 2720 einem frischen collect buch darunen
567 2679 1531 2789 bener maßen socher herren thne
552 2732 1535 2840 Fürsten, Fuesten, Ständen vnd Stetten
554 2803 1508 2920 und sonderlichen auch s gns Nameh
550 2859 1536 2961 und ehren insigel einverleibet sich
547 2914 1535 3010 befindent, Item mit einer gatenten
556 2983 1530 3097 under s gn Cantzley namen und
525 3064 1512 3169 Insigel verfertiget, daß einem
545 3124 1530 3234 geweßen Johan Feiderich Sparr als
547 3203 1553 3294 abgeordneten von der ther branden
553 3267 1526 3370 burgischen Statt Dambach als in dero
541 3320 1506 3429 zwo Unang Refor haubtkirechen
520 3375 1555 3505 D375. wohnheußer, 2 ffrundheußer
2810 433 2914 528 24
1855 513 2907 695 daß rahthauß 9 gloggen und 2 orgeli
1855 597 2886 754 durch eingefallene feuwestrahlen in die
1855 658 2878 826 aschen gelegt, verwilliget worden seye
1866 727 2882 865 teineren in deren landen und gegarten
1864 774 2924 962 ufzunemmen, nochmahlen in er gn lande
1849 844 2931 1005 begeben, selbiges laut anzogenen Steior¬
1857 903 2907 1058 büchlins zimlich durchstrichen vol stell
1858 974 2916 1124 gmeinden vnd particularen zu Christen
1848 1015 2920 1213 lichem entleiden bewegt, daß sy uß
1857 1087 2830 1240 dero gmeind kirchen und eigen gut
1847 1142 2935 1330 gesteürt, also daß sy früm und glaßer
1859 1219 2906 1397 namhaffte summen erhebt den 6. ten tag
1859 1307 2908 1459 verwichenen mertzens aber zu wib
1856 1375 2845 1519 lisfurg angehalten vnd volgends
1844 1431 2884 1600 gewahrsamlich alhero gefuhrt, durch
1846 1500 2930 1662 nhh alt gauwherren grathugwig
1831 1554 2941 1696 Berset und herken stattschreibe Groß
1850 1650 2926 1770 als von mhyhl dem rathen verordnete
1836 1702 2923 1857 herren Exammatoren in beisem herren
1987 1781 2939 1923 jubernatoren zrudolff dachender
1852 1800 1995 1911 t
1827 1848 2889 1970 vnd herren Regispratoren Niclaus
1838 1928 2919 2049 kilchberger und serwen großweibel
1857 1992 2811 2107 Scharners exammiert, da der
1861 2051 2923 2192 Hanß Georg Peum bekantlich worden
1860 2185 2887 2316 daß er wol gewüßt das alle obge¬
1856 2258 2924 2373 melten Scheinen pateriten stauwe.
1855 2338 2929 2433 bechli vnd andere vfhabende schrifften
1827 2391 2923 2500 faltsch, als deren er theils selbsten durch
1833 2443 2920 2559 Johan Phillix Paur sechen sihlen und noch
1848 2504 2871 2599 andere dergleichen vor dem langen
1854 2558 2941 2678 einrich sechen schreiben, dennoch bereckt
1852 2631 2918 2744 zum zweyten mahl zu disen hochstraff
1846 2721 2881 2808 bahren vnd schandlichen betriegeregen
1858 2759 2868 2870 sich gebrauchen laßen, vnd das erste
1844 2825 2912 2937 mahl by 86 thallern ußert der jehrung
1844 2885 2890 2995 daß letste mahl aber vf 33 Thaller
1858 2952 2914 3065 mit begriß der zehrung in el gne
1845 3014 2484 3127 landen vfheben helffen
1825 3073 2919 3190 Rittet deßwegen Gott, eine hoche Oberkeit
1852 3159 2917 3255 und andere die er hiemit betrogen und
1852 3233 2883 3320 beleidiget umb verzeichung und eine
1858 3280 2322 3383 gnadige Vrtheil.
