3024 4032
224 328 330 450 33.
383 430 1435 570 Zu ime jrn. von Wyl kommen, was sy aber
450 520 1410 627 mit einanderen geredt, das könne er nit
454 582 1460 688 wüssen. allein schon by zechen uhren habe
443 638 1425 762 er jr. von Wyl bereits gewüsst, dass mann
436 703 1391 824 ine uff den abend in das getterstübli
449 767 1405 889 führen solle, darauff er sich gantz traurig
437 829 1387 951 gestelt und bald auss- und eingangen
444 898 1441 1002 und seye hen. Rudolff Zechender continu¬
444 963 1444 1069 ierlich by ime gewesen, biss etwan gegen
440 1018 1420 1119 halb uhren siben, da er seinen mantell
443 1076 1423 1198 genommen und gesagt, er wolle gehen, er
431 1146 1441 1263 seye nit hier alss ein beuelcherter, dar¬
442 1206 1446 1295 auff er Futter geantwortet, harret, wir
425 1268 1011 1359 werden all loss werden.
1127 1281 1441 1372 kurtz darauff
434 1326 1441 1442 seyind wider ankommen hen. von Graffenried
437 1397 1397 1515 und hen. Imhoff, wie auch jr. Niclaus von
413 1467 1433 1579 Wattenwyl hen. zu Diessbach und hen. Johan¬
439 1526 1426 1639 nes Müller, welche mit dem jrn. von Wyl
434 1591 1400 1699 in der stuben gespatziert und hernach by
391 1653 1433 1759 den fensteren mit einanderen still gestanden
433 1712 1415 1829 und reden geführt, wegen lyssheit der¬
415 1774 1374 1888 selben solche aber nit verstehen können
430 1832 1383 1944 und weilen er vermeint, dass er jr. von
344 1972 1374 2089 Wyl by solchen herren der burgeren, alss
409 1972 1437 2079 welche seinem erachten nach seyind kommen
422 2025 1431 2146 ine mitzubegleiten, gar wol verwahrt sein
422 2096 1424 2209 werde, seye er hinaussgangen umb seinen
410 2152 1395 2272 gespanen anzuzeigen, wann sein meitli
421 2221 1425 2335 mit der hallparten kommen werde, ime
413 2289 1415 2402 selbige abzunemmen und uff die lauben
384 2342 1429 2473 zustellen, er aber seye alsobald wider zu¬
407 2396 1460 2531 ruck gegangen und in aller solcher ruckehr
396 2472 1455 2590 seye ime von obigen herren einer nach dem
404 2500 1422 2645 anderen begegnet und alss er wider in die
412 2570 1428 2708 stuben hineinkommen, seye kein jr. von Wyl
399 2646 1435 2797 mehr vorhanden, sondern ein fenster halb
398 2723 1430 2849 offen, darauff er alsobald sehr erschrocken
395 2783 1396 2925 und uff- under- und in dem beht wie
394 2838 1419 2984 auch in den tröglenen gesucht, aber das
399 2927 1404 3053 verlangte nit finden können, welchem
399 2974 1436 3138 nach er alsobald seinen gespannen zugeruffen,
374 3044 1390 3194 ich glaub wir haben gewachet etc. wie
391 3113 1399 3272 aber und uff was weis und mittel er
389 3179 1417 3310 evadiert, das wüsse er nit, mann solle die
371 3260 1418 3402 jenigen herren by iren eyden fragen, die
362 3353 1008 3469 damahlen by ime gewesen.
2641 427 2753 543 34.
1736 557 2799 689 Weibel Walthart dann zügete ebenmessig
1786 628 2755 742 by seinen trewen und tragender pflicht, dass
1783 684 2796 812 er seiner seits an müglicher sorgfalt und wacht¬
1786 754 2788 864 samkeit nüt habe erwinden lassen, massen er
1767 804 2797 914 in 34 stunden nit ein halb stund geschlaffen
1772 860 2718 978 und so lang der jr. von Wyl in der kuchi
1779 921 2799 1053 gsin, seyind sy abwechsels weis theills in der
1789 964 2796 1082 stuben, theils uff der lauben gewesen. alss
1759 1028 2793 1144 er den flammer den decken in dem hoff ge¬
1774 1087 2724 1205 sechen, habe er solches alsobald für ein böss
1775 1122 2773 1266 omen aussgedütet und ime die muhtmassung
1775 1178 2803 1325 erwecket, es möchte villichter ein fleischhüssli
1795 1241 2758 1366 vorhanden sein, da hinein der jr. von Wyl
1765 1302 2798 1434 durch das camin uff villichter gezogen werden
1786 1359 2716 1489 möchte, auss welchem aber der weibel
1790 1417 2809 1524 Futter ime nit vill habe gehen lassen wollen,
1773 1479 2792 1584 massen er darauff zu den fensteren gangen,
1770 1523 2797 1659 zum Futter sagende und wann er wolte zum
1808 1592 2763 1721 fenster aussspringen, da er dann alsobald
1779 1636 2737 1765 das hangende seil gesechen und darmit
1799 1700 2805 1826 verfahren, wie in dess Futters ussag vermel¬
1798 1771 2746 1881 det. darauff er zu der ankommenen fren.
1790 1839 2792 1942 umbgeltnerin Meyenen gesprochen, mann be¬
1789 1899 2819 2010 gehre sy umb ehr und iren dienst zubringen,
1806 1960 2763 2055 welchem nach sy zur antwort gab, ewere
1804 2019 2739 2115 diensten sind nit so köstlich, sy wollind
1810 2056 2824 2178 schon recompens thun, er antwortete aber ira,
1767 2114 2833 2239 die gnad der hochen oberkeit seye ime zechen
1796 2182 2764 2291 mahl lieber alss alle ire recompens, die
1802 2239 2802 2346 sy thun könte oder wurde. am morgen
1784 2300 2787 2398 habe jr. umbgeltner Mey selbsten zu inen
1808 2355 2784 2473 gesagt, es seye nur ein weiberwerck ge¬
1804 2419 2793 2523 wesen, sollind darzu stihlschweigen. ein¬
1845 2442 2860 2580 mahl habe der jr. von Wyl auch den schenken
1811 2540 2793 2647 hinunder springen wollen, daharo irer
1805 2596 2826 2702 drey uff der lauben gewesen, vermeinende
1778 2665 2817 2766 die herren, die by ime gewesen, möchtind ine
1804 2731 2763 2825 etwan zwüschen sy inen nemmen und mit
2442 2782 2772 2887 wie er aber
1807 2791 2315 2892 gewalt durchtrucken.
1800 2848 2794 2939 hinwegkommen, das könne er nit wüssen, ein¬
1821 2899 2782 2997 mahl seye der Futter alsobald wider in
1781 2960 2782 3078 die stuben gangen, da under dessen die ob¬
1823 3024 2761 3143 vernamsete herren sich hinaussgezogen etc.
1784 3117 2809 3254 Weibel Lauwer und leüffer Stettler
1819 3211 2739 3321 stimten mit irer ussag gleichförmig by,
1819 3274 2782 3386 ussert das Lauwer hinzusetzte, dass jr. von
1820 3346 2784 3449 Wyl einmahl geschwind auss der kuchi in die
