3024 4032
265 467 364 558 107
512 527 1400 670 in die kurrschaffen tad zugewanten in
338 564 418 643 58.
470 606 1467 718 Rißzugen neben ei anderen gahn sollind, fob
490 688 1452 806 Pecification de ce qui a este deboulse pout
328 715 429 808 59.
493 750 1402 856 Construction de denn haleres et deun
488 801 1387 913 quis par ordre de f. La. du Canton de
469 876 757 951 Berne. A. 61.
465 913 1429 1052 Specification Sela solde des Capitaines, gi¬
344 940 432 1042 60.
487 1003 1390 1103 nerh, soldats et samenis servants sur les
469 1065 1416 1170 3 Barques a vevai Ao 1656. dans la queere
473 1130 934 1219 de villmergul f 63.
477 1170 1374 1301 Ordre donue par M. lehaut somandant
337 1204 411 1305 61.
471 1254 1391 1366 Wagner tonddant les harques Jurlelar de
465 1322 798 1416 Genede f 62.
472 1398 1392 1523 Hericht wegen deß Nßzuges und reißgelts
344 1420 429 1525 67.
466 1476 1143 1585 Hinder Schwarzenburg. A. 65
855 1535 917 1597 h
944 1542 1006 1613 16
481 1551 1361 1663 onsultum lngen den 26. aug 1669 zu
337 1556 418 1661 67
636 1617 840 1661 angetn
451 1615 1397 1730 Murten gehaltener onferent den zuhug
453 1678 1423 1788 der gmeinen ambterin betruffend. De 13. aug
451 1741 730 1837 1664 f 68.
436 1811 1436 1936 memoriale herren hlt landtvogt anml Iugoffen
335 1824 429 1936 64.
449 1885 1400 1987 betreffend die mannschaff der landtvogten
448 1943 1230 2046 Grandson. De 17. July 1672. f. 60.
438 2018 1395 2112 Ordres pour empeeder lennemi a entrex
332 2019 407 2127 65.
431 2064 1444 2183 dans le Baillage de grandson De 11. maii 1668.
386 2154 571 2246 . 571.
447 2181 1386 2308 onsultum von Liufachung der h. abgesanten
338 2226 411 2292 66
430 2266 1383 2368 anß Wallis die Rorstehende Stundtsurnn¬
429 2327 1417 2428 werung betreffend. Den 10. julii 1643 j 13.
340 2390 1387 2501 68 Aedunnken wegen umfahung deß herren mar
426 2458 1393 2582 Gal de Passompierren er  N von Bannk.
414 2518 1395 2633 aich extraordinari Ambassadoris de 11. Jan
405 2596 699 2705 1626. f. 74.
439 2627 1351 2772 onsuctum. Wie die eydgnößische grüzen s
335 2690 409 2785 69.
428 2708 1368 2843 gewahren vonden im Lurgow sich befun¬
421 2766 1396 2883 denm herren ehrungesandlnn de ao 1647 fs.
330 2852 1380 3007 78 Bedeneken und verzinhnus der Päßen, var¬
406 2930 1390 3042 ordnung der nachtfenrng und carmum Näzen
368 3002 1383 3140 zu undersunden, anterlarken und Gaßi durch e
387 3074 1048 3191 1. Baster verrichtet F 78.
2754 369 2843 468 1618
1906 464 2727 650 Bolget hier das Inventarium
1912 527 2689 706 so herren tringes-rahsschreiber Weiß
1889 673 2079 782 gemacht.
1800 791 2811 975 sach etwelcher erdauhrung sölcher schriffen
1789 822 2838 1032 ster in spece befragt worden. zu wacb
1767 899 2859 1105 fnder allergand instrutionin der generalin
1787 964 2834 1157 ammendantin obersten hauptlichten und der
1771 1016 2821 1227 gleichen zusammen getragen und abgeschriben
2023 1090 2826 1255 solchens seyn bescheihen und habe
1782 1198 1937 1281 habe etc.
1758 1129 2832 1353 edise sachen zusammen getragen, damit erdach
1766 1204 2846 1430 vorhandene instrucrion buch welchens nit voll
1773 1310 2500 1465 eomen, darmit darmehren könne.
1703 1434 2816 1623 zuwaib end er deß Comre dela sure beschreie
1742 1502 2799 1691 bung der landtscharr Bern abosiert habe
1726 1561 2815 1724 habe solches gethann, damit er hirnach selbige
1748 1627 2805 1794 gegen deß valentius und Fednrich Tötscheis
1754 1713 2758 1862 halten konne, umb zusuchen, welche den
1747 1825 2028 1940 bestarn seyn.
1730 1911 2826 2039 Wann das sein Intention gewesen, Worumb
1756 1979 2781 2074 Adann die beschreibung deß Valentens und
1763 2049 2767 2162 Tötschers nicht also bald nach deß delasure
1760 2119 2778 2228 gesetzt, damit ein gliche Materii bysamen
1751 2193 2740 2291 seyn da im gegentheil nin ganz andern
1757 2256 2796 2349 Pateri als von den callen und anlagen, daß
1744 2323 2183 2421 sinß solems folget,
2328 2321 2770 2440 Habe also im ab¬
1759 2397 2747 2482 schreiben Continuiert, Wie das beich, daramb
1768 2456 2689 2573 erab genommen, solches in sich begriffen
1787 2598 2788 2724 orumb aum vurhnichunb den Armalur
1772 2667 2804 2815 und munition der Schloßerin und stellen ge
1774 2738 2776 2862 nacht, so doch im Haneßbuch alles ordnnlich
1766 2796 1964 2879 begriffen.
1967 2805 2814 2941 Habe diß zu solchem under gathan
1744 2855 2779 3015 damit er zu allen hiitin die abenderung by
1769 2919 2789 3094 setzen wenn, Mie es dann das Spalium so i
1767 2968 2385 3121 darby gelaßen solches mitgebu.
1733 3082 2777 3305 Zu wars vorhaben er die ergangem beüelichen
1779 3176 2856 3353 und rahischlus wegen deß Sturgen regociatio
1755 3246 2826 3451 das prlachische regiment beruffend, zusamen
1775 3300 2837 3513 vorfaßen und zn wab zeit er sölches gethan.
