3024 4032
292 419 384 531 99
292 1130 466 1220 sammer
508 549 1444 697 konnen, daß er keinen frugen zuteill
486 635 1440 754 zu dem sachen inder zum haben worde
502 687 1435 819 und seyn solches beschechen etwann mehr
496 753 1448 871 alß vor einem jahr da er den schleßel
487 820 1415 936 deßn gwolbes gehabt, welchers zum son
491 880 1412 995 Nhyhl Cons von Clach zu muhrmahlen
497 930 1465 1052 uff abforderen, daß er etwas auß bemelch
475 1004 1454 1142 deß Ringes-rahtes uffzusuchen habe,
496 1072 1440 1191 ben Borden auch denselben vergangeen
508 1138 1449 1254 by 14 tagen hinder zue gehabt, weilen
506 1202 1429 1306 hohl Cons. alß er inn wider habe über
493 1267 1469 1377 geben wollen, bereits nacher Spinzfer
503 1328 1451 1442 geißet wahr, welchen er harnach her vnß
499 1402 895 1511 eingehändiget.
977 1396 1450 1503 Bilchen Schlußel 2
485 1458 1444 1572 Meister rußt dem schhoßer gezeügt unde
502 1518 1418 1638 nun andernn darvon abmachen laßen
473 1577 1399 1702 welcher aber allzugros gerahten, alß
472 1649 1397 1761 das er denselben nit habe brauchen und
480 1716 1396 1824 sich deßen bedmnen können, biß etwan
484 1789 1430 1893 vor dier Noushten, da er denselben nach
497 1837 946 1906 Beschechnner krchnung.
479 1848 1396 1955 einem gunomin abtruck vom haupt¬
480 1915 1453 2026 schlühel durch deß mr Riten mucht haben
479 1974 1450 2085 einrichten laßen, von Welcher zeit har
466 2043 1453 2171 bdeßen zu underschidenlichen mahlen sich
482 2119 682 2204 bedient.
448 2213 1441 2351 Alß zu aber repliciert worden, das diser
486 2306 1405 2406 aillaß nun Jundament habej Weilen Er
458 2369 1406 2468 seiner Bekantnus nach solchen gemachen
466 2432 1389 2547 schlüßel nit gebraucht in der zeit, da er
478 2493 1440 2599 nit wol mit herren lungs-rahtschreiber weise
473 2552 1466 2668 gestanden, sonders eist seit 2 oder 4 nonaten
451 2617 1417 2737 daher an welcher zeit sy sich gar wol mit
474 2675 1422 2801 einandere betragen und also nit zu klag
463 2746 1408 2876 gen gehabt, das er iun den auchs nit ge
457 2816 1425 2940 stalletilh helle, also daß begnünfftig zu
453 2888 1399 2988 schließen das Ine nwas andras darzu
471 2928 1420 3084 beogen habe, Halt e darauff nun be¬
449 3012 1225 3138 sondern antwort zugeben geweßt.
436 3099 1372 3263 uff das aunern dann, deß H Proß¬
438 3184 1426 3330 Weibels, daß er imn gesagt, das elsunn
445 3239 1400 3392 schlüßel in der gun daß herren fellers sei
449 3311 1429 3458 habe machen laßen, hatt ir disem bericht
452 3382 1448 3528 gegeben, daß e dazumahl gwar wze
457 3454 1430 3580 walt und den schleßel dem Schlößer ge¬
1789 545 2868 732 zeigt, derelbe aber habe inn dazumahlen
1820 618 2585 764 nit machen wollen oder nit können.
1812 691 2845 848 Ob er nit noch einen anderen schlüßel zum
1817 751 2869 903 Annerm schatt habe und  nit noch einen
1814 790 2881 982 andere habe wollen machen laßen. kein
1817 883 2845 1018 e habe keinen anderen schlißel sonder zum
1805 957 2869 1090 schatt noch sonsen und im fahl er noch einen
1821 1008 2880 1161 anderen, Belhes er aber nit eigentlich muhr
1814 1072 2856 1224 wëße, habe wollen machen laßen, so seyn
1824 1134 2787 1292 es zur zoderen thurm gewesen, damit
1817 1183 2836 1338 kiit zu allen zeiten den schlüßel darzu
1792 1261 2863 1397 damze aman oder seinen damsen abfor¬
1813 1378 2104 1473 deri mßn.
2000 1488 2029 1537 9
1769 1432 2884 1580 Was by deem allem, sonderlich, das inso dielfal
1803 1512 2871 1634 ige schrifften und bedencken das keil dee
1814 1589 2890 1697 valfahrt und die beschüzung deß vatterlandt
1812 1659 2887 1781 betreffend, hinder ich genommen und darvon
1810 1725 2836 1850 abschrikt gemacht, sein absechen gewesen.
1799 1780 2855 1911 nun under absuchen habe er gar nit gehaltt
1798 1854 2880 1954 alß die sachen ordenlicher maßen zusammen
2491 1923 2598 1975 albe
2603 1918 2642 1982 3
1789 1923 2880 2032 zu brinden, damit imer die sachens deso bestag
1813 1982 2851 2090 bekant werdind, und über das mite dus
1804 2053 2854 2161 andere deßo schmüigeren und boßen be
1805 2112 2872 2227 nicht geben und sich also recommendiert ma¬
1817 2176 2077 2263 han wnne.
1802 2263 2870 2416 vorhalten aber obwolen es scheinn sin
1816 2343 2806 2448 Vorhaben gutt zusein, so seyn doch das ar¬
1803 2426 2881 2552 griffen villel hochstraffbehr und halbesmen
1808 2492 2838 2624 gedancken weghl dieg bingslähten mit
1813 2564 2801 2666 kenken sollen. Darin bestande aben
1816 2617 2772 2759 ene begangen fahlen, und darin er sich
1804 2688 2859 2842 hochlichn ergriffen ställe gott und a hohn
1802 2756 2640 2915 oberker umb gnad und verzeichung.
2690 2888 2859 2970 Brantzen
1795 2883 2847 3041 so e nit zu vorgehnderem oder disem am
1810 2962 2836 3118 bassadorin oder seinen bedemen oder sonsen
1785 3035 2822 3175 zu Zreyburg und sollothen gelle und
1804 3098 2842 3235 aun gehabt und noch habe und an iße
1798 3162 2784 3296 vit orrespondent efinge und also dese
1803 3223 2795 3387 achene vmb ein stuck gelt, odar sich sonsten
1804 3311 2810 3465 anzubringen habe comunicierin wollen etc.
