3024 4032
234 729 395 844 258.
722 694 1152 824 Perregaux
451 795 1434 934 alss under der ihra zugeordneten wacht
491 872 1393 959 sich so viller listen und faltschheiten
491 943 1433 1042 bedient, dass ohne sondere hoch ober¬
491 1001 1424 1104 keitliche prudents in hiesigem stand
502 1072 1376 1193 und under derselben burgerschafft
482 1128 1430 1236 grosse alterationen, verwirrung und
488 1198 1405 1324 confusionen hetten entstechen sollen
476 1278 1418 1412 Wie aber die hoche oberkeit mit mehrerem
513 1380 1404 1460 ernst an sy gesetzet und an die folter
502 1413 1420 1543 schlagen lassen, hat sy entlich angefangen
378 1488 491 1572 etwas
498 1483 1417 1592 zu bekennen und hernach ohne marter
497 1550 1404 1671 eine sehr weitleüffige vergicht gethan
496 1617 1406 1731 welche substantzlich in volgenden puncten
494 1680 734 1789 begriffen
442 1765 1385 1879 Erstlich dass sy und ihr eheman Samuel
470 1840 1385 1950 perregaux dem frantzösischen herren
466 1906 1391 2027 ambassadoren alles was sy irgend ver¬
485 1971 1360 2081 nemmen können zu wüssen gemacht
467 2039 1393 2118 und von desswegen von ermeltem amb.
472 2097 1403 2192 allerhand verehrung alss gelt, ring,
458 2160 1404 2276 pferd, zeüg zu kleideren und anders
469 2242 724 2336 empfangen.
448 2294 1410 2435 Zum anderen, dass zu dem end und damit
467 2398 1381 2494 man nit liechtlich wüssen und erfahren
454 2459 1409 2559 könne von wemme sy einanderen schreibind,
452 2522 1404 2627 des amb. secretarius herr de la Boulaye
454 2582 1387 2694 anzogenen schlüssel gemacht, ihr mann
434 2646 1389 2754 denselben abgeschriben und sy sich dessen
445 2706 1313 2822 bedient habe auch selbigen vermehret habe.
403 2796 1383 2915 Drittens dass sy auch von der hand ob¬
442 2876 1408 2981 anzogenen secretarii dreyssig doppelte
421 2930 1402 3040 dublonen empfangen und uber sich genommen
431 2990 1381 3095 habe, selbige zweyen herren hiesigen stands
425 3055 1413 3163 anzupieten und damit zu trachten selbige
422 3126 1351 3223 uf frantzösische seiten zu bringen, seyend
422 3182 1393 3284 aber nit geben- noch anpotten worden, sondern
416 3246 1390 3356 noch vorhanden, weillen sy nit gewüsst
398 3297 1351 3419 mit was manier selbige anbringen.
406 3397 1395 3527 Viertens dass sy underschidenlicher hocher herren
397 3480 1343 3580 disers stands nammen missbraucht und
389 3536 1339 3645 damit den amb. zu glauben gemacht alss
2631 649 2799 759 259.
1928 702 2449 825 Perregaux
1660 743 2766 910 wan das einte oder andere so sy ihme schreibe,
1695 834 2734 972 von denselben harkäme, welches doch alles
1700 882 2746 1044 faltsch und von ihren erdichtet und zu keinem
1707 945 2704 1111 end geschechen seye als sich gross und z'gelten
1564 1051 1671 1115 andern
1675 1017 2730 1171 z'machen und als wan ermelte herren mit ihren
1909 1119 2020 1169 intrigue
1752 1079 2685 1234 einichen begriffen wären, nemme aber
1703 1153 1748 1244 in
1680 1126 2708 1290 Gott zum zeügen, dass niemand mit ihren
1698 1199 2729 1354 interessiert und ermelte herren gantz seyend
1701 1270 2686 1423 unschuldig seyend, dass sy auch keinem
1708 1329 2791 1474 derselben einiches schreiben vom amb. zubracht
1716 1391 2748 1512 oder eröffnet oder einichen rath uber das
1703 1450 2755 1587 einte oder andere desswegen empfangen,
1707 1502 2766 1632 sondern die jenigen schreiben, welche der amb.
1718 1584 2782 1711 vermeinte, dass sy ihnen uberbringen,
1749 1654 2755 1790 selbsten erbrochen und nach ihrem schelmen
1458 1674 1720 1768 *mit hilff und
1472 1736 1717 1805 rath etlichen
1728 1718 2772 1838 geist beantwortet habe * und dass seye
1474 1782 1690 1850 frantzösischen
1774 1794 2784 1909 so warhafft als sy begehre dass Gott der
1474 1816 1674 1893 refugierten
1476 1855 1715 1933 * und also durch
1737 1855 2740 1948 herr ihren am jüngsten gerichtstag
1469 1902 1723 1970 diss mittel den
1474 1939 1694 1994 frantz. amb. zu
1924 1925 2241 2017 sein wolle.
1755 1942 1923 2017 genädig
1470 1969 1680 2025 betriegen und gelt
1768 1995 2124 2068 gesucht wie beschechen.
1470 1981 1735 2071 von ihme zu ziechen
1703 2028 2760 2154 Fünfftens, damit aber der ambassador
1708 2112 2775 2214 sich einbilde und glaube dass die jenigen
1696 2164 2790 2264 antworten, welche sy ihme zuogeschickt habe
1705 2233 2736 2349 von denen herren selbsten deren hochen
1972 2297 2802 2408 so schandlich missbrauocht, harkomme,
1702 2319 1964 2394 nammen sy
1980 2370 2388 2432 viller underschidenlicher
1694 2380 2026 2477 habe sy sich etlicher
2075 2393 2758 2489 geringer persohnen
1694 2429 2737 2558 bedient, welche die schreiben so ihr mann
1707 2504 2807 2623 mehrentheils aufgesetzt, abgeschriben habind.
1698 2574 2788 2684 und also schreiben von underschidenlichen händen
1718 2638 2749 2759 ihme zug dero hochen hand imitiert habe.
1690 2709 2761 2840 Sechsstens, dass sy eben desswegen alle con¬
1713 2797 2704 2908 ferentzen, welche der amb. bestendig zu
1707 2867 2713 2971 erhalten gesuocht, abgelähnet, demselben
1703 2933 2795 3054 auoch ohngeacht vilfaltigen begährens etwelche
1705 2995 2780 3130 von ihren selbsten dem von la Boulaye ge¬
1705 3067 2750 3184 machten schlüssel angehenckte nammen
1699 3114 2805 3246 nit eröffnen wollen, weillen sy sich beförchtet
2137 3188 2314 3246 herren deren
1702 3193 2788 3301 es möchtend die nammen der darunder
1720 3261 2737 3376 verstandenen herren uf tagsatzungen
1718 3326 2710 3440 oder conferentzen geschickt werden und
1718 3383 2785 3490 also ihr schelmenwerck an tag kommen, mit
1714 3454 2793 3550 welchen sy den amb. meisterlich dargesetzt und betrogen.
1687 3480 2743 3611 Sibendens, dass sie sich auch so was vor
1694 3554 2650 3661 mhhen. den examinatoren desto besser
1684 3631 2753 3722 decken und allen verdacht ab ihren wenden
1690 3698 2780 3800 mit des ambass. secretario auch mundlichen
1703 3736 2777 3845 conferiert, als welcher so wol zu Russwyll
1699 3790 2771 3917 als alhier zu verschidenen mahlen zu ihra kommen,
