3024 4032
197 2727 368 2830 Maria
198 2797 351 2898 gahn.
385 424 463 542 73
529 471 1454 629 und mags habe  fl Hein tabe niemahlen
540 558 1407 680 kein anderen namm gehabt noch gelicht
540 618 1472 751 aaß sieere tormenten Welchen mann zu
521 685 1468 797 Freyburg erfahren könne, da es sich etwann
540 748 1448 856 vor 8 oder 9 jahren auß permission deß
524 809 1463 913 drand Vicaire durch f xombard en legise
524 872 1439 957 de st pierte, qui estoit une petibe eglise
515 932 1466 1028 mit Marie maideret de Casle destages oder
505 992 1449 1103 Rahte Genis Madderets numb bauhren hoch
515 1048 1155 1162 der habe Copulierin laßen.
478 1145 1442 1268 Ob sein schwacher nit ein steinhauwer und
514 1223 1445 1335 bumm oder dahm am lbsuge hr wuße
513 1278 1456 1386 ac daß Eenn Sieinhauwer ugn, Imubr¬
506 1351 1348 1450 gen sete it graden wius gluch zum
494 1425 1420 1529 Oo den magd, Meil sy by tnnß dem lin
490 1485 1400 1596 getonsen, hinmahln danck gsin f Nei
472 1554 1442 1672 ob sy seit einem jahr ontinmerlich by tum
481 1626 1412 1749 gen r ja vstert zechen tagen, da etwaas
479 1695 1430 1806 vor einum nonat sy gesag. sy wolle gu
463 1757 760 1834 Innr Müllur
446 1813 1394 1965 vorumb s sich zn Lunhzburg habe sandlin
465 1907 1264 2025 wollen.  Wegen einer unschuld.
448 1950 1412 2104 obe nit vergangen jahr zu Milden wont
461 2055 1376 2165 perveeres gelonsen, auch vor suches Jahrn
444 2106 1352 2226 barmss zu Nunnis außgeschmeitzt worden
406 2168 798 2261 suyn.  tein.
418 2252 1393 2374 also, das er im übrigen byseiner zumoien
426 2312 879 2428 Declaraon Murblibus.
381 2516 1391 2643 Denne ist nochmahlen befragt worden
418 2582 986 2701 Maria Zahn die magd
390 2664 1359 2808 Bars sih irnm meiter gesagst habe, da ns
421 2755 1388 2861 vor einem monat arlaub gunden hier ins
425 2810 1350 2932 land zuedmmg f habe gesagt, aab wolle
393 2869 793 2970 zu seiner mutler.
377 2934 1320 3084 Habe doch gesagt, als habe kein vatter noch
390 3032 859 3139 Muller mehr
869 3044 1337 3162 sein Müller seyn im
394 3091 1380 3207 kingslonsen umbzogen und habe nit gewüßt
371 3158 1330 3262 Moselbige sugn, dazumahln habe ins der¬
403 3212 1341 3353 nomen, daß sy wider zuunkommen sein solle.
2781 330 2887 440 74
1743 496 2829 702 Worumb ins dem no nit die warheit gesagt
2550 554 2866 669 Sein Meistar
2399 606 2547 697 1
1759 626 2402 768 as eib sein kind suchen wolle.
1764 643 2732 835 habe nit gewüse, daß is ein kind habe.
1738 719 2911 925 orumb ins selbigens habe suchen wollen f Mnilin
1769 795 2855 1009 ein gelanse her zu Straßbarg selbigens habe
1761 893 2767 1043 annemen und ohne ohn erhalten wollen.
1744 946 2922 1144 Wie ens wider nacher Sraßburg kommen und wann
1740 1043 2827 1217 daselbsten wider genmüßt. alß ins von
1764 1086 2911 1264 einer hrren von ollmar Kamuins Madln so sich
1769 1159 2884 1337 vill umb die statt gmon ußshalten und sällln
1777 1236 2894 1390 vernommen, das sein kind nit zum seyn, habeen
1767 1291 2905 1440 sich nachdem es die halbe zum Meisen Cautz habe
1758 1369 2906 1525 Annken hulffen, alsbald widerfort deh da
1754 1446 2882 1581 sel zugemacht und daselbsten under den sum
1764 1485 2883 1670 geseßen und grad mandmist alß ess ankommen
1766 1566 2835 1687 so im minsen tag beschechen, wadar mit dem
1751 1676 2035 1772 Mr Jurmeis.
1734 1730 2831 1855 Worumb die zel nit mit seinem mügangen.
1773 1810 2339 1931 e. Seyn groß schwanger.
1754 1903 2845 2019 Ober siiner hrren valler nit penis maideret von
1741 1970 2817 2071 liuste heisen und 86 s nit amn Simnhauwer
1772 2049 1849 2124 yn.
2062 2028 2863 2135 Solle Dens Maideret hiißn du
1756 2090 2854 2203 loste desuste riere Zreyburg und um Stum
1750 2154 2857 2268 haulem sein, win ins von anderlichten gehört
1752 2220 1849 2308 sabe
1744 2294 2786 2427 Ob zu iun ninmahlen gesuchen.  Aloann dor
1746 2385 2834 2490 4. jähren in einem dorff ob sollothern habe
1747 2430 2804 2562 es ine antroffen, seyn uf zwenen kunke
1744 2507 2798 2619 gangen und habind die nicht gesagt absugen
1740 2566 2816 2697 einer frln vatter, habe auch gehört, das sy inn
1742 2631 2200 2739 non pere genamsat.
1697 2730 2749 2880 Ob die heren nit einen andern mann gehabt.
1736 2802 1937 2885 kein
1733 2845 2800 2988 Ib sein mr nit vierre deegon oder manuie
1729 2937 2752 3062 heisen  Habe gelonßlich solchen Namen min
1740 2987 1892 3080 gehört.
1726 3040 2798 3185 Wohar die hrren von Collmar gewußt, daß ens uu
1726 3131 2755 3266 und habe e. Sege auch darby gsin, alß ins
1714 3187 2182 3290 das und Nuggegeben.
1714 3270 2737 3410 vorumb es hinuor gelaugnet, daß is daß
1723 3339 2789 3482 Berruch und nit aune habe sich nit zum
1732 3401 2775 3528 jnnari gewuß, Binle es dazumahl noch dem
1729 3467 1881 3555 gewesen.
