3024 4032
395 523 494 616 131.
564 631 1435 770 Obe aber selbsten nit glauben thuyn das
577 723 1408 842 er in obigem fahl solchens gethan halle
544 790 1434 903 darauff wenn er knie andern antwort
571 847 1459 971 geben, alß das er gudancken gehabt, ober
578 913 1431 1003 ich deßen nit Bedienen konne, umb uin
573 973 1461 1088 Runk geht zu haben, darby aber inderzit
571 1031 1486 1142 gedenak ob gott Will ward eit ander nillen
568 1099 1482 1206 ein sein leben zuerhalten, also das er manch
577 1163 1469 1268 mahl die sachen habe wider zu rreißen wollen.
565 1223 1425 1341 und wolte Gott, das er es gethann halle.
549 1350 1431 1473 Ob e zn Burg daßf by gehaltener müten
564 1429 1439 1527 uund nit etlichen töchterin angeruhnet haben
553 1487 1413 1591 Wann sy nach sollothenn pazinren wollend
554 1548 1431 1641 solle en mitgehen und verschaffen, das sygel
553 1608 1404 1713 vol an daß herren ambassadorin Hoff wardind
1102 1670 1417 1766 Nit minder seigen
547 1672 960 1767 uifangen worden.
540 1731 1428 1837 ens alt in by der nuserung zu Siagsors
539 1795 1444 1904 nachdem in das seinige geleißtet, zu g schnl
841 1848 900 1892 1
550 1850 1407 1955 vnd hr Jowb Tochterin, darum Miller mit
530 1923 1406 2009 zum hermaines segind, gangen eyn und
529 1970 1404 2066 selbige gegrußt habe, daß er war et¬
539 2036 1431 2138 bad dergleichen zu zunn geredt habn, das
526 2096 1413 2211 Wüße er gereit, und wann ar solches sagte
523 2162 1425 2271 thete e znn selbsten gnoßens Barucht in¬
514 2218 1369 2331 fahl e aber etwas dergleichen gendt
512 2280 1395 2376 haben möchte, so habind sy zum ohn alles
495 2347 1383 2451 zweiffel darzu anlaß geben, das er etwann
514 2402 1380 2507 par galanterie gesagt haben möchte, e.
512 2462 1399 2563 wolle verschaffen, das mann inen alles zu-
507 2526 1404 2619 gen werde, Wie eenst ess aber zum mochte
515 2585 1416 2683 gewesen sein, dazumahlen mit iun nacher
503 2641 1392 2752 solloihen zu geben. Seye darauß zuschließen
770 2716 807 2756 16
492 2706 1386 2824 Weilen die nußerung von Sturgdorff uff
503 2769 1369 2884 Strandins und Tachselwaldt zu Irm for
490 2832 1372 2941 gang gehabt, welchen er nohtwendigklich
503 2893 1253 3012 Bar ordies habe bywohnen müßen.
439 3033 1372 3163 Whar er zu seinem siisen in Francklnich
474 3106 1382 3234 Eegelland solland und leütschland dass gelt
485 3173 1408 3294 gendmen habe, da er doch zuveraumen geben
454 3232 1397 3349 das sein valter sich in einem zinlichen gultlosen
464 3289 878 3394 zustand sich bufende
1024 3307 1356 3425 zu thun habe
467 3352 1382 3491 er darzu entlehnt 100 l. Denne habe er von
1776 588 2815 801 der h anmeren uiphangen 10 Tallen auch
1810 665 2836 844 habe zun sein bruder roctor geben 10 daben.
1800 733 2863 909 Und habe er sonst noch 10 duben wegen genommen
1808 805 2816 1003 abscheiden bekommen, in Frannkrunh dann habe
1799 864 2831 1035 er auch noch by h heben von herren obrist Liente.
1811 938 2797 1101 nant von dießbach entlehnt, und habe sich zum
1803 993 2801 1185 übrig so genaut alß müglich durchzogen an
2286 1102 2353 1142 2
1782 1055 2773 1221 Solland dann seyn e by zweye jahren by
1783 1112 2838 1284 H Ardes gutonstum Gresorier daßh srinhen
1795 1219 2589 1358 von Tramens In dinsten gewosen.
1783 1381 2745 1507 Obr er das beduncken wegen conjunction
1780 1434 2828 1601 Zürich und bern seinem biuder zudnrch nit
1793 1516 2802 1629 auch comuniciert und erselbiges gelesen und
1787 1555 2853 1717 gesuchen habe. em er habe solchens gar nit
1779 1632 2814 1781 gesachen, auch keme andern sachen, alß Wass
1770 1732 2239 1855 Er abgeschriben habe.
1762 1860 2820 1986 volgents ist er auch bafr von herren großweibel
1780 1956 2805 2066 befragt worden, was das seyn, s Ezunn
1784 2018 2783 2133 gesagt, das er wüße, aber noch nit zeit seyn
1777 2084 2775 2176 solches anzuzeigen, deßen er sich aber nit
1799 2153 2604 2260 mihr nigentlich zuerjunnen wüße.
2679 2153 2787 2258 alß
1777 2214 2839 2323 er zu paris im maio 1679 by hrn morstum
1780 2285 2811 2380 geweßen Polnischen herren ambassadotis gn¬
1778 2346 2839 2453 besen e von hern arcani le premier secrelarre
1750 2416 2834 2522 deß heren de fondoch Bandmen, daß sein herr
1765 2479 2808 2596 dem Stand von Bern nit gennigt sey und
1777 2546 2804 2666 gesagt habe, qu is faut ln de cesjours les
1787 2607 2827 2723 joer visiter und daß seit demen Kingen
1789 2660 2823 2772 by 1600000 oder 17000ov frannken in die
1783 2731 2810 2851 schweiz kommen seyind, und dß bufragen
1771 2788 2838 2901 ob darchon nit auch gan stan kommen, haben
1763 2861 2802 2985 a geantwortet, quit nehant pas donter.
1766 2966 2769 3123 aeptum nun unnd eröffnet worden, das
1750 3068 2816 3196 der beuelchanoge, das die marter warnklich
1764 3138 2817 3244 an zum sölle appliciert und wurde nit
1774 3209 2843 3329 nachgelaßen werden, biß er die runde war
1773 3267 2816 3410 heit werde bekent haben, sonderlich, ob er
1774 3336 2820 3467 nit wercklich die sachen omuniciert und dar
1765 3394 2030 3495 zu beretis
2031 3409 2756 3541 Correspondent gesucht habe
