3024 4032
320 513 409 606 37.
453 543 1410 706 hen. Emanuel im Hoff daher kommen und ge¬
495 606 1351 740 sagt Monsr. de Wyl tout est prest,
465 685 1348 789 habe vermeint das fewr in der kuchi,
471 728 1397 848 darauff er auch abschied genommen und dem
488 786 1404 920 jr. von Wattenwyl nachgangen und alss er
483 845 1401 978 gehört, dass er mit dem weibel Walthert
492 906 1418 1055 wegen seines grichtlichen processes geredt,
478 971 1414 1090 habe er zu dem weibel Lauwer auch ge¬
492 1024 1388 1149 sagt, wir hetten hütt eweren am gricht
492 1077 1383 1202 auch vonnöhten ghan, also dass alss er
482 1137 1402 1280 weggangen jr. von Wyl noch in der stuben
494 1203 1416 1343 gewesen und er von einichem anschlag das
487 1255 1405 1391 geringste nit gewüsst, vill weniger raht
487 1336 1019 1451 und that darzu gegeben.
402 1437 1343 1596 Hr. Hans Rudolff Zechender der
608 1497 1509 1650 jünger bethürete auch hoch, dass er von
484 1574 1389 1715 einichem complot oder anschlag nüt ver¬
483 1639 1415 1765 merckt noch gehört, sondern alss von mihr
452 1711 1402 1830 dem grichtschreiber angesprochen worden,
463 1765 1379 1897 mit mihr zugehen und dem jr. von Wyl
465 1838 1414 1980 gesellschafft zuhalten, seye er continuierlich
468 1892 1404 2029 by ime gewesen, biss uff donstag abends,
457 1959 1387 2090 alss seine fren. nach ime geschickt, da habe
451 2023 1352 2147 er seinen mantel genommen und nacher
439 2094 1440 2215 hauss gangen. weibel Futter und leüffer
443 2155 1428 2261 Stettler aber in der stuben verbliben, uff
427 2225 1405 2316 der stägen dann habe weibel Lauwer zu
438 2285 1384 2405 ime gesagt, er solle bleiben, welchem er
438 2340 1404 2476 aber geantwortet, er habe da nüt mehr
426 2387 1447 2542 zethun. im übrigen habe er jr. von Wyl
427 2473 1436 2590 sich gantz disponiert erzeigt, in das gätter¬
430 2535 1428 2663 stübli zugehen, massen er bereits beuohlen
436 2606 1416 2730 sein beht hinuffzetragen und die lein¬
436 2701 1149 2799 lachen parat da gelegen.
369 2805 1399 2949 Hr. Anthoni von Graffenriedt be¬
426 2885 1444 3024 kente dass er den jr. von Wyl gleich andere
415 2953 1449 3085 seine verwante zu underschidenlichen mahlen
380 3011 1410 3166 besucht und seye nit minder alss dass er in
389 3066 1413 3224 dem letsten mahl in der intention zu ime
411 3158 1451 3299 gegangen, demselben womüglich daruon zu¬
423 3222 1445 3376 helffen. habe dazumahlen by ime ange¬
419 3276 1458 3448 troffen jr. Theodor von Diessbach und weibel
401 3337 1440 3506 Futter, dazumahl habe er vom jr. von Wyl
2665 395 2748 459 38.
1762 507 2737 680 vernommen, dass er ein seil im sack habe,
1763 596 2752 727 welches er by ausstrettung dess Futters ge¬
1770 632 2759 799 schwind umb den posten geschlagen und sich
1784 697 2770 851 herunder gelassen, wie er glaube, dann er
1767 758 2800 904 habe das seil nit gesechen, noch wie es an¬
1772 791 2827 963 gemacht, sondern seye by dem offen gestanden,
1765 866 2783 1005 wer ime jr. von Wyl das seil aber zuge¬
1790 918 2809 1081 bracht und eingehändiget, das wüsse er gar
1778 990 2776 1133 nit, im übrigen seye er da nit bestelt ge¬
1776 1033 2776 1183 wesen ine zuverwahren, sondern seye also
1794 1113 2741 1250 ohne einiche seiner hilff darvon kommen.
1798 1228 2778 1412 Hr. Emaunel Imhoff gestehet auch ine
1787 1287 2823 1450 jr. von Wyl visitiert zu haben, gleich übrigen
1801 1353 2838 1513 seinen verwanten, aber gar nit der intention
1789 1395 2817 1563 ime darvon zuhelffen, sondern einfaltig
1792 1453 2856 1637 zu ime gesagt, wann er an seinem platz währe,
1805 1522 2834 1676 so wolte er sechen, wie er sich sauvieren konte,
1803 1588 2853 1738 und will obige wort sauvez vous, sauvez
1795 1658 2826 1801 vous il est temps oder tout est prest
1796 1715 2781 1865 gar nit geredt haben, welchem nach er
1797 1778 2851 1906 vom jr. von Wyl vernommen, dass er ein seil
1794 1855 2832 1969 habe und alss der weibel Futter hinauss¬
1801 1910 2844 2043 gangen habe der jr. von Wyl die occasion
1807 1989 2849 2108 mesnagiert und sich herunder gelassen, von
1809 2043 2856 2161 wem er aber das seil erhalten und wo es
1800 2119 2838 2205 hinkommen, das wüsse er nit, sondern alss der
1786 2169 2816 2281 jr. von Wyl under dem fenster gewesen,
1816 2210 2871 2336 seye er gangen, habe ime nüt geholffen, dann
1796 2286 2796 2400 es seye auch nit nöhtig gsin, widrigen fahls
1817 2358 2805 2468 es villichter geschechen währe, im übrigen
1815 2418 2834 2528 seye er nit bestelt gsin denselben anzuhal¬
1802 2474 2852 2589 ten und in seiner evasion ime verhinderlich
1796 2550 1968 2648 zusein.
1891 2694 2850 2826 Jr. Theodor von Diessbach zügete ein¬
1799 2780 2881 2873 faltig, dass er seinen vetteren den jr. von Wyl
1814 2838 2860 2949 auch besucht und jederzeit by ime gebliben,
1805 2894 2871 3018 habe von keinem vorhaben noch anschlag gar
1823 2952 2838 3077 nüt gewüsst, auch kein raht und that darzu
1807 3022 2881 3142 gegeben, noch einiche hilff geleistet, im übrigen
1807 3080 2869 3198 habe jr. von Wyl sich an einem seil herunder
1814 3149 2029 3249 gelassen.
