3024 4032
203 2125 379 2253 Bean
202 2210 370 2299 pirare
383 582 426 658 6
509 636 1424 812 ie mauchmahl er im land gsin Hn etloaen
515 786 719 858 Biermahl.
449 832 1435 979 Weiters ist er über dise inrerrogata in den
495 908 1457 1025 Martir Maßen ie zweymahl lahr vßge
477 962 1430 1093 zogen und mit der angehenckten 50 lbgun
497 1027 1435 1154 gelicht beteult worden, noch fermas be
501 1103 808 1195 aagt worden.
478 1144 1389 1287 ob e nit mit faltschen adestationis im
477 1211 1404 1340 und vmbher zuuhn und fallle ob amit
484 1282 1435 1400 ein Straßen Rember und fion seyn 16 hor¬
475 1343 1425 1456 mentin nit sein camerade und pierrede
439 1411 1371 1523 Egon oder Manuile gement worde. 86
464 1469 1459 1586 e llande Sappellard, la puce Court oreie
460 1532 1427 1644 und andere Ozizbaben mit kumne . Ant¬
442 1597 1400 1705 worteln aber ins allins negative, alßo das
448 1659 1416 1785 anders nüt ven zum zuerhalten gewesen.
411 1916 1402 2043 Denne ist zean Gerard auch herdor
421 1998 1404 2117 gebracht, und über die hinoe an Inn ge¬
423 2068 1439 2175 erunkte Fragen und darüber gegeben ant¬
1292 2134 1362 2209 d
412 2131 1266 2247 wort noch wintens befragt worden.
386 2224 1445 2364 Wo der Rauhr wohnn, da Er sein Vahr guloß¬
386 2288 1426 2437 H Seyn etwann ein Stüchsenschuß weil von
405 2374 1007 2486 sonstanz by einer abten
372 2417 1401 2576 Wo e das gelt gelaßen. Welches er auß den
390 2506 1363 2634 mitgenommenn bahren erloßt e habe
397 2580 1377 2711 selbiges, so by zwantzig Tallerin, samt noch
391 2633 1406 2771 eblichen Bahren in vnnum Cabarel zu Bar¬
394 2716 1370 2844 selen by Stassell a Casteur de genar
380 2774 1363 2900 Wihrlin, so eun bittfrauw, hinderlaßen.
351 2861 1407 3017 Wo er sein sahr lauffn R zu Saßburg
391 2984 910 3097 und zu ur in fandin.
546 3043 627 3125 N
355 3028 1454 3172 Ob am zu Gunffgewesen, Baltschn attestn
363 3092 1403 3245 twei brauche.  reiu seyn nit derselben
362 3217 569 3324 gallung
362 3211 1388 3387 vom Pappellard Manuile, perre deigon
353 3289 1387 3473 ja pure und anderen solchen diebsgsellen will
339 3348 1427 3527 eegar nit wüßen, auch einichen briganderie oder
1739 653 2833 802 vderies nit begangen haben ohugnacht eland
2456 729 2840 824 und minmahl lahr
1764 734 2438 849 mit dem daum eißten gefurkt,
1777 809 2141 929 gnzogen worden.
1736 978 2819 1116 Daques Dambert ist folgents auch quie
1761 1090 2124 1194 stioniert worden.
1575 1141 2836 1334 Jagueszielenain seiner henuorigen consessionge
1779 1218 2849 1359 sagt habe, a habe nacher penedig zu seinem
1548 1284 1756 1376 Lembert.
1773 1290 2822 1399 brnder wöllen. Wie lang ins dann seye, daß
2187 1333 2839 1462 2 Allann der 15. tagu
1772 1368 2188 1465 selbiger zeerniß
1783 1418 2258 1521 vor seiner erchatrung
1746 1480 2857 1605 Worumb k zunzumahlin nit mit zum gegangen.
1773 1570 2318 1672 L. Seyn kranck getonsen
1746 1627 2851 1770 Vo sein struder sohne zu venedig.  Wüße nit
1769 1697 2866 1837 halte sich nit lang uff, sondern kauffe mirwahr
1762 1813 1855 1872 nn.
2291 1800 2398 1882 habe
1743 1823 2795 1949 Vo vnd Win tehten dann suchen wolle. K. Im
1756 1908 2803 2033 der Statt und beide Ersm wol horn Schreygen
1746 1987 2782 2125 Wann er iun nit angetroffen, was er dann
1764 2056 2836 2187 heite machen wollen. . Selle wider zuruck
1772 2152 2041 2239 gehnn wollen.
1758 2194 2850 2346 Ob in dann gelt habe h kein sondern wolte
1775 2293 2243 2402 nderlonzen Balllin.
1744 2356 2860 2481 Wann a um aber angetroffen. Wass Edann by
1765 2431 2872 2546 eum habe machen wollen h. Kalte zum gehal-
1750 2497 2303 2603 fun sein emplette tragen
1749 2570 2812 2690 Ib f dann min solche quantiret pterlen nm
1763 2664 2835 2777 lauffe, daß sr sy müthig nit tragen möge ec.
1723 2705 2470 2820 handle mit andern wahren mehr.
1724 2782 2832 2938 Wann 12 dann habe nacher Venedig wollen
1735 2872 2868 2998 worumb er nit mit dem vgmert von Birgdorff
1758 2935 2859 3072 auß uff Lurern gangen seyn. . Habe zum nit
1756 2997 2849 3132 gesagt, daß a des weere gehen wolle auch nit
1755 3072 2857 3211 geweßt, das es der weg nacher Venedig sein
1738 3146 1855 3234 sölle.
1728 3199 2764 3340 an welchem Ort dann k Vgmert von zum
1739 3292 2840 3413 wun seyn f Allwann anderthalb stund von
1755 3371 2774 3486 Bugdorff in einem dorff, so zu beiden siiten
1713 3424 2029 3537 Angell haon.
