3024 4032
428 541 515 621 242
595 604 1587 791 Johan Paul Glaßer dan ward bekann
585 721 1560 876 daß er zwar mit vorermelten Scheinen
610 812 1530 927 und patenten als ein einziecher sich
591 884 1483 993 gebrauchen laßen, e gn lande
594 941 1539 1043 durchstruchen, by drey und dreyßig
587 1014 1573 1119 sh damit ufgenommen, aber vermeint
587 1081 1553 1167 das alles das Zenge was die scheifffen
590 1133 1552 1250 so ihme durch den Johan Phillig paur
604 1199 1543 1313 zugestelt worden ihaltend, warhafft
887 1255 1526 1367 bezeugete auch daß ihme
589 1256 725 1351 seye.
587 1328 1526 1432 diser begangene fahler so wol als
570 1385 1459 1500 dem Prem sehr leid seye, Pittet
581 1460 1537 1570 deßwegen ebenermaßen vmb gnad
576 1531 1018 1631 und verzeichung.
437 1562 1556 1701 Worüber nohchghln räht und zurges
559 1674 1478 1779 zu recht eekent und gesprochen
568 1734 1538 1842 daß Hans Grörg Prume neben empfehl
566 1788 1519 1894 seiner seelen dem scharpß richter solle.
554 1853 1544 1951 übergeben werd, welcher demselben oben
563 1904 1514 2016 auß uf gewohnliche rechtstatfuhern und
559 1957 1521 2076 daselbsten mit dem strangen von dem
568 2025 1231 2126 leben zum Todt hinrichten
517 2082 1548 2216 Der HJohanPaul Glaßer abes wol
549 2169 1541 2273 mit enthen ußgeschtreczt uf dem engken
538 2218 1533 2320 gezeichnet und mit dem eydt von ihr
544 2280 1530 2391 hne statt und lang vorwisen werden.
546 2338 1521 2456 sölle acterm den 20. aprelis 1689.
548 2405 1349 2543 2x09 gleichen tags an beid
1134 2483 1378 2586 t
1606 816 1831 947 den 1t eprt
1607 1839 1807 1969 begeißen
2810 389 2928 497 243
2003 542 2527 686 Examinatio
1873 612 2863 833 Vß hoch Oberkeitlichem befelch
1868 746 2839 913 ward oder von frütingen alhero
1847 798 2943 1005 gebrachte Ull uman vonhungen
1864 870 2820 1056 durch nnchren Rathsherren Samnt
1835 924 2926 1143 Tharman als von Mhghrn verordnete
1837 1015 2957 1217 herren Exammatoren und den Grichtsch
1821 1107 2941 1302 In der Oberen gefangenschafft, alhier
1846 1210 2865 1356 wegen des durch herren Garte von
1839 1251 2781 1440 Burgdoch geklagten vnd alle
1841 1299 2940 1502 umbstenden nach durch alicen zuman
1827 1423 2836 1581 gestohlenen Gleicke duchs, gantz
1836 1513 2462 1650 ernstlich exammiert.
1814 1588 2922 1726 Es wolte aber diser zuman gar nit
1845 1661 2953 1784 bekennen, daß er daßelbe gestohlen
1830 1736 2962 1854 oder stahlen helffensondern belarete
1835 1787 2922 1928 daß er diß in drey stucken oder
1827 1876 2901 1991 allen samethafft von 300 sollen
1840 1933 2942 2059 haltend in einem holtz eine stund wdeit
1846 2008 2926 2126 undenhalb Gurgdorff gelegen von zweyen
1823 2076 2962 2188 gesellen, die nit keine und seines erachten
1837 2144 2872 2250 von Sumßwald seyend, der einte
1823 2214 2959 2329 namens Ull Rötlisperger der andere
1831 2282 2955 2403 namens Peter N. erkaufft und denselben
1802 2353 2967 2482 an einem sontag gleich damohle 6d
1847 2426 2906 2546 vnd den darauf gefolgten donstag
1825 2504 2973 2623 auf gleichem ohrt Noch andere 62 dachu
1836 2553 2951 2697 bezalt habe, welliche sein m zu Meini
1833 2622 2940 2766 ußwyll soldtherner gepits ihme
1826 2694 2095 2784 gelichen,
1833 2773 2955 2885 Alß solches ihr gn den darauf folgend
1839 2807 2960 2958 2b. sepr widerbracht worden haben
1823 2877 2947 3036 dieselben vnser vßsag keinen glauben
1825 2947 2956 3111 zustellen können und in betrachtem
1834 3022 2885 3175 derselbe bereits hienor ein pferd
1836 3082 2962 3229 gestohlen und sonsten anderen beben¬
1822 3151 2942 3293 streken halben in großem verdacht
1841 3229 2982 3383 mhhren l befohlen nochmahlen und zw
1849 3286 2923 3454 so von nöthen mit erforderlicher
1852 3371 2804 3518 wartes an demselben zu setzen
