3024 4032
276 441 373 552 105
353 554 447 661 36.
501 531 1456 721 in instruntion den herren obrist und kauft
509 640 1445 764 lichten deß uffgebrachten dilachischense
498 694 1310 788 gemuntio de 22. septembris 1671 f 1.
495 754 1427 883 projelt wegen außgühung 50 mann auß
359 787 462 870 27.
497 821 1382 931 jnder iß zuger Comptanng umb selbige
492 880 1430 1008 umb weltsche land zu schicken vom 18. jun
480 944 761 1037 1670 f 4.
484 998 1404 1124 Instruction H. Obrist Immunns sich nacher
362 1043 454 1115 38.
494 1072 1357 1170 Mulhaußm vom 26. dcoebris 1673 j 7.
491 1143 1412 1278 inseruction uff herren Babriul Geiß Obers
374 1189 460 1297 296
492 1229 1388 1347 über dab Oberländisch regiment f 8.
478 1309 1432 1435 Instruction isc alle obersten vnd Kaupt¬
356 1320 464 1414 30.
487 1383 1346 1482 lals der T. Regimenteri 2 vnd W.
487 1441 1318 1556 landtis de 22. martii 1628 f 8.
484 1509 1396 1637 eyd und instruction der commendanten zu
356 1543 448 1625 31.
490 1594 827 1699 arourg 9.
478 1645 1418 1753 Iustruction der Oberstein ins Munsar
357 1647 449 1758 32.
472 1724 1176 1827 Thal de 20. jan 1674. f 12.
472 1787 1447 1915 Huld Kringsraht gwalt de ao 1371. ißem
354 1802 456 1912 33.
476 1873 1306 1968 Roliceu such f 1 f 397  14
359 1940 1412 2061 24 Schämbrif dar kauptlichten und Kings¬
475 2015 1366 2114 raht ins Beld im zug wider hanon
455 2070 1409 2172 de A. 1536. Itum de a 1589. f. 15.
357 2131 424 2252 35.
455 2140 1378 2262 Instruction herr Ludwigs von Frlach über
441 2240 1427 2327 den kringszug imb j land Vom 25. maii
460 2292 740 2389 1589 Jo 17.
348 2366 1345 2480 36. ynwalt und SchamBrinff H: General
463 2437 1408 2558 von Erlages und deißen zugegeben Krings
454 2503 1327 2622 lahten de 9. martii 1683 d 18.
452 2566 1359 2691 Instruction der herren tauptlichten über
336 2584 436 2691 37.
453 2638 1380 2767 die ußazngerder fur graffschaffen. Vom
445 2718 1035 2828 22. april 1653 f 19.
447 2769 1402 2919 Gwalt und schämbrins herren General von
326 2830 413 2912 38
439 2871 1393 2991 blachs am billmarger sring den 16. novembris
440 2949 739 3051 1655. f. 20.
438 2991 1425 3103 instruction und kwaltbauff für heren ober
334 3035 426 3139 29.
452 3072 1388 3195 Comendantus Weltschen landts und seines
429 3143 1318 3259 aingebrahtis de 13. feb 1667. f. 21.
428 3214 1399 3327 instruction herre obrist von Dinßbachis wegen
319 3251 412 3338 40.
421 3259 1444 3411 deß 1. seltschen Regiments de 19 febr 1667.
1785 400 2882 649 Instruction uf h. GBerhard von dießbach dm
1812 498 2798 690 ordnetin commendantin über 1000 menn
1665 572 1753 679 41.
1781 517 2888 776 Bünffischen seccurhis de 19. febr 1667 f2
1794 613 2880 854 instruction für herr Rudolff Mey Obrist übe
1786 696 2845 918 das andern w Regiment de 19. feb 1667
1686 780 1758 903 92.
1794 805 2889 1044 shäm und gloaels-patent für her l wagner
1854 905 1933 990 29.
1790 895 1841 966 f.
1796 886 2855 1102 alß comendanim ins H. landt Dei 10629.
1692 975 1778 1057 43.
1798 1058 2092 1176 1605 f 30.
1692 992 2886 1256 44. instruction für h h wagner und herrren here
1804 1093 2872 1283 Tal Magori von Blach zu volfrunkung an
1796 1151 2863 1350 beuohlner vsitation deß j landtw De 7.
1799 1271 2405 1405 und 9 jan 1682 f 31.
1801 1274 2860 1504 ut deß herrn ber cCommendanten und seines
1789 1385 2741 1569 Bringes rahls De 19. aug 1672 f 33.
1664 1417 1758 1512 45
1788 1433 2891 1614 Instruction et herment hour dean Teoffias
1684 1534 1768 1646 96.
1784 1543 2630 1672 den houlon de 11. aug 16s f 34.
1775 1603 2812 1766 Inspruction Hr Obrist Vnisen alß abge¬
1673 1689 1765 1769 47.
1772 1663 2818 1803 seien nacher auff und taren vom 13. feb.
1778 1781 2052 1872 1661. f. 35.
1768 1818 2873 1934 iastructionin in Müßerungen, so vor disem
1668 1852 1772 1972 48.
1773 1879 2857 2017 Ao 1659. ocobris h generali von Erlach imb
1771 1961 2431 2070 n landt natheilt f 38.
1712 2012 2857 2158 49 instruation her proviant Meistwas Stänkes
1794 2103 2388 2211 De 9. octobris 1676 f 41.
1701 2176 2811 2292 av Instruction h. Alt Gottmnisters Tugulis
1792 2238 2833 2351 und herr Joh Rudolff Bucher alß proviant
1790 2306 2837 2406 Meisnden ais Beltsche land De 28. febr.
1780 2366 2107 2459 16br f 43.
1685 2421 1752 2523 5
1810 2422 2780 2543 datent der Proviant. Meisterin, F. 46.
1690 2504 1766 2609 52.
1807 2502 2795 2622 nstruction uß hr stülller alß zahl he
1794 2562 2694 2682 ans weltsche land de 27. febr 1667.
1682 2635 1766 2738 53
1795 2627 2828 2769 verhenschumb der mühlnnn Bachoffin und
1776 2726 2844 2847 Jegeharnn der 2 braßfschafftin de ao 1677.
1675 2801 2868 2945 54. instruction der proviant factorin dea. 1675.
1852 2869 1928 2931 13.
1677 2896 1756 2988 15.
1784 2909 2826 3085 grob und Kerkung zum Comisbrob 3eao 1655.
1784 2977 1927 3091 R 3
1670 3037 1768 3132 16.
1798 3053 2871 3206 nrauwischer Extraith Abscheids das Mun¬
1805 3118 2866 3270 tenthalische geschaff betreffend de 1. febr¬
1796 3181 2111 3278 gb . 56.
1688 3246 1770 3330 57
1807 3237 2872 3402 eglich Binmann 1569 o 1561 die lands
1797 3326 2562 3456 emmunden ußgeschriben. H e.
