<?xml version="1.0" encoding="UTF-8" standalone="yes"?>
<PcGts xmlns="http://schema.primaresearch.org/PAGE/gts/pagecontent/2013-07-15" xmlns:xsi="http://www.w3.org/2001/XMLSchema-instance" xsi:schemaLocation="http://schema.primaresearch.org/PAGE/gts/pagecontent/2013-07-15 http://schema.primaresearch.org/PAGE/gts/pagecontent/2013-07-15/pagecontent.xsd">
    <Metadata>
        <Creator>prov=University of Rostock/Institute of Mathematics/CITlab|PLANET AI GmbH/Gundram Leifert/gundram.leifert@planet-ai.de:name=German_Kurrent_XVI-XVIII_M1(htr_id=19584)::::v=2.6.7
prov=University of Rostock/Institute of Mathematics/CITlab|PLANET AI GmbH/Tobias Gruening/tobias.gruening@planet-ai.de:name=de.uros.citlab.module.baseline2polygon.B2PSeamMultiOriented:v=2.6.7
prov=University of Rostock/Institute of Mathematics/CITlab|PLANET AI GmbH/Tobias Gruening/tobias.gruening@planet-ai.de:name=/net_tf/LA73_249_0mod360.pb:de.uros.citlab.segmentation.CITlab_LA_ML:v=2.6.7
Transkribus</Creator>
        <Created>2021-03-11T13:59:03.693+01:00</Created>
        <LastChange>2022-09-12T15:03:45.601+02:00</LastChange>
        <TranskribusMetadata docId="1334840" pageId="52361934" pageNr="56" tsid="114643727" status="IN_PROGRESS" userId="9570" imgUrl="https://files.transkribus.eu/Get?id=VVPVPVKJGRNJNLWQDLLBMJJV&amp;fileType=view" xmlUrl="https://files.transkribus.eu/Get?id=IWJOAGMMREYZYRNZVOTVENHV" imageId="19038657"/>
    </Metadata>
    <Page imageFilename="B_IX_485_Seite_056.jpg" imageWidth="3024" imageHeight="4032">
        <ReadingOrder>
            <OrderedGroup id="ro_1687513682240" caption="Regions reading order">
                <RegionRefIndexed index="0" regionRef="r1"/>
                <RegionRefIndexed index="1" regionRef="r2"/>
                <RegionRefIndexed index="2" regionRef="r3"/>
            </OrderedGroup>
        </ReadingOrder>
        <TextRegion orientation="0.0" id="r1" custom="readingOrder {index:0;}">
            <Coords points="206,480 206,1116 489,1116 489,480"/>
            <TextLine id="r1l1" custom="readingOrder {index:0;}">
                <Coords points="299,535 318,538 324,531 334,531 338,527 346,527 351,522 358,522 358,447 332,451 330,454 322,450 312,450 308,453 299,451"/>
                <Baseline points="306,504 351,504"/>
                <TextEquiv>
                    <Unicode>93</Unicode>
                </TextEquiv>
            </TextLine>
            <TextLine id="r1l2" custom="readingOrder {index:1;}">
                <Coords points="203,1065 240,1080 302,1058 363,1076 412,1067 460,1094 494,1076 496,1037 453,1037 424,1006 374,1025 331,1008 308,985 206,978"/>
                <Baseline points="210,1050 235,1051 260,1052 286,1053 311,1055 336,1055 362,1056 387,1058 412,1059 438,1059 463,1061 489,1061"/>
                <TextEquiv>
                    <Unicode>um andere</Unicode>
                </TextEquiv>
            </TextLine>
            <TextLine id="r1l3" custom="readingOrder {index:2;}">
                <Coords points="199,1110 219,1114 247,1108 270,1126 285,1116 297,1119 311,1113 314,1059 303,1063 300,1060 292,1068 280,1063 247,1084 220,1064 210,1070 201,1067"/>
                <Baseline points="206,1098 239,1100 272,1101 305,1104"/>
                <TextEquiv>
                    <Unicode>mahl</Unicode>
                </TextEquiv>
            </TextLine>
            <TextEquiv>
                <Unicode>93
um andere
mahl</Unicode>
            </TextEquiv>
        </TextRegion>
        <TextRegion orientation="0.0" id="r2" custom="readingOrder {index:1;}">
            <Coords points="485,617 485,3461 1500,3461 1500,617"/>
            <TextLine id="r2l1" custom="readingOrder {index:0;}">
                <Coords points="509,652 677,679 805,644 941,694 1019,654 1079,694 1122,667 1183,707 1288,681 1404,717 1473,711 1477,629 1319,602 1112,630 957,618 906,579 731,595 687,564 513,561"/>
                <Baseline points="516,644 563,645 611,647 658,648 706,650 753,650 801,651 848,652 896,653 943,654 991,656 1039,657 1086,660 1134,662 1181,665 1229,669 1276,673 1324,677 1371,684 1419,690 1467,698"/>
                <TextEquiv>
                    <Unicode>ein wollen, Ist Er nach ergangenem Rahts¬</Unicode>
                </TextEquiv>
            </TextLine>
            <TextLine id="r2l2" custom="readingOrder {index:1;}">
                <Coords points="526,730 628,714 821,753 880,715 984,715 1386,780 1476,774 1479,707 1071,698 1019,655 946,692 843,661 811,688 660,668 590,693 529,656"/>
                <Baseline points="534,713 580,711 627,711 674,711 721,711 768,711 814,711 861,713 908,714 955,716 1002,717 1048,719 1095,721 1142,724 1189,728 1236,731 1282,734 1329,738 1376,743 1423,748 1470,753"/>
                <TextEquiv>
                    <Unicode>beuelch zur siherer verwahrung in gusan¬</Unicode>
                </TextEquiv>
            </TextLine>
            <TextLine id="r2l3" custom="readingOrder {index:2;}">
                <Coords points="533,808 562,795 592,821 630,817 659,790 716,788 784,826 901,787 935,806 979,788 1125,813 1126,744 1003,734 983,715 932,737 881,714 822,752 684,745 637,719 573,752 534,743"/>
                <Baseline points="540,777 568,777 597,777 626,777 655,777 684,777 713,777 742,777 771,777 800,777 829,777 857,779 886,779 915,779 944,780 973,782 1002,783 1031,784 1060,785 1089,786 1118,789"/>
                <TextEquiv>
                    <Unicode>ganschatt geführt worden.</Unicode>
                </TextEquiv>
            </TextLine>
            <TextLine id="r2l4" custom="readingOrder {index:3;}">
                <Coords points="499,926 551,911 590,944 645,907 693,948 771,898 850,944 988,911 1252,957 1491,947 1493,884 1419,855 1261,889 1052,855 960,888 821,845 760,863 698,814 643,854 503,838"/>
                <Baseline points="506,908 554,906 603,905 652,903 701,903 750,905 799,905 848,907 897,909 946,911 995,914 1043,917 1092,919 1141,922 1190,925 1239,927 1288,930 1337,932 1386,935 1435,936 1484,938"/>
                <TextEquiv>
                    <Unicode>volgenden tags alß neimtoghl herren landt</Unicode>
                </TextEquiv>
            </TextLine>
            <TextLine id="r2l5" custom="readingOrder {index:4;} person {offset:31; length:7;}">
                <Coords points="527,988 730,1016 784,977 1044,1010 1097,978 1231,981 1376,1027 1450,995 1422,952 1252,957 1134,919 866,946 760,902 688,949 634,908 591,943 529,912"/>
                <Baseline points="534,969 579,968 624,968 670,968 715,968 761,968 806,969 852,971 897,972 943,974 988,975 1033,977 1079,978 1124,980 1170,981 1215,983 1261,984 1306,984 1352,986 1397,986 1443,986"/>
                <TextEquiv>
                    <Unicode>vogt Siychenar herr Großweibel Rieiger</Unicode>
                </TextEquiv>
            </TextLine>
            <TextLine id="r2l6" custom="readingOrder {index:5;} person {offset:11; length:6;} person {offset:31; length:4;}">
                <Coords points="532,1046 660,1063 731,1037 800,1083 925,1046 988,1082 1140,1040 1268,1091 1313,1056 1479,1072 1480,1021 1322,1029 1242,986 1177,1011 1106,984 1057,1020 983,993 923,1027 873,988 730,1016 533,987"/>
                <Baseline points="539,1035 585,1037 632,1037 679,1037 725,1038 772,1038 819,1040 865,1040 912,1040 959,1041 1006,1041 1052,1043 1099,1043 1146,1044 1192,1044 1239,1046 1286,1047 1332,1047 1379,1049 1426,1050 1473,1052"/>
                <TextEquiv>
                    <Unicode>und herren tringe sahschreiber Geiß benelch</Unicode>
                </TextEquiv>
            </TextLine>
            <TextLine id="r2l7" custom="readingOrder {index:6;}">
                <Coords points="533,1112 671,1098 800,1133 1010,1099 1076,1134 1267,1107 1315,1141 1471,1123 1472,1074 1306,1058 1266,1090 1171,1046 985,1084 921,1045 799,1081 592,1035 534,1063"/>
                <Baseline points="540,1097 586,1097 632,1097 678,1097 724,1097 771,1097 817,1097 863,1098 909,1098 955,1100 1002,1100 1048,1101 1094,1101 1140,1103 1186,1104 1233,1106 1279,1106 1325,1107 1371,1109 1417,1110 1464,1112"/>
                <TextEquiv>
                    <Unicode>nnt worden, sein hanß zu durchsuchen, gitt</Unicode>
                </TextEquiv>
            </TextLine>
            <TextLine id="r2l8" custom="readingOrder {index:7;} person {offset:22; length:21;}">
                <Coords points="532,1214 607,1163 703,1156 778,1203 845,1161 1131,1152 1507,1202 1507,1144 1401,1112 1318,1143 1271,1111 1080,1137 1010,1100 963,1137 834,1103 792,1139 677,1146 579,1099 533,1112"/>
                <Baseline points="539,1161 587,1161 635,1160 683,1160 731,1159 779,1158 827,1157 875,1157 923,1157 971,1155 1019,1155 1067,1155 1115,1155 1163,1157 1211,1157 1259,1160 1307,1161 1355,1164 1403,1167 1451,1170 1500,1175"/>
                <TextEquiv>
                    <Unicode>zunn an seinen bruder Heidnrich den Kalbine</Unicode>
                </TextEquiv>
            </TextLine>
            <TextLine id="r2l9" custom="readingOrder {index:8;}">
                <Coords points="529,1236 632,1261 735,1226 782,1263 865,1266 949,1214 1004,1240 1283,1222 1321,1254 1395,1249 1394,1194 1232,1166 929,1187 901,1163 778,1203 616,1165 528,1212"/>
                <Baseline points="536,1229 578,1227 621,1226 663,1225 706,1224 749,1223 791,1223 834,1221 876,1221 919,1220 962,1220 1004,1218 1047,1218 1089,1218 1132,1218 1175,1218 1217,1218 1260,1218 1302,1218 1345,1220 1388,1220"/>
                <TextEquiv>
                    <Unicode>ein gndeli gegeben, daß er die junigen</Unicode>
                </TextEquiv>
            </TextLine>
            <TextLine id="r2l10" custom="readingOrder {index:9;}">
                <Coords points="517,1328 630,1299 913,1327 1046,1272 1186,1322 1286,1286 1455,1306 1454,1253 1320,1255 1280,1226 990,1241 944,1213 865,1266 816,1247 769,1273 516,1236"/>
                <Baseline points="524,1301 570,1298 616,1296 662,1295 708,1293 755,1291 801,1289 847,1287 893,1286 939,1284 986,1283 1032,1281 1078,1280 1124,1280 1170,1280 1217,1280 1263,1280 1309,1281 1355,1283 1401,1285 1448,1287"/>
                <TextEquiv>
                    <Unicode>schriffen, so er hinder sich habe, den herren</Unicode>
                </TextEquiv>
            </TextLine>
            <TextLine id="r2l11" custom="readingOrder {index:10;}">
                <Coords points="530,1370 709,1357 837,1397 1054,1350 1319,1348 1382,1388 1424,1354 1485,1377 1484,1299 529,1315"/>
                <Baseline points="536,1358 583,1356 630,1356 677,1356 724,1355 771,1355 818,1353 865,1353 912,1352 959,1352 1007,1350 1054,1350 1101,1350 1148,1349 1195,1349 1242,1349 1289,1349 1336,1349 1383,1349 1430,1349 1478,1350"/>
                <TextEquiv>
                    <Unicode>einhändigen solle, und sind etliche daselben</Unicode>
                </TextEquiv>
            </TextLine>
            <TextLine id="r2l12" custom="readingOrder {index:11;}">
                <Coords points="521,1438 1212,1412 1315,1438 1466,1417 1466,1364 1267,1388 1201,1351 1062,1398 970,1360 836,1398 644,1357 520,1379"/>
                <Baseline points="527,1418 573,1418 620,1417 666,1416 713,1416 760,1415 806,1415 853,1415 900,1413 946,1413 993,1413 1040,1412 1086,1412 1133,1411 1180,1410 1226,1410 1273,1409 1320,1409 1366,1407 1413,1407 1460,1406"/>
                <TextEquiv>
                    <Unicode>dder inderm auhi in einem schattlist der</Unicode>
                </TextEquiv>
            </TextLine>
            <TextLine id="r2l13" custom="readingOrder {index:12;} place {offset:23; length:11;}">
                <Coords points="518,1483 811,1505 880,1473 1138,1469 1269,1498 1343,1468 1407,1507 1480,1477 1480,1436 1370,1411 1299,1455 1216,1413 1161,1439 919,1417 843,1451 518,1437"/>
                <Baseline points="524,1473 571,1473 618,1473 666,1473 713,1473 761,1472 808,1472 856,1472 903,1472 951,1471 998,1470 1045,1470 1093,1470 1140,1470 1188,1470 1235,1469 1283,1469 1330,1469 1378,1470 1425,1470 1473,1470"/>
                <TextEquiv>
                    <Unicode>Naührin andern dann im Oberm tunli n</Unicode>
                </TextEquiv>
            </TextLine>
            <TextLine id="r2l14" custom="readingOrder {index:13;} person {offset:8; length:9;}">
                <Coords points="518,1550 591,1524 806,1572 977,1519 1069,1563 1124,1529 1431,1539 1431,1503 1309,1512 1138,1469 641,1513 517,1488"/>
                <Baseline points="524,1535 569,1532 614,1530 659,1529 704,1528 749,1527 794,1527 839,1527 884,1527 929,1527 974,1527 1019,1527 1064,1527 1109,1527 1154,1529 1199,1529 1244,1527 1289,1527 1334,1527 1379,1526 1424,1524"/>
                <TextEquiv>
                    <Unicode>der dem Janssküßi Zwey Sucher dann</Unicode>
                </TextEquiv>
            </TextLine>
            <TextLine id="r2l15" custom="readingOrder {index:14;}">
                <Coords points="529,1606 1060,1590 1179,1629 1297,1589 1476,1598 1476,1529 1295,1556 1124,1531 1068,1563 975,1518 804,1573 642,1542 600,1571 528,1538"/>
                <Baseline points="536,1596 582,1594 629,1592 675,1590 722,1589 769,1589 815,1589 862,1587 909,1587 955,1587 1002,1587 1049,1587 1095,1587 1142,1587 1189,1587 1235,1586 1282,1586 1329,1584 1375,1582 1422,1580 1469,1577"/>
                <TextEquiv>
                    <Unicode>von seiner ingnen hand zwüschen den stetlen</Unicode>
                </TextEquiv>
            </TextLine>
            <TextLine id="r2l16" custom="readingOrder {index:15;}">
                <Coords points="532,1689 629,1659 769,1694 974,1646 1159,1655 1193,1685 1265,1652 1412,1669 1457,1657 1457,1587 1180,1629 1143,1595 1111,1624 1062,1593 531,1605"/>
                <Baseline points="539,1661 584,1659 630,1656 675,1655 721,1653 767,1653 812,1652 858,1652 903,1652 949,1652 995,1652 1040,1652 1086,1652 1131,1652 1177,1650 1223,1650 1268,1649 1314,1648 1359,1646 1405,1644 1451,1641"/>
                <TextEquiv>
                    <Unicode>verstenkt gewesen. 6 Weil sy das vnse¬</Unicode>
                </TextEquiv>
            </TextLine>
            <TextLine id="r2l17" custom="readingOrder {index:16;}">
                <Coords points="522,1739 776,1708 899,1730 1443,1706 1442,1665 1193,1686 1158,1654 1067,1677 850,1654 770,1693 627,1660 521,1690"/>
                <Baseline points="528,1719 573,1718 618,1716 664,1715 709,1713 755,1713 800,1712 845,1710 891,1710 936,1709 982,1707 1027,1707 1072,1705 1118,1704 1163,1702 1209,1700 1254,1698 1299,1697 1345,1693 1390,1691 1436,1688"/>
                <TextEquiv>
                    <Unicode>mahl nichts haben finden konnen, auch ni¬</Unicode>
                </TextEquiv>
            </TextLine>
            <TextLine id="r2l18" custom="readingOrder {index:17;}">
                <Coords points="516,1799 541,1815 572,1788 605,1814 635,1783 757,1779 828,1807 884,1771 1098,1783 1189,1747 1269,1780 1267,1723 1216,1711 899,1730 791,1708 514,1741"/>
                <Baseline points="521,1773 558,1772 595,1770 632,1769 669,1767 706,1766 743,1764 780,1763 817,1763 854,1761 891,1760 928,1758 965,1757 1002,1757 1039,1755 1076,1754 1113,1752 1150,1751 1187,1749 1224,1748 1262,1746"/>
                <TextEquiv>
                    <Unicode>nd nut hatt herfurgen wollen.</Unicode>
                </TextEquiv>
            </TextLine>
            <TextLine id="r2l19" custom="readingOrder {index:18;}">
                <Coords points="494,1860 884,1824 1150,1873 1179,1842 1250,1862 1330,1820 1446,1818 1445,1770 1382,1752 1297,1799 986,1809 941,1772 767,1817 683,1784 620,1825 492,1794"/>
                <Baseline points="501,1853 547,1847 594,1843 641,1839 688,1836 735,1833 782,1832 829,1830 876,1830 923,1829 970,1829 1016,1829 1063,1829 1110,1827 1157,1827 1204,1826 1251,1824 1298,1821 1345,1819 1392,1815 1439,1811"/>
                <TextEquiv>
                    <Unicode>Nachdem nun Nemmughen solcher far</Unicode>
                </TextEquiv>
            </TextLine>
            <TextLine id="r2l20" custom="readingOrder {index:19;}">
                <Coords points="510,1911 620,1903 686,1940 847,1894 1035,1893 1159,1924 1190,1892 1428,1877 1427,1850 1338,1820 1240,1867 988,1830 881,1862 846,1836 707,1868 667,1839 508,1858"/>
                <Baseline points="516,1908 561,1905 606,1904 651,1902 697,1899 742,1898 787,1897 832,1896 878,1895 923,1894 968,1893 1013,1892 1059,1891 1104,1889 1149,1888 1194,1886 1240,1884 1285,1881 1330,1878 1375,1875 1421,1871"/>
                <TextEquiv>
                    <Unicode>richtung halb relation gethann worden</Unicode>
                </TextEquiv>
            </TextLine>
            <TextLine id="r2l21" custom="readingOrder {index:20;}">
                <Coords points="491,1997 594,1967 725,2003 772,1959 879,1982 1256,1948 1352,1976 1443,1947 1442,1921 1365,1881 1104,1938 991,1896 934,1937 861,1901 692,1942 557,1904 489,1946"/>
                <Baseline points="497,1977 546,1973 595,1970 645,1968 694,1965 744,1964 793,1962 842,1961 892,1959 941,1959 991,1958 1040,1956 1090,1956 1139,1955 1188,1953 1238,1951 1287,1948 1337,1946 1386,1942 1436,1938"/>
                <TextEquiv>
                    <Unicode>habend dieselben, weilen den Horhanden</Unicode>
                </TextEquiv>
            </TextLine>
            <TextLine id="r2l22" custom="readingOrder {index:21;}">
                <Coords points="518,2066 749,2019 910,2067 1049,2019 1435,2026 1442,1950 1402,1986 959,1960 838,2004 767,1961 727,2002 658,1969 515,1978"/>
                <Baseline points="524,2039 569,2035 615,2032 660,2030 706,2027 752,2025 797,2024 843,2022 888,2022 934,2021 980,2021 1025,2019 1071,2019 1116,2018 1162,2016 1208,2014 1253,2012 1299,2010 1344,2006 1390,2003 1436,1997"/>
                <TextEquiv>
                    <Unicode>ammbstand zun gefahrlicher verständtnns</Unicode>
                </TextEquiv>
            </TextLine>
            <TextLine id="r2l23" custom="readingOrder {index:22;}">
                <Coords points="525,2149 561,2120 846,2127 963,2083 1067,2126 1161,2079 1240,2101 1342,2055 1430,2073 1448,2022 1325,2008 1177,2050 1046,2019 913,2066 619,2026 545,2083 522,2069"/>
                <Baseline points="530,2099 575,2095 621,2093 666,2090 712,2088 758,2087 803,2085 849,2084 894,2083 940,2082 986,2081 1031,2079 1077,2078 1122,2076 1168,2075 1214,2073 1259,2069 1305,2065 1350,2062 1396,2056 1442,2051"/>
                <TextEquiv>
                    <Unicode>zundächtig machend, nöhtig naachint mhrr</Unicode>
                </TextEquiv>
            </TextLine>
            <TextLine id="r2l24" custom="readingOrder {index:23;}">
                <Coords points="495,2189 858,2149 956,2187 1061,2141 1137,2180 1207,2152 1318,2167 1416,2122 1413,2075 1342,2056 1255,2105 1166,2083 1087,2123 970,2082 855,2136 492,2124"/>
                <Baseline points="500,2168 545,2165 590,2163 636,2160 681,2158 727,2156 772,2154 818,2153 863,2151 909,2150 954,2148 999,2146 1045,2143 1090,2142 1136,2139 1181,2136 1227,2133 1272,2130 1318,2126 1363,2121 1409,2117"/>
                <TextEquiv>
                    <Unicode>den Zuemurin anzubemehlen, im Jahr</Unicode>
                </TextEquiv>
            </TextLine>
            <TextLine id="r2l25" custom="readingOrder {index:24;}">
                <Coords points="500,2244 597,2224 736,2255 780,2219 988,2212 1153,2243 1206,2201 1439,2192 1450,2137 1392,2121 1317,2170 1207,2152 1139,2182 1035,2147 959,2188 892,2154 736,2160 683,2205 560,2166 497,2198"/>
                <Baseline points="506,2232 555,2230 604,2228 654,2225 703,2223 753,2221 802,2219 851,2217 901,2216 950,2214 1000,2211 1049,2209 1099,2205 1148,2203 1197,2199 1247,2193 1296,2189 1346,2183 1395,2176 1445,2168"/>
                <TextEquiv>
                    <Unicode>Heerin auß s g mittel zu exammnaldin</Unicode>
                </TextEquiv>
            </TextLine>
            <TextLine id="r2l26" custom="readingOrder {index:25;}">
                <Coords points="479,2314 662,2285 767,2306 797,2271 1110,2301 1202,2258 1465,2260 1461,2185 1301,2235 991,2212 822,2262 591,2224 476,2265"/>
                <Baseline points="485,2301 533,2298 582,2294 630,2290 679,2288 728,2286 776,2283 825,2282 873,2280 922,2278 971,2276 1019,2274 1068,2271 1116,2268 1165,2266 1214,2262 1262,2257 1311,2251 1359,2245 1408,2237 1457,2229"/>
                <TextEquiv>
                    <Unicode>zuverordnen In ratt deßen meine soch</Unicode>
                </TextEquiv>
            </TextLine>
            <TextLine id="r2l27" custom="readingOrder {index:26;}">
                <Coords points="516,2362 589,2346 638,2382 776,2393 845,2342 981,2336 1075,2375 1181,2326 1238,2369 1282,2321 1440,2311 1404,2245 1035,2307 924,2269 868,2303 798,2272 753,2311 666,2284 513,2311"/>
                <Baseline points="522,2352 567,2349 613,2348 658,2346 704,2345 749,2343 795,2342 840,2340 886,2339 931,2337 977,2336 1023,2333 1068,2331 1114,2329 1159,2326 1205,2323 1250,2320 1296,2316 1341,2312 1387,2305 1433,2300"/>
                <TextEquiv>
                    <Unicode>und volgeahrte samen hr rahlogen von</Unicode>
                </TextEquiv>
            </TextLine>
            <TextLine id="r2l28" custom="readingOrder {index:27;} place {offset:0; length:5;}">
                <Coords points="513,2419 683,2464 744,2411 831,2447 933,2405 1011,2425 1118,2391 1362,2391 1420,2376 1417,2313 1120,2379 981,2337 845,2342 777,2396 749,2371 641,2387 589,2347 511,2375"/>
                <Baseline points="519,2418 563,2417 608,2415 653,2415 697,2414 742,2412 787,2412 831,2411 876,2409 921,2406 966,2405 1010,2403 1055,2400 1100,2397 1144,2395 1189,2391 1234,2389 1278,2384 1323,2381 1368,2376 1413,2372"/>
                <TextEquiv>
                    <Unicode>blach h ocahubh Güder herren alt landt-</Unicode>
                </TextEquiv>
            </TextLine>
            <TextLine id="r2l29" custom="readingOrder {index:28;} person {offset:5; length:6;}">
                <Coords points="516,2502 589,2525 693,2475 794,2494 955,2465 1015,2499 1059,2468 1303,2477 1470,2432 1465,2355 1312,2412 933,2406 808,2462 511,2429"/>
                <Baseline points="522,2493 569,2489 616,2486 663,2483 710,2480 757,2477 804,2476 851,2474 898,2472 945,2469 992,2468 1039,2466 1086,2463 1133,2460 1180,2457 1227,2453 1274,2449 1321,2444 1368,2438 1415,2431 1463,2423"/>
                <TextEquiv>
                    <Unicode>Vögt Stengr und herren alt landtvogt und</Unicode>
                </TextEquiv>
            </TextLine>
            <TextLine id="r2l30" custom="readingOrder {index:29;} person {offset:0; length:4;}">
                <Coords points="711,2518 726,2522 736,2514 742,2518 762,2512 772,2519 781,2516 789,2524 800,2517 805,2523 819,2523 836,2506 843,2512 853,2509 852,2474 836,2481 829,2474 802,2492 773,2484 739,2487 728,2477 710,2477"/>
                <Baseline points="717,2511 742,2510 768,2511 794,2511 820,2511 846,2508"/>
                <TextEquiv>
                    <Unicode>Bire</Unicode>
                </TextEquiv>
            </TextLine>
            <TextLine id="r2l31" custom="readingOrder {index:30;} person {offset:35; length:3; continued:true;}">
                <Coords points="505,2592 717,2539 1011,2568 1064,2534 1225,2556 1445,2503 1410,2444 1307,2480 1091,2471 1030,2513 962,2472 853,2516 500,2505"/>
                <Baseline points="510,2568 556,2562 602,2556 649,2550 695,2545 741,2543 788,2540 834,2537 880,2537 927,2535 973,2533 1019,2532 1066,2531 1112,2529 1158,2526 1205,2524 1251,2520 1297,2516 1344,2511 1390,2504 1437,2496"/>
                <TextEquiv>
                    <Unicode>Gbürster handt zr a Dinnann herren Grß</Unicode>
                </TextEquiv>
            </TextLine>
            <TextLine id="r2l32" custom="readingOrder {index:31;} person {offset:0; length:6; continued:true;}">
                <Coords points="510,2630 598,2656 666,2612 829,2616 881,2656 1014,2597 1150,2629 1181,2598 1256,2631 1312,2575 1428,2567 1425,2521 1356,2504 1296,2560 1148,2533 868,2576 821,2539 701,2547 620,2603 586,2576 507,2590"/>
                <Baseline points="516,2628 561,2624 606,2622 651,2619 697,2616 742,2614 787,2613 832,2610 878,2609 923,2607 968,2604 1013,2603 1059,2600 1104,2597 1149,2594 1194,2590 1240,2585 1285,2580 1330,2573 1375,2565 1421,2558"/>
                <TextEquiv>
                    <Unicode>Weihel und Grichtscheiibaß darzu dar</Unicode>
                </TextEquiv>
            </TextLine>
            <TextLine id="r2l33" custom="readingOrder {index:32;}">
                <Coords points="510,2697 963,2688 1208,2644 1322,2674 1428,2631 1423,2565 1308,2584 1257,2633 1011,2598 879,2655 830,2616 667,2612 598,2656 507,2656"/>
                <Baseline points="516,2691 561,2687 606,2683 651,2681 697,2677 742,2675 787,2673 832,2672 878,2669 923,2667 968,2664 1013,2662 1059,2660 1104,2657 1149,2654 1194,2651 1240,2648 1285,2644 1330,2638 1375,2633 1421,2627"/>
                <TextEquiv>
                    <Unicode>ordnet, und bestalliget worden sind, mit</Unicode>
                </TextEquiv>
            </TextLine>
            <TextLine id="r2l34" custom="readingOrder {index:33;}">
                <Coords points="492,2786 600,2745 789,2768 1044,2726 1178,2766 1455,2691 1453,2663 1342,2655 1296,2684 1201,2651 1049,2694 1008,2662 966,2694 665,2678 487,2710"/>
                <Baseline points="497,2762 544,2757 592,2752 639,2748 687,2745 734,2742 782,2739 829,2738 877,2736 924,2733 972,2732 1020,2729 1067,2727 1115,2724 1162,2721 1210,2717 1257,2713 1305,2708 1352,2701 1400,2694 1448,2685"/>
                <TextEquiv>
                    <Unicode>dem Brunlch, denselben über sachen, darin</Unicode>
                </TextEquiv>
            </TextLine>
            <TextLine id="r2l35" custom="readingOrder {index:34;}">
                <Coords points="506,2837 645,2857 711,2813 823,2806 911,2843 958,2808 1124,2792 1247,2823 1295,2775 1349,2809 1451,2761 1448,2707 1185,2771 1046,2726 989,2771 914,2735 845,2778 730,2739 503,2787"/>
                <Baseline points="512,2828 558,2823 605,2817 651,2814 698,2811 745,2808 791,2805 838,2803 885,2801 931,2798 978,2796 1025,2795 1071,2792 1118,2790 1165,2787 1211,2783 1258,2780 1305,2775 1351,2770 1398,2764 1445,2757"/>
                <TextEquiv>
                    <Unicode>halb Er Kendachtig mit allem Ernst zube¬</Unicode>
                </TextEquiv>
            </TextLine>
            <TextLine id="r2l36" custom="readingOrder {index:35;}">
                <Coords points="509,2904 596,2915 788,2865 841,2889 952,2866 1012,2898 1075,2861 1122,2881 1205,2855 1268,2896 1438,2839 1434,2771 1345,2817 1119,2793 1036,2835 796,2810 721,2815 676,2859 545,2825 506,2855"/>
                <Baseline points="516,2895 561,2889 607,2884 653,2880 699,2877 744,2875 790,2872 836,2870 882,2868 927,2867 973,2865 1019,2864 1065,2862 1110,2860 1156,2857 1202,2854 1248,2850 1293,2847 1339,2842 1385,2836 1431,2829"/>
                <TextEquiv>
                    <Unicode>fragen und im fahl er mit der sprach nit</Unicode>
                </TextEquiv>
            </TextLine>
            <TextLine id="r2l37" custom="readingOrder {index:36;}">
                <Coords points="504,2977 639,2990 786,2938 1123,2950 1337,2914 1373,2943 1440,2901 1438,2865 1257,2898 1207,2853 1145,2903 1034,2881 1005,2908 952,2867 910,2890 874,2866 767,2929 688,2881 501,2929"/>
                <Baseline points="510,2963 556,2958 602,2955 648,2952 694,2948 741,2946 787,2943 833,2940 879,2939 925,2936 972,2934 1018,2931 1064,2928 1110,2926 1156,2922 1203,2919 1249,2915 1295,2912 1341,2908 1387,2903 1434,2898"/>
                <TextEquiv>
                    <Unicode>recht herauß welte, Inn mit fernerur</Unicode>
                </TextEquiv>
            </TextLine>
            <TextLine id="r2l38" custom="readingOrder {index:37;}">
                <Coords points="507,3037 696,3057 864,3012 914,3038 973,3003 1094,3037 1150,2993 1213,3016 1414,2974 1412,2930 1338,2914 1198,2976 1144,2938 1068,2963 1007,2931 850,2973 786,2940 647,2995 544,2970 504,2994"/>
                <Baseline points="513,3029 557,3024 602,3021 647,3018 691,3016 736,3013 781,3011 825,3009 870,3006 915,3005 960,3003 1004,3001 1049,2999 1094,2996 1138,2994 1183,2990 1228,2988 1272,2984 1317,2980 1362,2976 1407,2970"/>
                <TextEquiv>
                    <Unicode>straff zu betruwden, auch seinen binder</Unicode>
                </TextEquiv>
            </TextLine>
            <TextLine id="r2l39" custom="readingOrder {index:38;}">
                <Coords points="837,3100 982,3070 1031,3103 1096,3071 1158,3103 1208,3098 1275,3049 1347,3077 1403,3039 1451,3051 1445,2977 1401,2976 1363,3017 1274,2986 1222,3028 1151,2994 1090,3039 973,3004 938,3038 879,3011 831,3028"/>
                <Baseline points="842,3080 872,3077 902,3074 932,3073 962,3070 992,3069 1022,3068 1052,3066 1082,3066 1112,3063 1142,3062 1172,3061 1202,3059 1232,3057 1262,3054 1292,3051 1322,3048 1352,3044 1382,3039 1412,3034 1442,3029"/>
                <TextEquiv>
                    <Unicode>der wegen vehaltung etw</Unicode>
                </TextEquiv>
            </TextLine>
            <TextLine id="r2l40" custom="readingOrder {index:39;}">
                <Coords points="504,3112 537,3096 545,3101 577,3090 607,3096 677,3079 708,3099 731,3098 726,3036 695,3058 649,3050 606,3027 575,3030 564,3044 499,3040"/>
                <Baseline points="509,3090 535,3089 562,3087 588,3086 615,3084 642,3081 668,3078 695,3077 722,3074"/>
                <TextEquiv>
                    <Unicode>Fuderich</Unicode>
                </TextEquiv>
            </TextLine>
            <TextLine id="r2l41" custom="readingOrder {index:40;}">
                <Coords points="518,3214 587,3168 707,3180 859,3135 968,3139 1011,3174 1073,3149 1120,3173 1217,3124 1270,3152 1380,3137 1460,3112 1456,3048 1363,3081 1276,3048 1186,3104 1041,3106 983,3069 841,3112 675,3079 587,3124 511,3104"/>
                <Baseline points="522,3170 568,3163 615,3156 661,3152 708,3147 754,3144 801,3141 847,3138 894,3135 940,3134 987,3132 1033,3130 1080,3128 1126,3126 1173,3123 1219,3122 1266,3117 1312,3114 1359,3110 1405,3105 1452,3099"/>
                <TextEquiv>
                    <Unicode>cher haißtnren u nit grringem verdacht ist</Unicode>
                </TextEquiv>
            </TextLine>
            <TextLine id="r2l42" custom="readingOrder {index:41;}">
                <Coords points="514,3249 600,3225 752,3267 941,3200 1132,3237 1166,3208 1253,3237 1299,3202 1345,3228 1387,3186 1424,3212 1480,3182 1475,3097 1314,3159 1217,3124 1119,3176 670,3164 511,3206"/>
                <Baseline points="519,3234 566,3228 614,3223 661,3219 709,3215 757,3212 804,3209 852,3206 900,3204 947,3202 995,3200 1043,3198 1090,3196 1138,3194 1186,3192 1233,3189 1281,3185 1329,3181 1376,3178 1424,3172 1472,3167"/>
                <TextEquiv>
                    <Unicode>und deßwegen auch in der gefangenschaft sch</Unicode>
                </TextEquiv>
            </TextLine>
            <TextLine id="r2l43" custom="readingOrder {index:42;}">
                <Coords points="519,3304 682,3298 757,3331 809,3291 976,3307 1048,3270 1126,3296 1243,3267 1387,3287 1446,3214 1400,3193 1254,3238 1173,3211 1135,3240 945,3200 747,3270 582,3230 515,3249"/>
                <Baseline points="525,3305 570,3299 616,3296 662,3293 708,3290 753,3288 799,3285 845,3283 891,3281 936,3279 982,3277 1028,3275 1074,3273 1119,3270 1165,3267 1211,3264 1257,3260 1302,3256 1348,3250 1394,3245 1440,3237"/>
                <TextEquiv>
                    <Unicode>ebenmeßig zu und zustoßen, und dahin zu</Unicode>
                </TextEquiv>
            </TextLine>
            <TextLine id="r2l44" custom="readingOrder {index:43;}">
                <Coords points="509,3385 657,3398 1009,3342 1070,3376 1122,3331 1211,3360 1236,3331 1451,3306 1439,3239 1384,3289 1253,3266 1101,3303 1048,3269 1004,3312 951,3290 829,3341 680,3297 628,3339 504,3313"/>
                <Baseline points="516,3375 562,3372 608,3369 655,3365 701,3363 747,3361 794,3358 840,3356 886,3354 933,3351 979,3348 1025,3346 1072,3342 1118,3338 1164,3334 1211,3330 1257,3326 1303,3321 1350,3315 1396,3308 1443,3300"/>
                <TextEquiv>
                    <Unicode>vermahnen, wann zum von seines Bruders</Unicode>
                </TextEquiv>
            </TextLine>
            <TextLine id="r2l45" custom="readingOrder {index:44;}">
                <Coords points="499,3472 726,3434 1084,3446 1274,3405 1304,3430 1492,3378 1482,3294 1347,3356 1197,3364 1120,3331 1015,3387 957,3355 708,3411 493,3381"/>
                <Baseline points="504,3447 553,3442 602,3438 651,3434 700,3430 749,3426 798,3424 847,3422 896,3420 945,3417 994,3414 1043,3413 1092,3408 1141,3406 1190,3402 1239,3397 1288,3391 1337,3386 1386,3379 1435,3371 1485,3362"/>
                <TextEquiv>
                    <Unicode>schüffen ein mehrers bekant und solche nit ale</Unicode>
                </TextEquiv>
            </TextLine>
            <TextEquiv>
                <Unicode>ein wollen, Ist Er nach ergangenem Rahts¬
beuelch zur siherer verwahrung in gusan¬
ganschatt geführt worden.
volgenden tags alß neimtoghl herren landt
vogt Siychenar herr Großweibel Rieiger
und herren tringe sahschreiber Geiß benelch
nnt worden, sein hanß zu durchsuchen, gitt
zunn an seinen bruder Heidnrich den Kalbine
ein gndeli gegeben, daß er die junigen
schriffen, so er hinder sich habe, den herren
einhändigen solle, und sind etliche daselben
dder inderm auhi in einem schattlist der
Naührin andern dann im Oberm tunli n
der dem Janssküßi Zwey Sucher dann
von seiner ingnen hand zwüschen den stetlen
verstenkt gewesen. 6 Weil sy das vnse¬
mahl nichts haben finden konnen, auch ni¬
nd nut hatt herfurgen wollen.
Nachdem nun Nemmughen solcher far
richtung halb relation gethann worden
habend dieselben, weilen den Horhanden
ammbstand zun gefahrlicher verständtnns
zundächtig machend, nöhtig naachint mhrr
den Zuemurin anzubemehlen, im Jahr
Heerin auß s g mittel zu exammnaldin
zuverordnen In ratt deßen meine soch
und volgeahrte samen hr rahlogen von
blach h ocahubh Güder herren alt landt-
Vögt Stengr und herren alt landtvogt und
Bire
Gbürster handt zr a Dinnann herren Grß
Weihel und Grichtscheiibaß darzu dar
ordnet, und bestalliget worden sind, mit
dem Brunlch, denselben über sachen, darin
halb Er Kendachtig mit allem Ernst zube¬
fragen und im fahl er mit der sprach nit
recht herauß welte, Inn mit fernerur
straff zu betruwden, auch seinen binder
der wegen vehaltung etw
Fuderich
cher haißtnren u nit grringem verdacht ist
und deßwegen auch in der gefangenschaft sch
ebenmeßig zu und zustoßen, und dahin zu
vermahnen, wann zum von seines Bruders
schüffen ein mehrers bekant und solche nit ale</Unicode>
            </TextEquiv>
        </TextRegion>
        <TextRegion orientation="0.0" id="r3" custom="readingOrder {index:2;}">
            <Coords points="1775,352 1775,3485 2877,3485 2877,352"/>
            <TextLine id="r3l1" custom="readingOrder {index:0;}">
                <Coords points="2758,423 2766,422 2774,425 2789,421 2769,310 2755,316 2739,317"/>
                <Baseline points="2757,384 2775,381"/>
                <TextEquiv>
                    <Unicode>9</Unicode>
                </TextEquiv>
            </TextLine>
            <TextLine id="r3l2" custom="readingOrder {index:1;}">
                <Coords points="1788,655 1954,645 2081,587 2178,620 2338,551 2392,585 2427,549 2520,576 2721,518 2753,539 2858,512 2852,454 2778,452 2728,497 2201,491 2038,526 1971,580 1878,547 1777,571"/>
                <Baseline points="1793,642 1848,631 1904,621 1960,611 2015,601 2071,592 2127,583 2183,575 2238,566 2294,559 2350,552 2406,545 2461,539 2517,532 2573,527 2629,522 2684,517 2740,513 2796,509 2852,506"/>
                <TextEquiv>
                    <Unicode>herkongegeben, eb fngwillig anzuzingen Ime</Unicode>
                </TextEquiv>
            </TextLine>
            <TextLine id="r3l3" custom="readingOrder {index:2;}">
                <Coords points="1769,719 2168,646 2206,664 2429,626 2542,651 2637,605 2631,559 2411,589 2339,550 2299,594 2238,585 2189,620 2082,587 1984,608 1953,649 1763,675"/>
                <Baseline points="1775,713 1817,703 1860,692 1902,684 1945,677 1988,670 2030,662 2073,656 2115,650 2158,644 2201,639 2243,634 2286,628 2328,623 2371,618 2414,613 2456,607 2499,602 2541,595 2584,588 2627,581"/>
                <TextEquiv>
                    <Unicode>dardurch vor Bernerum zuhmen zusem.</Unicode>
                </TextEquiv>
            </TextLine>
            <TextLine id="r3l4" custom="readingOrder {index:3;}">
                <Coords points="2069,761 2218,759 2235,741 2266,741 2291,715 2321,719 2353,703 2343,637 2317,637 2278,660 2230,645 2208,665 2185,664 2167,684 2120,696 2088,685 2061,703"/>
                <Baseline points="2072,734 2099,730 2126,726 2153,721 2181,717 2208,712 2235,708 2263,703 2290,700 2317,698 2345,695"/>
                <TextEquiv>
                    <Unicode>den 31. octobris.</Unicode>
                </TextEquiv>
            </TextLine>
            <TextLine id="r3l5" custom="readingOrder {index:4;}">
                <Coords points="1785,917 1854,885 1934,910 1988,864 2092,891 2204,836 2463,798 2634,824 2746,761 2835,758 2829,704 2747,731 2670,706 2600,762 2447,712 2215,790 2015,770 1772,824"/>
                <Baseline points="1790,899 1844,889 1899,879 1954,869 2008,861 2063,852 2118,845 2172,838 2227,832 2282,824 2336,817 2391,810 2446,804 2500,797 2555,790 2610,783 2664,776 2719,767 2774,759 2829,750"/>
                <TextEquiv>
                    <Unicode>In volgleisung deßen habend nemmhoch- und</Unicode>
                </TextEquiv>
            </TextLine>
            <TextLine id="r3l6" custom="readingOrder {index:5;}">
                <Coords points="1800,975 1959,989 2113,916 2215,951 2248,907 2334,917 2418,877 2546,904 2616,856 2674,877 2821,827 2813,769 2740,772 2693,818 2492,805 2420,861 2282,828 2169,890 1987,865 1898,928 1791,909"/>
                <Baseline points="1806,963 1856,954 1906,946 1957,938 2007,930 2057,923 2108,917 2158,909 2208,904 2259,897 2309,891 2359,885 2410,879 2460,872 2510,865 2561,858 2611,851 2661,843 2712,834 2762,826 2813,816"/>
                <TextEquiv>
                    <Unicode>volgeehrte herren hülligen morgumb sich in</Unicode>
                </TextEquiv>
            </TextLine>
            <TextLine id="r3l7" custom="readingOrder {index:6;}">
                <Coords points="1807,1066 2176,972 2325,999 2699,907 2885,908 2851,809 2543,907 2468,874 2288,901 2217,952 2075,927 1962,989 1795,977"/>
                <Baseline points="1809,1031 1862,1021 1915,1012 1968,1004 2021,998 2075,990 2128,984 2181,977 2234,972 2287,966 2341,960 2394,953 2447,947 2500,940 2553,934 2607,925 2660,917 2713,907 2766,897 2819,885 2873,873"/>
                <TextEquiv>
                    <Unicode>sie gefangenschatt mrug und den bndrlich zung</Unicode>
                </TextEquiv>
            </TextLine>
            <TextLine id="r3l8" custom="readingOrder {index:7;}">
                <Coords points="1803,1102 1979,1121 2063,1061 2196,1087 2249,1038 2448,1050 2801,969 2806,922 2700,907 2608,969 2383,965 2261,1022 2073,990 1965,1053 1800,1084"/>
                <Baseline points="1809,1100 1858,1091 1908,1081 1958,1073 2008,1065 2057,1058 2107,1053 2157,1048 2207,1041 2256,1037 2306,1031 2356,1026 2406,1020 2455,1015 2505,1009 2555,1003 2605,997 2654,990 2704,981 2754,972 2804,962"/>
                <TextEquiv>
                    <Unicode>nachdem er zudaderst ernstlich erinnernt und</Unicode>
                </TextEquiv>
            </TextLine>
            <TextLine id="r3l9" custom="readingOrder {index:8;} person {offset:13; length:15;}">
                <Coords points="1797,1180 2144,1134 2170,1103 2758,1079 2821,1050 2812,971 2733,1018 2668,987 2597,1040 2481,1023 2429,1059 2376,1023 2237,1045 2195,1087 2064,1062 1980,1119 1789,1108"/>
                <Baseline points="1802,1161 1852,1153 1903,1145 1953,1139 2004,1132 2054,1125 2105,1119 2155,1113 2206,1108 2256,1102 2307,1098 2358,1092 2408,1088 2459,1083 2509,1077 2560,1071 2610,1066 2661,1061 2711,1053 2762,1046 2813,1038"/>
                <TextEquiv>
                    <Unicode>Vermahn Worde, Gott dem Herren din ehr</Unicode>
                </TextEquiv>
            </TextLine>
            <TextLine id="r3l10" custom="readingOrder {index:9;}">
                <Coords points="1797,1267 2068,1180 2235,1175 2310,1210 2374,1155 2646,1124 2727,1147 2798,1115 2792,1062 2493,1122 2405,1090 2165,1142 2115,1117 1970,1184 1908,1158 1789,1196"/>
                <Baseline points="1799,1227 1848,1218 1898,1209 1947,1202 1997,1196 2046,1189 2096,1183 2145,1177 2195,1172 2244,1167 2294,1161 2343,1156 2393,1151 2442,1145 2492,1140 2541,1134 2591,1129 2640,1122 2690,1114 2739,1108 2789,1100"/>
                <TextEquiv>
                    <Unicode>zugeben die warheit zu bekennen und auß</Unicode>
                </TextEquiv>
            </TextLine>
            <TextLine id="r3l11" custom="readingOrder {index:10;} place {offset:7; length:10;}">
                <Coords points="1803,1298 1941,1303 2114,1247 2248,1271 2393,1214 2575,1234 2654,1188 2834,1179 2830,1144 2644,1124 2402,1198 2352,1173 2309,1210 2079,1178 1957,1245 1799,1270"/>
                <Baseline points="1808,1286 1858,1278 1909,1271 1960,1264 2011,1257 2062,1251 2113,1246 2163,1240 2214,1235 2265,1230 2316,1224 2367,1219 2418,1213 2469,1208 2519,1203 2570,1197 2621,1192 2672,1185 2723,1178 2774,1172 2825,1164"/>
                <TextEquiv>
                    <Unicode>nmbe zem Ballerland da mihus zuzerzalen</Unicode>
                </TextEquiv>
            </TextLine>
            <TextLine id="r3l12" custom="readingOrder {index:11;}">
                <Coords points="1805,1386 2097,1309 2187,1336 2354,1282 2459,1300 2832,1242 2857,1196 2750,1218 2652,1188 2578,1237 2392,1213 2344,1258 2188,1254 2150,1287 2038,1256 1946,1306 1795,1297"/>
                <Baseline points="1808,1346 1860,1337 1912,1330 1964,1323 2016,1317 2069,1312 2121,1307 2173,1301 2225,1298 2277,1293 2330,1287 2382,1283 2434,1278 2486,1272 2538,1268 2591,1261 2643,1254 2695,1248 2747,1241 2799,1231 2852,1221"/>
                <TextEquiv>
                    <Unicode>und sich alß in ein großer unglüet mit seimem</Unicode>
                </TextEquiv>
            </TextLine>
            <TextLine id="r3l13" custom="readingOrder {index:12;}">
                <Coords points="2018,1354 2031,1349 2053,1366 2065,1351 2072,1356 2085,1349 2088,1351 2094,1345 2111,1350 2123,1347 2120,1321 2108,1325 2095,1323 2090,1328 2078,1318 2067,1322 2059,1317 2049,1327 2046,1324 2037,1328 2027,1337 2016,1334"/>
                <Baseline points="2024,1352 2054,1348 2084,1344 2115,1344"/>
                <TextEquiv>
                    <Unicode>g</Unicode>
                </TextEquiv>
            </TextLine>
            <TextLine id="r3l14" custom="readingOrder {index:13;}">
                <Coords points="1802,1416 2038,1427 2172,1377 2270,1408 2489,1336 2629,1364 2827,1317 2850,1232 2763,1237 2669,1302 2540,1271 2158,1351 1797,1361"/>
                <Baseline points="1808,1403 1860,1399 1912,1393 1964,1389 2016,1385 2068,1379 2120,1374 2172,1370 2224,1365 2276,1360 2329,1355 2381,1349 2433,1344 2485,1339 2537,1334 2589,1328 2641,1323 2693,1317 2745,1311 2797,1306 2850,1299"/>
                <TextEquiv>
                    <Unicode>bruder zusmezen, zu est bebragt, War</Unicode>
                </TextEquiv>
            </TextLine>
            <TextLine id="r3l15" custom="readingOrder {index:14;}">
                <Coords points="1803,1478 1835,1458 1901,1509 2017,1449 2379,1411 2466,1450 2541,1402 2860,1371 2855,1326 2787,1307 2737,1356 2675,1328 2539,1382 2472,1349 2358,1355 2279,1403 2146,1378 2005,1436 1886,1395 1797,1416"/>
                <Baseline points="1809,1464 1861,1461 1913,1457 1965,1452 2017,1448 2069,1443 2121,1439 2174,1435 2226,1430 2278,1425 2330,1420 2382,1415 2434,1410 2486,1404 2539,1398 2591,1392 2643,1386 2695,1379 2747,1371 2799,1364 2852,1356"/>
                <TextEquiv>
                    <Unicode>e von seine siuders sachen wüße gad</Unicode>
                </TextEquiv>
            </TextLine>
            <TextLine id="r3l16" custom="readingOrder {index:15;}">
                <Coords points="1795,1548 2037,1559 2081,1512 2121,1540 2239,1485 2331,1519 2649,1444 2752,1473 2839,1390 2699,1417 2606,1391 2466,1451 2064,1444 1903,1508 1785,1467"/>
                <Baseline points="1800,1539 1851,1533 1903,1527 1955,1521 2007,1517 2058,1511 2110,1506 2162,1500 2214,1496 2265,1489 2317,1485 2369,1478 2421,1472 2472,1467 2524,1460 2576,1453 2628,1446 2679,1439 2731,1431 2783,1422 2835,1413"/>
                <TextEquiv>
                    <Unicode>Worumb er sich derselben theilhattig ge</Unicode>
                </TextEquiv>
            </TextLine>
            <TextLine id="r3l17" custom="readingOrder {index:16;}">
                <Coords points="1816,1615 2336,1560 2474,1588 2580,1527 2668,1544 2845,1498 2837,1420 2748,1472 2652,1446 2588,1508 2512,1472 2315,1538 2198,1497 2118,1540 2083,1513 2030,1567 1934,1533 1812,1573"/>
                <Baseline points="1821,1596 1871,1594 1922,1592 1973,1588 2024,1584 2075,1581 2125,1576 2176,1572 2227,1568 2278,1563 2329,1557 2379,1553 2430,1547 2481,1540 2532,1535 2583,1527 2633,1520 2684,1513 2735,1505 2786,1497 2837,1488"/>
                <TextEquiv>
                    <Unicode>nachtetc. Darüber er sich dahin mntschuldig</Unicode>
                </TextEquiv>
            </TextLine>
            <TextLine id="r3l18" custom="readingOrder {index:17;}">
                <Coords points="1794,1700 1876,1651 1950,1697 2131,1638 2266,1669 2317,1624 2541,1646 2697,1594 2750,1618 2850,1578 2845,1526 2724,1562 2549,1539 2418,1600 2363,1560 2134,1625 2072,1584 1787,1631"/>
                <Baseline points="1797,1667 1849,1664 1901,1661 1953,1656 2006,1653 2058,1649 2110,1644 2163,1640 2215,1635 2267,1631 2320,1626 2372,1621 2424,1616 2476,1610 2529,1604 2581,1598 2633,1592 2686,1586 2738,1580 2790,1572 2843,1565"/>
                <TextEquiv>
                    <Unicode>get, das es von seines binderis sachen gar</Unicode>
                </TextEquiv>
            </TextLine>
            <TextLine id="r3l19" custom="readingOrder {index:18;}">
                <Coords points="1795,1742 1949,1720 2022,1751 2090,1709 2522,1681 2749,1711 2869,1661 2865,1617 2683,1644 2637,1605 2541,1646 2401,1622 2353,1667 2134,1638 2030,1696 1839,1662 1792,1698"/>
                <Baseline points="1800,1731 1853,1727 1906,1723 1959,1719 2012,1715 2065,1710 2118,1707 2171,1703 2224,1699 2277,1695 2330,1692 2383,1688 2436,1685 2489,1682 2542,1678 2595,1674 2648,1669 2701,1665 2754,1662 2807,1657 2861,1652"/>
                <TextEquiv>
                    <Unicode>nit lnße und sege die sach also hergegan¬</Unicode>
                </TextEquiv>
            </TextLine>
            <TextLine id="r3l20" custom="readingOrder {index:19;}">
                <Coords points="2087,1752 2141,1755 2155,1743 2185,1741 2218,1749 2229,1737 2248,1748 2267,1739 2307,1742 2334,1730 2332,1699 2277,1710 2258,1705 2230,1725 2204,1724 2155,1701 2147,1709 2132,1699 2114,1714 2084,1710"/>
                <Baseline points="2093,1748 2119,1745 2145,1742 2171,1740 2197,1738 2223,1736 2249,1736 2275,1734 2301,1733 2327,1731"/>
                <TextEquiv>
                    <Unicode>artihnun</Unicode>
                </TextEquiv>
            </TextLine>
            <TextLine id="r3l21" custom="readingOrder {index:20;}">
                <Coords points="1797,1846 1869,1803 1958,1824 2101,1786 2209,1816 2266,1773 2340,1808 2396,1759 2662,1781 2761,1726 2873,1736 2850,1684 2715,1720 2453,1687 2307,1743 1791,1774"/>
                <Baseline points="1800,1803 1853,1800 1906,1796 1959,1793 2012,1789 2066,1785 2119,1781 2172,1778 2225,1773 2278,1770 2332,1767 2385,1762 2438,1758 2491,1755 2544,1749 2598,1745 2651,1740 2704,1737 2757,1731 2810,1726 2864,1721"/>
                <TextEquiv>
                    <Unicode>gen, daß müftiger zintags nachts ein</Unicode>
                </TextEquiv>
            </TextLine>
            <TextLine id="r3l22" custom="readingOrder {index:21;}">
                <Coords points="1800,1904 1915,1862 2190,1847 2259,1888 2873,1803 2869,1752 2764,1725 2623,1796 2383,1816 2274,1781 2153,1818 2018,1791 1895,1843 1843,1807 1796,1846"/>
                <Baseline points="1805,1869 1860,1864 1916,1861 1972,1856 2027,1853 2083,1849 2139,1845 2195,1843 2250,1840 2306,1836 2362,1834 2418,1830 2473,1826 2529,1823 2585,1818 2641,1812 2696,1807 2752,1801 2808,1794 2864,1787"/>
                <TextEquiv>
                    <Unicode>ohnbekante magd zu zum komen, mil der</Unicode>
                </TextEquiv>
            </TextLine>
            <TextLine id="r3l23" custom="readingOrder {index:22;}">
                <Coords points="1804,1956 2028,1963 2092,1925 2125,1948 2352,1909 2406,1945 2560,1900 2640,1927 2688,1888 2832,1873 2829,1830 2646,1862 2580,1827 2432,1885 1907,1863 1801,1910"/>
                <Baseline points="1809,1935 1859,1932 1910,1930 1961,1928 2012,1925 2063,1923 2113,1920 2164,1919 2215,1916 2266,1913 2317,1911 2367,1908 2418,1905 2469,1902 2520,1899 2571,1894 2621,1889 2672,1884 2723,1878 2774,1871 2825,1863"/>
                <TextEquiv>
                    <Unicode>melden, Erseye en junger Kerzt der</Unicode>
                </TextEquiv>
            </TextLine>
            <TextLine id="r3l24" custom="readingOrder {index:23;}">
                <Coords points="1801,2046 2014,2035 2104,1993 2842,1961 2870,1918 2704,1889 2601,1950 2456,1916 2410,1951 2351,1909 1797,1969"/>
                <Baseline points="1805,2001 1860,1998 1916,1997 1972,1995 2027,1994 2083,1992 2139,1991 2195,1988 2250,1986 2306,1984 2362,1982 2418,1979 2473,1976 2529,1971 2585,1967 2641,1963 2696,1957 2752,1952 2808,1945 2864,1937"/>
                <TextEquiv>
                    <Unicode>gefangenschatt, der Verlangn mit zum</Unicode>
                </TextEquiv>
            </TextLine>
            <TextLine id="r3l25" custom="readingOrder {index:24;}">
                <Coords points="1783,2116 1848,2068 2098,2098 2175,2057 2375,2052 2439,2091 2586,2041 2669,2068 2754,2019 2876,2032 2873,1987 2804,1949 2733,1999 2644,1979 2548,2023 2233,1992 1924,2043 1778,2023"/>
                <Baseline points="1787,2066 1841,2066 1895,2064 1949,2063 2003,2061 2057,2060 2111,2058 2165,2057 2219,2054 2273,2052 2327,2049 2381,2047 2435,2043 2489,2040 2543,2037 2597,2033 2651,2029 2705,2024 2759,2019 2813,2015 2867,2010"/>
                <TextEquiv>
                    <Unicode>zuenden, dßs welchens ar sich dahin bet</Unicode>
                </TextEquiv>
            </TextLine>
            <TextLine id="r3l26" custom="readingOrder {index:25;}">
                <Coords points="1803,2148 1973,2124 2129,2162 2224,2125 2274,2154 2319,2119 2433,2145 2697,2092 2754,2124 2872,2049 2775,2033 2495,2091 2279,2056 2214,2093 2169,2062 2106,2098 2053,2061 2011,2101 1845,2068 1800,2102"/>
                <Baseline points="1808,2129 1863,2127 1919,2124 1975,2123 2030,2121 2086,2120 2142,2118 2198,2117 2253,2114 2309,2112 2365,2111 2421,2109 2476,2106 2532,2103 2588,2100 2644,2096 2699,2091 2755,2086 2811,2080 2867,2075"/>
                <TextEquiv>
                    <Unicode>fugt, da habe zun sein ander em gede</Unicode>
                </TextEquiv>
            </TextLine>
            <TextLine id="r3l27" custom="readingOrder {index:26;}">
                <Coords points="1816,2215 2036,2190 2147,2231 2194,2183 2447,2209 2602,2164 2672,2193 2790,2146 2877,2156 2875,2102 2812,2083 2753,2123 2700,2093 2600,2149 2471,2127 2399,2157 2346,2126 2132,2164 1986,2125 1883,2164 1812,2139"/>
                <Baseline points="1821,2190 1873,2190 1925,2190 1978,2190 2030,2189 2083,2187 2135,2187 2188,2186 2240,2184 2293,2181 2345,2180 2397,2176 2450,2173 2502,2169 2555,2166 2607,2163 2660,2157 2712,2153 2765,2147 2817,2142 2870,2136"/>
                <TextEquiv>
                    <Unicode>ein hinander geworffen, daein enthalten</Unicode>
                </TextEquiv>
            </TextLine>
            <TextLine id="r3l28" custom="readingOrder {index:27;}">
                <Coords points="1811,2260 1866,2286 2078,2259 2113,2286 2245,2244 2285,2276 2413,2254 2475,2282 2599,2221 2776,2233 2764,2182 2589,2204 2531,2180 2500,2211 2311,2188 2122,2229 1809,2213"/>
                <Baseline points="1818,2256 1865,2256 1913,2256 1960,2255 2008,2255 2055,2253 2103,2252 2150,2250 2198,2249 2245,2246 2293,2244 2340,2241 2388,2239 2435,2235 2483,2232 2530,2229 2578,2226 2625,2222 2673,2219 2720,2216 2768,2211"/>
                <TextEquiv>
                    <Unicode>bahre, daß er die schriften in mune</Unicode>
                </TextEquiv>
            </TextLine>
            <TextLine id="r3l29" custom="readingOrder {index:28;} place {offset:11; length:6;}">
                <Coords points="1802,2343 2163,2307 2346,2347 2479,2295 2825,2296 2830,2233 2709,2224 2478,2280 2217,2246 2113,2286 1798,2265"/>
                <Baseline points="1808,2318 1858,2319 1909,2319 1960,2319 2011,2318 2062,2316 2113,2315 2163,2313 2214,2312 2265,2309 2316,2307 2367,2304 2418,2301 2469,2298 2519,2295 2570,2291 2621,2288 2672,2285 2723,2280 2774,2277 2825,2273"/>
                <TextEquiv>
                    <Unicode>Schachiel im Lüchel in einer schaffh</Unicode>
                </TextEquiv>
            </TextLine>
            <TextLine id="r3l30" custom="readingOrder {index:29;}">
                <Coords points="2450,2339 2484,2345 2495,2334 2515,2332 2533,2344 2555,2330 2583,2332 2604,2321 2616,2323 2614,2286 2571,2302 2544,2291 2518,2291 2507,2298 2495,2292 2447,2310"/>
                <Baseline points="2456,2327 2481,2323 2507,2321 2532,2319 2558,2316 2583,2316 2609,2315"/>
                <TextEquiv>
                    <Unicode>sigs</Unicode>
                </TextEquiv>
            </TextLine>
            <TextLine id="r3l31" custom="readingOrder {index:30;}">
                <Coords points="1801,2397 2827,2348 2825,2297 2753,2274 2531,2343 2176,2314 1799,2345"/>
                <Baseline points="1808,2385 1858,2384 1909,2382 1959,2381 2010,2379 2060,2378 2111,2376 2161,2374 2212,2373 2262,2370 2313,2369 2364,2366 2414,2364 2465,2361 2515,2358 2566,2355 2616,2350 2667,2346 2717,2342 2768,2336 2819,2331"/>
                <TextEquiv>
                    <Unicode>in der mauhs, Itum die land atan</Unicode>
                </TextEquiv>
            </TextLine>
            <TextLine id="r3l32" custom="readingOrder {index:31;}">
                <Coords points="1805,2455 1975,2435 2029,2470 2116,2428 2408,2470 2511,2421 2787,2397 2855,2435 2852,2362 2652,2338 2518,2402 2318,2370 1955,2383 1894,2420 1802,2397"/>
                <Baseline points="1811,2441 1862,2439 1914,2438 1966,2438 2018,2436 2069,2435 2121,2433 2173,2432 2225,2429 2276,2428 2328,2426 2380,2423 2432,2421 2483,2418 2535,2415 2587,2412 2639,2409 2690,2404 2742,2399 2794,2395 2846,2390"/>
                <TextEquiv>
                    <Unicode>Im oberten stulch under seinem Klindern</Unicode>
                </TextEquiv>
            </TextLine>
            <TextLine id="r3l33" custom="readingOrder {index:32;}">
                <Coords points="1822,2528 2091,2490 2346,2522 2449,2487 2699,2502 2798,2467 2829,2493 2865,2427 2789,2397 2695,2452 2406,2471 2287,2434 2241,2468 2086,2435 2043,2474 1819,2447"/>
                <Baseline points="1827,2502 1878,2500 1930,2499 1981,2498 2033,2496 2085,2495 2136,2493 2188,2493 2239,2491 2291,2490 2343,2489 2394,2487 2446,2486 2497,2484 2549,2482 2601,2480 2652,2477 2704,2474 2755,2469 2807,2466 2859,2462"/>
                <TextEquiv>
                    <Unicode>und zwey buchnr von seiner inane hand</Unicode>
                </TextEquiv>
            </TextLine>
            <TextLine id="r3l34" custom="readingOrder {index:33;}">
                <Coords points="1809,2603 2041,2551 2141,2584 2255,2549 2443,2593 2514,2546 2692,2570 2809,2532 2807,2466 2694,2509 2584,2480 2290,2533 2180,2500 2122,2535 1968,2506 1807,2532"/>
                <Baseline points="1815,2565 1864,2562 1913,2561 1963,2559 2012,2558 2061,2556 2111,2555 2160,2553 2209,2552 2259,2551 2308,2550 2357,2549 2407,2547 2456,2545 2505,2544 2555,2542 2604,2540 2653,2537 2703,2534 2752,2531 2802,2526"/>
                <TextEquiv>
                    <Unicode>geschriben in seinem stulli Im rrothark</Unicode>
                </TextEquiv>
            </TextLine>
            <TextLine id="r3l35" custom="readingOrder {index:34;}">
                <Coords points="1818,2664 2019,2625 2082,2660 2203,2620 2745,2637 2865,2600 2862,2524 2685,2592 2510,2548 2454,2600 2260,2549 2156,2595 2101,2566 2017,2602 1956,2562 1816,2610"/>
                <Baseline points="1824,2637 1875,2634 1927,2632 1979,2631 2030,2629 2082,2628 2134,2627 2185,2625 2237,2624 2289,2622 2341,2622 2392,2621 2444,2619 2496,2618 2547,2616 2599,2615 2651,2612 2702,2610 2754,2607 2806,2604 2858,2600"/>
                <TextEquiv>
                    <Unicode>also verwahren sölle, damit mann sy nit</Unicode>
                </TextEquiv>
            </TextLine>
            <TextLine id="r3l36" custom="readingOrder {index:35;} person {offset:30; length:5;}">
                <Coords points="1823,2702 2043,2693 2101,2728 2381,2688 2486,2727 2565,2684 2796,2703 2880,2671 2879,2626 2596,2647 2506,2617 2456,2656 2206,2615 2138,2670 1982,2679 1912,2641 1822,2671"/>
                <Baseline points="1830,2697 1882,2696 1934,2694 1986,2694 2038,2693 2090,2691 2142,2690 2195,2690 2247,2688 2299,2687 2351,2685 2403,2684 2455,2682 2507,2681 2560,2678 2612,2676 2664,2675 2716,2673 2768,2670 2820,2667 2873,2664"/>
                <TextEquiv>
                    <Unicode>enden wenn und darvon mit zum d catni gereden</Unicode>
                </TextEquiv>
            </TextLine>
            <TextLine id="r3l37" custom="readingOrder {index:36;}">
                <Coords points="1814,2792 2137,2772 2308,2807 2346,2769 2562,2756 2684,2795 2859,2739 2857,2701 2563,2703 2488,2744 2395,2695 2255,2694 2208,2727 1973,2710 1897,2762 1811,2710"/>
                <Baseline points="1820,2781 1871,2781 1923,2780 1974,2778 2026,2778 2078,2776 2129,2775 2181,2773 2232,2772 2284,2769 2336,2768 2387,2765 2439,2763 2490,2761 2542,2759 2594,2756 2645,2753 2697,2750 2748,2747 2800,2744 2852,2741"/>
                <TextEquiv>
                    <Unicode>uß befragen. Wo er dann solchens Gudeli</Unicode>
                </TextEquiv>
            </TextLine>
            <TextLine id="r3l38" custom="readingOrder {index:37;}">
                <Coords points="1832,2836 2186,2870 2356,2832 2459,2873 2553,2816 2618,2848 2677,2811 2730,2844 2884,2823 2880,2710 2683,2794 2558,2757 2342,2815 2269,2783 2149,2816 2023,2777 1830,2801"/>
                <Baseline points="1838,2835 1892,2837 1947,2837 2002,2837 2056,2837 2111,2837 2166,2835 2220,2834 2275,2832 2330,2830 2384,2828 2439,2825 2494,2822 2548,2820 2603,2817 2658,2813 2712,2811 2767,2808 2822,2805 2877,2802"/>
                <TextEquiv>
                    <Unicode>habe, halt er gesagt, das er solches also bald</Unicode>
                </TextEquiv>
            </TextLine>
            <TextLine id="r3l39" custom="readingOrder {index:38;}">
                <Coords points="1825,2928 1901,2895 2151,2932 2245,2892 2355,2894 2401,2933 2739,2875 2818,2898 2853,2852 2730,2863 2578,2812 2464,2874 2356,2831 2206,2875 2101,2837 1824,2845"/>
                <Baseline points="1832,2895 1882,2895 1933,2895 1984,2895 2034,2895 2085,2894 2136,2894 2186,2894 2237,2892 2288,2892 2339,2891 2389,2891 2440,2889 2491,2888 2541,2888 2592,2886 2643,2885 2693,2882 2744,2881 2795,2879 2846,2876"/>
                <TextEquiv>
                    <Unicode>verbrent habe, Weilen sein binder tum</Unicode>
                </TextEquiv>
            </TextLine>
            <TextLine id="r3l40" custom="readingOrder {index:39;} person {offset:7; length:6;}">
                <Coords points="1798,2979 1936,2948 2782,2980 2858,2919 2739,2876 2402,2933 2355,2895 2280,2918 2245,2892 2154,2933 2042,2906 1798,2939"/>
                <Baseline points="1805,2955 1857,2954 1909,2954 1962,2952 2014,2951 2066,2951 2119,2951 2171,2951 2223,2951 2276,2951 2328,2951 2380,2951 2433,2951 2485,2951 2537,2951 2590,2949 2642,2949 2694,2948 2747,2947 2799,2945 2852,2943"/>
                <TextEquiv>
                    <Unicode>ann auch Benohl, wann in selbigen ge¬</Unicode>
                </TextEquiv>
            </TextLine>
            <TextLine id="r3l41" custom="readingOrder {index:40;}">
                <Coords points="1816,3032 1917,3049 1958,3018 2037,3019 2109,3065 2205,3025 2286,3060 2336,3021 2589,3060 2652,3042 2652,2992 2541,2991 2483,2954 2433,2979 2250,2953 2197,2981 2021,2950 1965,2994 1877,2953 1816,2964"/>
                <Baseline points="1823,3015 1864,3015 1905,3015 1946,3015 1987,3015 2028,3015 2069,3015 2110,3015 2151,3015 2192,3014 2234,3014 2275,3014 2316,3014 2357,3014 2398,3012 2439,3014 2480,3014 2521,3014 2562,3015 2603,3016 2645,3018"/>
                <TextEquiv>
                    <Unicode>lesen, et alßbald zuverbrunnen.</Unicode>
                </TextEquiv>
            </TextLine>
            <TextLine id="r3l42" custom="readingOrder {index:41;}">
                <Coords points="1810,3122 1959,3098 2132,3135 2320,3113 2425,3152 2544,3119 2582,3147 2622,3108 2821,3101 2821,3015 2586,3082 2407,3038 2098,3086 1957,3017 1810,3061"/>
                <Baseline points="1817,3110 1866,3107 1916,3107 1966,3105 2016,3104 2066,3104 2116,3104 2165,3104 2215,3104 2265,3104 2315,3104 2365,3105 2415,3105 2465,3105 2514,3105 2564,3105 2614,3104 2664,3104 2714,3102 2764,3101 2814,3099"/>
                <TextEquiv>
                    <Unicode>Ob e solchem brnlch nachgegangen und</Unicode>
                </TextEquiv>
            </TextLine>
            <TextLine id="r3l43" custom="readingOrder {index:42;}">
                <Coords points="1809,3170 2735,3195 2877,3159 2878,3100 2499,3148 2260,3112 2087,3139 1959,3098 1809,3123"/>
                <Baseline points="1815,3168 1867,3165 1920,3162 1973,3159 2026,3159 2078,3158 2131,3159 2184,3159 2237,3161 2289,3162 2342,3164 2395,3165 2448,3166 2500,3167 2553,3168 2606,3168 2659,3167 2711,3165 2764,3163 2817,3158 2870,3153"/>
                <TextEquiv>
                    <Unicode>die schuffen andertwertig verwahrt, rhabe</Unicode>
                </TextEquiv>
            </TextLine>
            <TextLine id="r3l44" custom="readingOrder {index:43;}">
                <Coords points="1825,3244 1966,3214 2092,3258 2144,3214 2361,3251 2553,3221 2807,3242 2857,3215 2858,3172 2643,3204 2544,3168 2394,3202 2334,3161 2065,3161 2012,3200 1825,3171"/>
                <Baseline points="1832,3216 1882,3215 1933,3215 1984,3215 2035,3216 2086,3216 2137,3217 2188,3218 2239,3219 2290,3219 2341,3221 2391,3221 2442,3222 2493,3222 2544,3222 2595,3222 2646,3222 2697,3222 2748,3221 2799,3219 2850,3218"/>
                <TextEquiv>
                    <Unicode>zwar selbige visitiert auch beßer varwahn</Unicode>
                </TextEquiv>
            </TextLine>
            <TextLine id="r3l45" custom="readingOrder {index:44;}">
                <Coords points="1822,3294 1902,3320 1978,3284 2176,3307 2218,3280 2260,3309 2391,3278 2492,3329 2767,3275 2844,3299 2844,3239 2701,3222 2439,3263 2397,3226 2192,3246 2144,3215 2092,3256 1972,3212 1823,3245"/>
                <Baseline points="1829,3276 1879,3276 1929,3275 1980,3275 2030,3275 2081,3276 2131,3276 2181,3278 2232,3278 2282,3279 2333,3281 2383,3281 2433,3282 2484,3282 2534,3282 2585,3282 2635,3282 2685,3281 2736,3280 2786,3278 2837,3275"/>
                <TextEquiv>
                    <Unicode>run wollen, also er aber gesuchen. Vat ins</Unicode>
                </TextEquiv>
            </TextLine>
            <TextLine id="r3l46" custom="readingOrder {index:45;}">
                <Coords points="1826,3349 2451,3340 2630,3376 2703,3339 2844,3370 2854,3312 2805,3282 2678,3320 2615,3291 2505,3332 2392,3279 2243,3317 2015,3282 1902,3320 1827,3287"/>
                <Baseline points="1833,3336 1883,3336 1934,3338 1985,3338 2035,3338 2086,3339 2137,3339 2187,3341 2238,3341 2289,3341 2340,3342 2390,3342 2441,3342 2492,3344 2542,3344 2593,3344 2644,3344 2694,3343 2745,3342 2796,3342 2847,3341"/>
                <TextEquiv>
                    <Unicode>antreffen wolle, habe er selbige ladet</Unicode>
                </TextEquiv>
            </TextLine>
            <TextLine id="r3l47" custom="readingOrder {index:46;}">
                <Coords points="1819,3444 1928,3404 2019,3439 2139,3400 2639,3436 2836,3396 2836,3362 2506,3376 2450,3341 2304,3386 2069,3339 1819,3363"/>
                <Baseline points="1826,3404 1876,3402 1926,3402 1976,3402 2026,3402 2076,3402 2126,3402 2177,3404 2227,3404 2277,3404 2327,3405 2377,3405 2427,3405 2477,3405 2528,3405 2578,3404 2628,3403 2678,3401 2728,3399 2778,3396 2829,3393"/>
                <TextEquiv>
                    <Unicode>an Ir oit gethann, damit ia sich smumb</Unicode>
                </TextEquiv>
            </TextLine>
            <TextLine id="r3l48" custom="readingOrder {index:47;}">
                <Coords points="1823,3491 2051,3481 2090,3509 2139,3476 2325,3474 2641,3516 2840,3487 2840,3402 2736,3446 2275,3405 2108,3452 1934,3406 1823,3446"/>
                <Baseline points="1829,3470 1879,3470 1929,3468 1979,3468 2030,3468 2080,3468 2130,3468 2180,3468 2231,3470 2281,3470 2331,3470 2381,3471 2432,3471 2482,3471 2532,3471 2582,3471 2633,3471 2683,3470 2733,3470 2783,3468 2834,3467"/>
                <TextEquiv>
                    <Unicode>oruderen guld nit auch theillhattig mache</Unicode>
                </TextEquiv>
            </TextLine>
            <TextEquiv>
                <Unicode>9
herkongegeben, eb fngwillig anzuzingen Ime
dardurch vor Bernerum zuhmen zusem.
den 31. octobris.
In volgleisung deßen habend nemmhoch- und
volgeehrte herren hülligen morgumb sich in
sie gefangenschatt mrug und den bndrlich zung
nachdem er zudaderst ernstlich erinnernt und
Vermahn Worde, Gott dem Herren din ehr
zugeben die warheit zu bekennen und auß
nmbe zem Ballerland da mihus zuzerzalen
und sich alß in ein großer unglüet mit seimem
g
bruder zusmezen, zu est bebragt, War
e von seine siuders sachen wüße gad
Worumb er sich derselben theilhattig ge
nachtetc. Darüber er sich dahin mntschuldig
get, das es von seines binderis sachen gar
nit lnße und sege die sach also hergegan¬
artihnun
gen, daß müftiger zintags nachts ein
ohnbekante magd zu zum komen, mil der
melden, Erseye en junger Kerzt der
gefangenschatt, der Verlangn mit zum
zuenden, dßs welchens ar sich dahin bet
fugt, da habe zun sein ander em gede
ein hinander geworffen, daein enthalten
bahre, daß er die schriften in mune
Schachiel im Lüchel in einer schaffh
sigs
in der mauhs, Itum die land atan
Im oberten stulch under seinem Klindern
und zwey buchnr von seiner inane hand
geschriben in seinem stulli Im rrothark
also verwahren sölle, damit mann sy nit
enden wenn und darvon mit zum d catni gereden
uß befragen. Wo er dann solchens Gudeli
habe, halt er gesagt, das er solches also bald
verbrent habe, Weilen sein binder tum
ann auch Benohl, wann in selbigen ge¬
lesen, et alßbald zuverbrunnen.
Ob e solchem brnlch nachgegangen und
die schuffen andertwertig verwahrt, rhabe
zwar selbige visitiert auch beßer varwahn
run wollen, also er aber gesuchen. Vat ins
antreffen wolle, habe er selbige ladet
an Ir oit gethann, damit ia sich smumb
oruderen guld nit auch theillhattig mache</Unicode>
            </TextEquiv>
        </TextRegion>
    </Page>
</PcGts>
