3024 4032
417 515 530 607 201.
641 568 1566 710 von Haußgangen, seye aber allingen
650 647 1518 765 Weilen er nit weit darvon rucht gesuchen
650 707 1527 824 oder sonsten etwas gehört, sacton ab
651 768 1560 890 gestanden und also dariton versört worden.
630 843 1554 973 ans erstemah seine gewusen vor zwegen
640 923 1544 1021 jahren in der inzeren hinder Hhorburg
643 977 1058 1089 uff einer weyd.
634 1045 1514 1176 Dacs 2 3 und 4r mahl seye gewesen
562 1117 1469 1239 lest vergangnnen kaustagen in einer
630 1190 1058 1288 Weyd 69 Rutllin
624 1251 1538 1374 Acs 5te mahl aber habe er die thal
639 1336 1530 1443 kinder würcklichen mit einer brannen
645 1394 1565 1509 Rutten, so sennes nrachtnns dem Schaffen
629 1459 1518 1587 zu Rtutllen zugehörig und er mit i
638 1524 1506 1649 nun Seil an den guhn angebunden
636 1600 1536 1706 letst gernangnum kaußtagen morgens
637 1672 1509 1751 umb 6 uhren n der gumeinen dend
637 1715 1499 1829 obenthalb stülllen gerübt und soll
629 1781 1512 1895 bracht. Welches aber zum von grund
608 1850 1481 1950 seines derzens und seyn und Palle
611 1919 1500 2017 Roll den Burren, ein oche Oberkeit
635 1986 1513 2088 und indermännigklichen longng solcher
616 2051 1481 2163 begangnnnr abschenlichen sund und
626 2106 1461 2230 aser umb verzeichung, und umb
598 2174 1546 2295 ii gnädige gatheil Acte 9. julii i
792 2484 1357 2603 riminal Process.
913 2627 1044 2703 dur
678 2696 1246 2811 Joggi Locher
581 2898 1525 3043 Vnder anderen gesatzen, Wede
587 2990 1514 3087 Gott der Kurr alß der Oberste Gu¬
588 3051 1494 3173 sazguber vor zeiten seinem volck
581 3116 1534 3227 Trael durch mögen hatt verkundigen
596 3183 1565 3303 und uffgeihung laßen wirt auch eines
590 3240 1548 3369 gefünden von dem sßaz, wie solche
583 3316 1533 3438 gulesem virt dottici cap 13 v 45f.
2824 441 2943 531 202
1900 510 2872 703 ser ußsatzig aber an Machem das
1888 601 2931 752 Maar ist solt zerrißene neider haben
1899 659 2935 846 und sein kaupt soll bloß sen und soll
1894 722 2886 882 Ien oberen lafftzen verhullen und
1906 788 2918 939 söll schreyen unrein vnrei und lan
1897 855 2895 998 weiteris volgne. Iin senne deßelben
1897 922 2931 1085 Unsatzens aber ist, daß nit nur dinststätzi
1896 990 2927 1162 gepersohn, solle zurrißtenn klinder aa
1893 1047 2887 1207 gun, das haubt bloß und den laffzen
1905 1102 2927 1296 verhulet haben, auch fer durum gehalten
1893 1203 2930 1343 werden, allein wohnen und sinen wohnung
1893 1261 2947 1414 Pstert dem täger deß tolekis trane haben
1885 1340 2907 1492 sonderag auch, daß nin von dem frnstne
1887 1408 2928 1543 nach gottlicher zum angesonner Nuglom.
1882 1478 2875 1624 sung für vsntzig erkentns kliid mit
1889 1555 2867 1689 zaor zu Staub und ischen verbrunt
2512 1608 2937 1732 ist Giatz if dem
1896 1634 2227 1744 werdan solte.
1905 1680 2929 1796 solck Brack nit allein von seremonalischen
1906 1763 2939 1869 eerigkent und seibarligkeit wegen, sonder
1895 1826 2925 1949 auch zur erhaltung natwlicher an
1893 1886 2905 1998 berkeit wegen der instlichen, abschen
1897 1951 2905 2066 lichen und auferkenden, hinmit in der
1885 2022 2915 2126 Mentschlichen Ansullschafft anlindenlicher
1879 2084 2904 2197 Sunch deß stgzais an und für sich selbst
1903 2143 2925 2269 vorgeschriben worden, welche dann so schage
1889 2216 2912 2329 und umb sich frußund ist daß nit mir dass
1895 2277 2925 2400 fleisch der Nentschen, sondern auch Kleiden
1904 2350 2919 2466 in und staufer darmit angesterket und
1894 2410 2928 2534 befleknt werden, daher nach der hülligen
1900 2480 2904 2594 brauch aller Orten ist, daß solche mit dem
1900 2546 2909 2658 Psax angestunkte arne Mantschen undar
1901 2611 2917 2727 seinen fürsohnen in geduldet, sondern nebe
1891 2672 2872 2788 onsonderbahrem nimlichem Thabit an
1907 2742 2905 2857 ansonderbahre ort fortgewisen verden
1901 2849 2881 2958 ann nun dergleichen ußsetzige für ohnen
1875 2919 2881 3035 durch ein formalisch von Boll gegebnumb
1890 2976 2889 3088 Gesatz umb obangrngter ursach willen
1895 3040 2898 3159 under den muntschen nit konnen gewaldet
1892 3094 2905 3194 werden, da uu mit dsaz beflenktns klind
1891 3163 2896 3281 selbst zu abschaffung numb solchen häßlichen
1892 3218 2884 3329 ebels mit zuor verbront werden müßen,
1892 3284 2847 3387 So ist dannenhar sammnslar und mit sohn
1902 3342 2854 3457 angbahrem schluß zuursuchen, daß die amr
1905 3398 2822 3521 ngene und Cratalische Bunder, so die
