3024 4032
538 525 1434 665 geseuhen is nit, so hatt sy dennoch solches
553 622 1417 717 nit mehr gestehen wollen, sondern das
545 675 1457 794 Barten meitli deßen gantz ohnschuldiggee
541 749 1448 862 zrochen, aber darauff beharent, daß alß
550 796 1453 905 y durch deß Stubenburgs Thüri Hinabge
544 864 1493 977 volt so seyn ander dem Rtogen Cra ein Can¬
544 916 1450 1028 gn Banhenn magd entgegen kommen, sy ge
535 971 1451 1081 bütten, sy solle wra das zug an die Mallin
541 1038 1468 1136 tragen das seye zug, darauff sy nun
538 1098 1457 1212 gewüßen feaulonn habe gaht entlehnt, diser
523 1152 1426 1266 außraht seyn in einem mller In daß
518 1200 1471 1307 obrisen sel koff gelegen, und habe die nagd
514 1262 1471 1372 fra zwem bazen für irn muhn geben, der
519 1322 1432 1433 nemunde nit zufahlen, wann sy dach zuge
533 1380 1454 1482 alß wngtrage aber als Ta Korgehalten
527 1444 1453 1545 worden, eb seyn daselbst zun Keller so hatt
500 1498 1483 1611 Sydennoch darauff verharret, und alß va¬
503 1561 1454 1688 die Bartmaltenin alle aibtand Korgemel¬
499 1623 1429 1740 termaßen im gugentheil erhalten und
482 1685 1424 1801 darumb sy Barfus in das hauß gangen
490 1750 1430 1871 gefragt worden, kath sy endtlich gesagt, sy
495 1814 1438 1907 unße nit was sy ande, und lanße auch nit
506 1882 1448 1979 das sy damaglis gethann und uff die und
469 1936 810 2062 is sy beharret.
415 2036 1425 2146 Der herren Obrisin vor Muralt beide magd
463 2123 1438 2204 dann haben ina auch under angen urhal¬
475 2186 1386 2284 ten, das alß sy die Baldnannn ob dem
455 2241 1431 2352 denbstahl ungriffen und gehalten, sy ium
466 2309 1399 2405 gesagt habe. sy seyn der reüffel, daß
472 2361 1435 2476 vnd gezen. Ich ain der reuffel. Welches
457 2433 909 2548 sy aber vermunnt.
405 2525 1441 2664 Beiters habend sy ina snder angen mhalten
454 2620 1404 2721 daß alß ncht von der Tachbahrschafft hinzu
458 2676 1405 2781 kommen, habe sy denselbin gesagt, daß die
448 2732 1444 2851 Magd im Hanß diß zug habind wollen stahln
454 2790 1426 2927 sy habe sich im hauß verstnnkt, damit sy die
457 2875 1405 2986 magd erwaggen konne, welchen sy auch ge
461 2936 662 3034 langent.
410 2990 1409 3123 Der Weibel Buhrer aber s gegenwärtig, hat
441 3070 1407 3180 diher wort gehört und thut selbige beställigen
447 3139 1272 3252 Wie auch sein sohn der Rasellenberk.
383 3209 935 3328 Acte 3. pete 1685
1776 528 2836 687 vber welche abgelegte relation tra ar
1829 595 2843 739 kent, das die Baldimanni wegen ambß ihn
1832 658 2851 817 verschamten langnunden, da sy doch ob dur raht
1824 727 2791 881 erdagt worden und anderen gerdächtigen
1797 784 2839 926 Diebstahlen halber mit einfacher marter ge
1820 834 2888 966 lnekt worden solle, so auch Andarum 9. dito
1825 899 2882 1036 beschechen und zu zumok lmohl jahr, hernach
1824 969 2851 1105 mahl mit dem 25. togl sein uffgezogen
1825 1019 2861 1157 worden, aber nit mur nüt bekonnen wollen.
1801 1069 2897 1223 sondern im gegentheil sich verstellet, alß wann
1808 1130 2814 1305 sy nit by rechtem verstand wahrn und nit
1823 1193 2861 1347 büsen, was sy machte, auch an der Marter
1823 1266 2815 1423 nit die geringste nupfindligkeit von sich
1794 1372 2131 1479 spuhren laßen.
1815 1490 2855 1620 sachdem nun zr ap die kernnrn Genrich¬
1804 1585 2845 1713 rung hinderbracht worden, habend selbige
1812 1644 2881 1762 o sill die Bartenmalleri betriff erkent, dm
1804 1725 2835 1834 len dieselbe mit diebstahl, und diebstahl ab¬
1816 1798 2799 1908 nummen sich vergriffen, auch zrer mithathin
1769 1849 2859 1985 der Baldimann zum stahlen anlas und guln
1797 1933 2781 2035 genheit gegäben, daß sy neben ir der
1787 1993 2835 2121 aldmann die außgeschmnz werden soll
1774 2067 2886 2184 die statt hinnider geführt und neben abkrag
1810 2134 2877 2254 tres Aufiolens für wig zwo sund weges
1793 2200 2818 2327 von der statt hinauß mit dem ezder derwisen
1798 2277 2089 2375 werden solle.
1799 2343 2828 2499 in Zaldimanni dann die über angewentnn
1802 2448 2888 2557 marter nit nur nichts bekennen wöllen sonder
1802 2512 2878 2651 er verbruchen mit stumpennyen und simuliert
1806 2580 2856 2718 larhnit verdnrken wollen, da doch sy in crimne
1786 2646 2803 2796 fagrante ergriffen vnd deß begangeng
1780 2722 2822 2866 denbstahles überwisen Solle gutt dings aus¬
1797 2785 2784 2928 inschmützt und gezeichnnt und darneben
1787 2887 2833 3021 ydrlich uff fag von ir heen statt und landen
1797 2932 2137 3046 erwisen werden
1793 2993 2774 3205 und fahls, win fürmuchtat Wirt, sy nicht gehn
1792 3093 2768 3271 wolte, also das mann sy schleioten laßten
1784 3172 2761 3350 müßte, so solle sy geschlüpft und zu dem
1777 3242 2859 3437 nd der nachrichter deßen zuvor benachtichiget
1769 3301 2727 3501 worden, damit er darzu Soß und Schmipfn
2739 3428 2852 3512 pa
1789 3384 2798 3576 hat zuhalten muter accl 12 sorih 1685
1780 3467 2340 3611 oeque Den 13. octobris 1685.
