3024 4032
259 394 352 492 41
205 614 458 740 Jeanhirard.
647 472 973 621 Der aese
499 593 1422 739 bßagte daß trzean Gward heiße, ge
470 680 1419 788 bnrtig von verdun auß Lotringen, haule
470 748 1428 856 mt Mäßeren scharen und dargleichen ge¬
469 815 814 911 engen dahren.
436 857 1456 1009 Wars Bährus solche seine Wahren seyind Wo
1168 932 1437 1043 Sugind etwan
456 948 1160 1059 und by wem e sy habe.
468 1007 1412 1125 13 Juchen Croni Währl, habeselbige zu
463 1069 1411 1166 ostanz by einem raihten etwann um fi¬
459 1131 1414 1247 Tolen schuß weit von der Stalt, Kammns
450 1213 832 1293 pierre Martin.
447 1282 1444 1400 Ob er deßwegen ein recepisse von selbigem
456 1352 1237 1467 habe. Kein trauton inne sonsee.
424 1428 1404 1543 worumb er selbige da gelaßen und nit mit
890 1498 1446 1597 Seyind zum allzuschwar
437 1492 792 1606 Inn Gunomin
440 1553 1393 1682 gelonsen, habe darvon die bußeren und
443 1620 1416 1720 eostlichere sachen mitgemommen und selbige
437 1671 1089 1789 ge hin und wuer verkauff.
439 1719 1410 1849 Vok dann das elößen gult habe, da doch
441 1823 1444 1935 by ime mns funden worßen, habe daßelben
431 1881 1249 1996 oy Säsuli by einem wihls gelaßen.
407 1950 1408 2092 Wo k Barkommen und dißmahlen hinaußge
443 2037 1428 2122 volt. Wnnn jetzund von Sasel und habe
427 2097 1407 2212 nacher copaat zu seinen wahre wollen.
388 2166 1416 2302 Ver die übrigen gsellen seinnd, was Ta¬
434 2255 1440 2371 mumns, wo selbige hinauß wollend und umn
412 2342 1381 2436 sy ein anderen genammet. Er nune
414 2384 1398 2509 sy nit, habe sy sein mbtag nemehtin g
406 2444 1416 2563 sachen, sonderng ohngefuhrd by unstahl vmr
397 2504 1435 2634 chrem angetroffen, darvon der eitnaa
420 2588 1378 2697 hur einsili, der andern aber nacher
393 2647 1396 2779 B. Kallen zugehen sich vermunrken laßen
419 2717 1431 2851 und habind einanderen mit keinem anderen
422 2796 1189 2926 Lann alß monsieur gemmmmat.
387 2885 1442 3043 Ob Er nit auch ourt oreille genamset ver¬
402 2977 1375 3102 de habe dien sanm sein lnbrag um
399 3049 1367 3171 gehört und führe nun anderen alßo jean
389 3163 579 3233 gerard.
941 3157 1037 3235 k
359 3170 1331 3337 vorumb e dann by in by sich gesaben
384 3260 1412 3428 Attestarioni von Copanz vnd Racull Sean
1534 1787 1710 1873 Pierre
1540 1856 1738 1946 Compert
2698 387 2806 487 42
1736 526 2824 696 andoch annamset wurde solchens seyn be
1736 614 2811 785 schachen, Weilen mann  din uestere sum
1748 667 2828 828 Tam Girard entlondrus nicht recht verstanden
1744 724 2837 926 habe oder selbigen nit anderst haba schreiben
1742 775 2838 963 wnnn, Die andern dann seye der nestan
1757 860 2812 1030 alß welche fr der anzley zu Stasell ei
1751 922 2817 1093 gegeben, gluch gemacht worden, und habe er
1758 985 2841 1163 alß welcher sonderschreiben noch lesen kan
1731 1087 2507 1208 den tahler nit wahrumnm konnen.
1732 1102 2808 1291 Oo e2 liemand filvariert. Seye nit dar
1751 1191 2851 1378 gleichen gsellen, niemand werde konnen sagen
1733 1275 2833 1422 daß e2 jemandem ohnrecht gethan oder eini
1756 1376 2440 1482 chen schaden zugejug, habe.
1958 1571 2308 1694 er andere
1749 1659 2841 1808 aß suin Namseye hierre rompert ge¬
1776 1733 2829 1882 burtig von dienne auß dem belpsinat et.
1759 1818 2826 1932 wann von 18 jahrin und seyn seiner beganen
1764 1866 2800 2006 genschaft ein Caffessier, da er aber zu erst
1768 1924 2858 2054 gesag, er habe kuin begangenschafft und seye
1756 1984 2867 2135 im vorhaben getonsen seimn ander wel
1765 2076 2867 2186 her anche dunff zu kranck gelaßen zu
1773 2149 1909 2262 uhen.
1743 2209 2824 2338 Has Vocation dann sein bruder seye, und
1761 2293 2799 2420 baw er by uun thun wolle. Er führn mit
1755 2372 2846 2488 Maulphli wahren von Hon nacher st allen
1773 2446 2835 2556 und hnwiderumb und ongehrn sein bruder
1762 2504 2850 2620 n in einem kauffmann oder kramen zu
1756 2580 1939 2670 machnn.
1714 2639 2824 2789 Vie vill der Maulislin sein binder habe
1771 2734 2881 2851 und welchem lauffherri er solche wahren führe
1727 2805 2836 2926 habe deren by shwanzig, und heiße der
1760 2869 2867 2992 lauffherr, deme er nit führung solchen wahren
1733 2938 2875 3061 denn le gros renard, Nohen zu wgon ala
1741 2995 2330 3096 grande iue merciere.
1738 3092 2793 3234 Ob Mann iun nit auch lapuce nunen, und
1768 3171 2808 3306 pierre hormentin sein Meiser seye, Habe
1778 3251 2840 3381 ein anderen Tann alß dar angebunn, auch
1767 3301 2812 3438 Weisinar von kimem herren und meister und
1764 3359 2514 3499 mmne den formentin gar mit.
