3024 4032
177 1895 358 1979 Marie
171 1954 332 2068 zahn.
237 274 332 369 51.
445 425 1412 616 iße von den demulten Filonterugen auch
448 536 1455 666 maßen ins ansechen, daß selbige irem nei
447 583 1393 731 er dem mannile gehulffen hier zu
443 644 1431 776 Bern underschidenliche zilonsellenn Gur¬
454 699 1449 832 eben und dem sunkel schmiden, da einan-
455 763 1471 912 derur under Cußen uff der nacht sin ker¬
448 830 1459 973 nach habind sy das gelt under sich getheilt,
437 891 1439 1037 a die nage im poction darvon auch be¬
443 950 780 1044 kommen habe.
446 1014 1430 1182 seyn bald zum Rorchen. sald zum sarn
446 1117 1424 1239 Bald ußer des statt übernachtet und seyen
424 1189 1406 1294 dazumahlen mit einem rohin stonkbe
442 1246 1392 1363 kleidet getesen, andern aber gar ott
430 1299 1114 1396 Meister Kannz und Klinder¬
419 1366 1398 1512 Stekzeiden sich uff in nambklinderen und
435 1458 1335 1576 rede hiffend Snstalten ins gesuchen
397 1518 1400 1626 daß selbige von minem Cammno suerre
408 1574 994 1684 zu bert geführt worden.
449 1704 1388 1827 ach dem nun selbige widerhermuge
443 1772 1426 1890 laßen und ime das miitli vorgestulz vor
433 1831 1405 1943 den kallselbige en nit mir nit kummn
438 1897 1435 2005 und nimahlen gesuchen haben wollen, sonder
430 1963 1395 2077 ohngnacht datt meitli zum obige Lunete
439 2028 1396 2132 embstandtlich under daso gesicht mhalten
422 2095 1369 2205 in toto alleis verumnt, daß ins den
390 2168 1422 2263 manuite nit kum, umahlen zu proverat
420 2227 1383 2347 noch zu Hngburg gewesen, zumahlen zu
426 2272 1443 2394 Wtard gerittin noch in mamsklindann var
390 2348 1387 2468 stellet gewnsen, vollwonniger nemhe fi¬
419 2407 1399 2542 lonterigen getriben oder hine zu Stan
377 2462 1441 2614 zum korchen oder zum sturme übernachtet
408 2561 734 2686 gelesensugn.
380 2681 1424 2824 uff Herners befragen, weilen  die nach
410 2758 1424 2889 bekent, das Lind sainer Muller, daß Vicre
403 2816 1409 2954 Bertuch hes gegeben zu haben, So müte syn
402 2867 1423 3045 nahtwendigklich zuschneßen, daß sy daßelbig
925 2922 1438 3057 kein, dann das mutli
396 3017 739 3111 ge auch innen.
398 3027 1306 3162 habe gesagt, selbige seige seinen Mutter.
341 3125 1414 3276 Vi lang selbige dann auß Aum Zinmaht
364 3202 1453 3357 seyn, Wo sidwhar gedet, Iem das vnduge¬
376 3267 1454 3432 Wie ins darmit imb landkommen und wormb
371 3354 1255 3510 selbiges deß Berrus hel gegeben.
2739 274 2849 387 52
1770 407 2876 599 Seye herints vor acht jahnen wegen millel
1786 452 2882 682 losigken und armuh seiner und seiner ger¬
1767 528 2844 712 wandtm auß seinem henmah gangeen umb,
1745 591 2884 802 dem zusuchen, da ins dann zu Baden tum
1759 683 2873 866 Augi Mardand la fontamne kommen zu
1777 741 2822 935 nach zu Lawenburg zu deß tormenuus
1787 789 2890 968 gnauwen, folgenes zu Straßbarg zu namen
1764 858 2818 1036 virandier latoar genant und erst acht tag
1782 919 2880 1091 vor letsverschienunn sie zohgens tag zu sollman
1778 963 2885 1166 wider zusanne formenten wune eß kindl
1783 1056 2810 1210 Valler Cannsuge gewesen Petne Krumholz,
1773 1121 2870 1275 ein saldat und monsonetierur zu Straßbrrg
1768 1183 2857 1339 baber gesoben und kein anderer segemit
1758 1244 2788 1413 demselben vmb Land kommen vmb mit zine
1754 1288 2796 1457 aus allmusen zu Heischen und zu Stalllin
1758 1375 2866 1550 Alß aber vor einem jahr Ir alter Meisen
1764 1411 2874 1600 ea sontame, so mit Scharm maßer und der
1762 1491 2837 1676 glichen handle und seinem stand hin not
1756 1559 2806 1726 dem colom gehabt, sy gesuchen, habe er zu
1766 1647 2842 1798 dagesagt. sy solle das uind deß prerre
1774 1705 2852 1846 Bertuch Frauben, darun vnd dahumahlnn
1761 1768 2815 1918 gestorben, geben, Werde zu schon gultis
1763 1859 2846 1977 chun, damit sy wider gahn diam wonnn.
1742 1931 2793 2057 orumb aber Er Lontarne deß Bertuch
1751 2007 2818 2127 hr zugleich auch drey oder cme Taller
1766 2062 2863 2194 gegeben habe longen deß undtb  Haben
1760 2131 2571 2258 nun selbige hinuor vorgestruckt.
1759 2212 2845 2350 so ey selbige genommen e. Habe solche dur
1765 2290 1886 2397 eint
1762 2323 2856 2471 worumb k noch monatlich ein zaller für das
1766 2419 2855 2544 undt versprochen habe. R. Habe zum selbige
1764 2488 2336 2603 wider guttmachen wollen.
1739 2553 2624 2683 Worauß.  Auß seinem dunnstlohn.
1743 2635 2836 2764 Wie vill dinstgelt zum sein mr Dann dar
1755 2700 1922 2794 prochen.
1924 2721 2860 2852 if dnß Jahres seches Tallersamt
1761 2775 2153 2878 einem Jahr Schu¬
1732 2831 2852 2979 warumb sy von Sasell uff krauw und nit
1768 2915 2890 3054 uff sienfelden allß der nachern weg nacher
1732 2987 2882 3143 Zürch und einsulen gegangen,  habind, thul
1750 3057 2862 3192 nun machern long geweßt, Theilis dann Lankn
1763 3110 2876 3281 mann die nicht zu Sumnfelden an undführe
1737 3177 2169 3296 sy nacher Augarg.
1738 3240 2793 3427 Vo Jr Ne eine Wahr maine s er Kauffn
1757 3329 2787 3470 sy zu antwareren, strüsel und daherumb.
1743 3391 2626 3543 Ane sambstags den 2. maii 1685
