3024 4032
241 363 341 468 27.
457 462 1460 592 auss mitkommendem bericht der hen. medicorum
461 551 1442 666 und chyrurgorum so die visitation verrichtet
470 598 1252 702 umbständtlichen zuvernemmen haben.
601 696 1273 819 Consultum und guttachten
563 780 1399 889 der hen. medicorum und chyrurgorum
581 847 1372 956 wegen jr. Steigers verwundung
701 2938 957 3054 Ussag
408 3018 965 3164 Dess jr. Steigers.
375 3131 1432 3279 Derselbe nach erforderlichem vermahnen darin
379 3219 1439 3341 ohne einiche suchende rach also zuverfahren, dass
357 3287 1369 3392 er solches vor Gott dem Herren alss dem
361 3354 1425 3494 obersten richter mit guttem und uffrichtigem
1526 837 1765 920 daselbst ver¬
1585 893 1691 975 richtet
2695 411 2781 494 28.
1772 512 2812 666 gewüssen zuverantworten getrauwe, erzellete
2439 575 2770 681 dass er den
1781 603 2430 703 die hergangenheit der sach also.
1778 743 2768 858 jrn. von Wyl gestrigen abendts alss den 10. huius
1792 686 2815 840 by mhhen. züghen. Mey, welcher ine zu sich forderen
1796 734 2775 889 lassen, angetroffen und nachdem sy etwelche
1797 819 2774 945 geschäfft, habe endtlichen auss anlas eines ge¬
1798 862 2785 1008 wüssen zimmermans von Trimstein, welchem
1771 935 2813 1064 der jr. von Wyl verpotten ohne sein permission
1785 983 2805 1097 innert seiner herrschafft nit zuarbeiten, mhhen.
1773 1040 2786 1168 züghen. Mey ime jrn. von Wyl zugesprochen, nit
1794 1101 2787 1222 also zuverfahren, alss welches uff erclagen ir.
1785 1151 2790 1266 gden. zimlich missfellig vorkommen wurde und
1785 1211 2788 1322 was dergleichen etc. welches er jr. Steiger
1786 1273 2742 1383 ebenmessig, ja es seye nit recht also mit
1749 1331 2764 1436 den lühten zuhandlen und ir gden. kein ge¬
1776 1371 2815 1486 fallen daran haben wurdind wann inen solches
1788 1450 2800 1552 geclagt wurde, solle solches under wegen
1795 1518 2786 1596 lassen, auch approbiert und guttgeheissen,
1775 1556 2793 1663 worauff der jr. von Wyl ime alsobald also
1779 1618 2853 1720 zugeredt, er solle sich in seine sachen mischlen
2584 1660 2843 1766 nach welchem
1793 1679 2440 1771 (meslez vous de vos affaires).
1798 1732 2839 1835 sy endtlichen von mhhen. züghen. abschied genommen
1791 1791 2846 1889 und mit einanderen seiner seits ohne einiche
1787 1836 2850 1940 alteration und das wenigste gedenckende,
1781 1895 2803 2000 dass sich etwas dergleichen zutragen solte in
1796 1957 2769 2056 aller wolmeinung und fründtschafft die
1803 2015 2797 2117 lauben hinuffgangen, underwegen aber
1796 2066 2812 2178 mit ime jr. von Wyl also gesprochen, jrn. von
1787 2132 2785 2237 Wyl ich hab die wenigsten gedancken gehabt
1780 2200 2812 2299 eüch zu offendieren oder etwas zuverweisen,
1790 2260 2765 2341 sondern habe allein meine meinung gesagt,
1793 2315 2822 2410 was mich billich und recht dunckte, bedauhrt
1786 2369 2808 2469 mich aber gleichwol darby, dass ir mihr also
1795 2427 2819 2528 rauw geantwortet ich solle mich in meine
1800 2485 2863 2589 sachen mischlen (meslez vous de vos affaires).
1782 2539 2857 2629 darauff er geantwortet, es seye dem also was
1798 2597 2849 2702 mann sich in ander lühten sachen zumischlen
1790 2655 2836 2741 habe. under welcher red und widerred
1799 2716 2822 2823 endtlichen jr. von Wyl gesagt, sy wollind mit
1799 2768 2828 2876 einanderen uff den kirchhoff spatzieren, so et¬
1789 2829 2788 2947 wan umb acht uhren gewesen dessen er gar
1792 2887 2844 3012 wol zufriden gsin. nachdem sy also gegan¬
1792 2945 2857 3057 gen und under dessen mit diser materi jeder¬
1770 3010 2855 3118 zeit continuiert, also dass alss sy bald by dem
1783 3069 2797 3177 ergell gegen der Junckeren gassen gewesen,
1796 3132 2846 3233 er dise wort lauffen lassen, er seye der na¬
1807 3186 2795 3295 tur, wann er sehe, dass man überfahre, so
1804 3251 2842 3363 könne er darzu nit schweigen, es möge ine
1806 3316 2851 3417 angehen oder nith, darmit aber begehre und
