3024 4032
291 1674 334 1759 1
302 2859 351 2898 e
315 1360 418 1434 de
482 644 1362 793 Ongnacht nun er michrerm Klagunden
500 724 1407 846 diebstahlen zimlich verdächtig, so ist doch diß
517 792 1393 906 mahlen mir Burrnris auß zum Zubringen
522 893 693 982 gewisin.
509 970 1448 1123 ber Welche angehörte Bekantnus Nenng
489 1067 1399 1191 die raht sich nit haben ersülligen konnen
507 1132 1398 1229 sondern benohlen mit dem daumeysim
524 1196 1373 1296 und 50 lbb sein mit mihrerem elnß
528 1261 1401 1374 fernerer Diberegen halber zu quae-
512 1358 735 1450 stionitun.
480 1426 1380 1576 zu volg deßen e d s. disens in bysein
507 1511 1397 1644 H. Registratorii Eilchburguris znn dass
501 1589 1378 1699 danmyßen zu zwegenmahlen appliciert
511 1652 1404 1771 worden, aber andere mit bekunnen wollen
508 1711 1379 1841 als zum sannten, daß er vor etwais
508 1768 1380 1895 hub dem Kluyns karof von Trub 20
521 1847 1341 1957 Jahren alters suchs schaff, so er Jacob
502 1910 1385 2020 mihr genommen, fortreiben helffen an.
514 1970 1428 2085 fange aber nit gewüßt, daß insy gesollen
517 2019 1417 2148 biß mann zum selbige wider abgejagt, son
514 2094 1385 2222 hirlich aber hatt er starck gelangnet
509 2163 1397 2292 solchens zu Rturgdorff auch an der Marter
503 2246 1413 2363 erhalten, daß ernimahlin zu Sollothen
513 2315 1395 2435 angegogen gsin seyn, ohnegnacht die pro
506 2375 1398 2496 cedur mit allen umbstanden solches mit
500 2451 1389 2570 gegeben, sondern ins seye Heini Wuschi
506 2525 1382 2632 gewüsen, so seinen kanm mißbrauch.
488 2589 1024 2690 Win e hernach vernommen.
1167 2598 1351 2709 Maßen
491 2659 1416 2772 er also uff seiner dißörtigen verlangnung
498 2727 1407 2839 Vürstockter unns varharret, biß der an¬
496 2803 1398 2908 kommene klein weibel von Sollothurn ine
481 2872 1379 2994 daß gegenthelb überzuget, alßo das e
490 2938 1440 3046 bekant sein müßen, daten nit mir eigeho
497 3005 1466 3127 gen getdasen, sondern auch daselbsten anfran¬
487 3069 1461 3203 gur gestelt, mit ruhten außgeschmüizt, gezeih
488 3141 1420 3268 mit und mich dem eyd für wig von Stall
495 3208 1452 3333 und landt varwisen worden zusain. So de 26.
488 3285 910 3383 ppris lasshin beschachen.
485 3323 1434 3451 arauff in dann den 8. huius in bysuiheen alt
495 3402 1405 3531 slahen sulzeros mit eistlichen mit zing
1614 866 1692 950 10.
1628 1201 1671 1331 11.
1628 1431 1695 1514 12.
1651 2347 1738 2443 13.
1655 2737 1728 2828 14.
1668 3107 1714 3194 15.
1720 612 2768 778 Und Kreidung der Marter Weiters Tnami¬
1742 691 2765 836 niert worden, Da er dann bekent, wie volget
1736 774 2752 961 zum zechenden seye er im vergangnen
1733 850 2773 1038 febr wegen einens mit seithamb und dem
1754 912 2787 1103 lahmen leger uff der flatten gefollnen ka¬
1756 998 2795 1137 lumb in der kabern zu Wöllisauw migezogen
1749 1064 2711 1218 und daselbstn ans Balsteisten gefalt worden.
1741 1146 2797 1304 Eilsstumb habe er im durrungraben 20 pau
1746 1186 2807 1387 gen garn genommen, so ime aber wider abgejagt
1745 1355 1899 1417 Wordin
1737 1331 2799 1524 Zwolffens habe er laut gethaner bekant.
1759 1433 2769 1554 eis zu Sollothuen mit und nmben kamb
1746 1501 2775 1650 und Hein Wöschi gebrudern von Beutingen
1740 1580 2802 1725 zwen Rinnli hinder röhtenbach im schwang
1752 1635 2772 1774 hulffen nunnn, vnd hernach dem Rihrt zu
1743 1718 2744 1837 Schwanden by schüerburg umb uin ahn und
2507 1781 2568 1830 ab
1740 1794 2727 1928 Zweni Schwendi verranschet und noch zum
1752 1861 2807 1996 nachgelt geben 9 s darchon ium zuseinen
1750 1921 2773 2032 Chuile bor. 12. 8. Welche angetanschte
1744 2005 2763 2134 thu samt noch einer anderen, so er im
1736 2073 2720 2173 duernngraben genonn, habe f einer
1747 2150 2778 2257 fr uff den marnk nach sollothan zu
1752 2224 2144 2326 fuhren ubergeben.
1766 2325 2742 2464 reyzechendes, habe Er dem Syllhamb
1763 2414 2704 2532 znhulffen wo kalbeten auß der veyd
1760 2481 2764 2608 ammem und zu Corzingin einem mezger
1763 2564 2789 2674 umb 9 s verkanfft, so er auch zu Sollothari
1754 2638 1927 2723 bekent.
1768 2701 2711 2855 Verzegendes habe fr einem Rauh rn
1765 2804 2738 2919 von Walthauß mit Hamb von suderswyl
1774 2872 2747 2995 im schafft genommen und nacher Ruzgdorff
1768 2934 2745 3068 geführt, daselbst vurkauff, abarmur 1b
1750 3010 2370 3128 darauff einfangen habind.
1754 3084 2788 3233 zunfftzechendes habe er mit Uli Ramseger
1754 3194 2782 3304 by Oberburg auß der weyd ein chule genamen
1767 3241 2805 3365 welches sy dem Wasummmnser zu Biagorff
1765 3308 2830 3415 geben, darfür e Inm 46 b versprochen, aber
1773 3367 2806 3492 nüt einfangen, weilen selbiges laderwr
1769 3434 2019 3549 kagt Woli.
