3024 4032
298 391 390 507 45
289 706 424 783 erre
259 767 460 836 Lormenten
660 460 1005 575 Der Bierte
491 544 1429 668 aßer heisn Pierre formentin von Mont¬
496 642 1464 741 dellier handle mit syihlaung und habe seenn
491 710 1401 833 demag in der statt Straßburg. Suin
497 775 1431 883 nih heiste Marie Mardeter, und Wartn dem
478 847 685 932 adun ab.
443 902 1447 1045 Wo 2r harkommen übernachtet, hinaußgewolt,
464 991 1444 1097 er ein geibepersohn, wo er sy angerroffen
473 1051 1408 1154 und marselbige by zum mache womn
464 1108 1383 1218 von Sraßbuarg und Stahull, Sege von
458 1179 1440 1285 sasell biß nacher ollmansingen anderthalb
455 1234 1435 1341 ag Vnderlongen bliben vnd hinnach Linstall
455 1301 1429 1405 unden am Burg übernachtet. Wolle nacher
443 1360 1410 1465 unsidlen, umb ein glubd abguigen, Welchens
445 1423 1377 1541 schwegen habenden unabschaden zu thun
460 1480 1429 1590 verprochen, Die Vmstursohn seyn mun
447 1544 1372 1654 Magd und habe ahbige guser gesuchen by
449 1596 1370 1716 deem kamen kongs by Basell und
448 1662 1416 1771 habe selbige wegen der sezach mit junge
443 1719 1201 1832 nommen. Beilen um hrren kranck.
427 1809 1362 1938 Ob das hind,ß din magd deß piert
434 1895 1326 2008 pertuch vor einem tahr gegeben mich
430 1946 1385 2058 sein und gewesen, und 20 e2 tun nit ding
433 2014 1380 2124 Zaller gegeben und noch alle monat nin
425 2074 829 2183 darzu derzwochm.
856 2076 1363 2182 27 tangunt beides
416 2128 1390 2240 Wüße sonder vom und noch dem gult gar
432 2222 529 2284 mt
385 2270 1422 2382 Ob er nit vor einem jahr auch in deß Guggi
431 2344 1426 2459 Hergers hauß zu Ottinanangen samt gwngen
418 2407 1395 2516 dieneri eingekührt, und war die uorigen
885 2467 1399 2565 daß seyn jahr daß e
426 2473 749 2574 gsellen seyen.
438 2512 1395 2634 Vor einem Jahr in deß Zuggiseargens be¬
415 2581 1383 2700 haußund sich uffgehalten, umb seinen
431 2651 1369 2759 lbschaden arieren gelaßen, allein ohne
421 2714 1386 2813 muchen dinner habe um mbnnlang mu
416 2767 1386 2886 beinig gehabten Ber die übrigen segind
397 2821 1414 2945 das annne und Weße er mit, die geuten sigind
388 2900 1389 3017 In unstall zu zu women, die anderen aber
419 2963 1401 3074 habe e ongefehrd zu allmansingen ange
418 3047 608 3115 eröffen.
377 3102 1380 3239 Ob a mit nach seinem diener, Capuce an¬
409 3183 1405 3304 fragt und daß Buggiscerg ers hern tun habe
398 3264 1381 3365 suchen müßen, alße zn allman inhen ange¬
403 3311 1415 3426 elangte. Langnet solchen wider den sidtean
394 3381 1179 3487 Aanhalt deß Ldz Burgischen Berich w
1523 1440 1773 1542 zu Küningen
1526 1509 1752 1585 alß dahin wisig
1516 1548 1779 1643 dißmahlen sechen
1523 1608 1759 1702 und ei Hans
1527 1656 1755 1744 Baūlen wolln
1532 2135 1745 2226 uillaume
1553 2199 1732 2308 ymert.
1515 2329 1744 2417 a komme von
1533 2397 1748 2493 ungsing
1525 2468 1731 2543 wolle nachen
1515 2514 1610 2585 hauß.
2715 294 2828 418 46
1759 441 2792 627 Ob e nit inderzeit im höuffert mit eum
1782 507 2818 705 getragen. vernemet sölchens auch ohngeacht
1763 571 2810 742 derselbe zu ollmansingen in aiem Riht
1762 650 2778 819 daer gelegen, verstnkt gefunden worden.
1748 715 2794 902 Ab ds nit auch ta manuile zeite und mi
1792 786 2773 963 tochter filon seye mich ob er der landl
1778 846 2851 1023 Sappettard mit gesuchen oder gekent habe und
1785 889 2864 1063 arumb e zu lntzlurg habe außmeißen wollen.
1800 946 2863 1125 abe numehlen fira andere namen gehalt
1787 1031 2781 1183 alse herre formenten, vnd seye El sin
2210 1081 2798 1207 Mann solle zum etwas
1787 1152 2131 1250 ehrlicher Nann
1804 1092 2857 1294 vorellen, demme er unrecht gethan aderet.
1797 1184 2858 1338 vab schadens zugefügt habe mann komee
1794 1243 2833 1394 und solle seiner verhaltens halber Bonei¬
1783 1306 2871 1461 nun gelonsten franzosichen general ienten
1794 1373 2796 1523 rant bericht muholen, der zun und sui
2184 1397 2877 1565 von dem lande Sappel
1810 1487 2185 1558 auß wol mune.
1795 1502 2777 1629 ard habe er nimahlen mit gehort sagen
1794 1567 2856 1687 im übrigen währe ein Vogel inderchen gea
1790 1630 2833 1755 auß der Trazen in seine Rtuphint Zurnach
1796 1680 2856 1808 aber und zu auzburg gesagt, eb müße zum
1795 1767 2803 1888 solches de teüffel eingegeben haben.
1986 1944 2380 2055 Der sunffte
1793 2031 2781 2146 danset sich haillaume Vymert by S8.
1781 2100 2772 2202 jahrin alters und gibt uß gleichmußige
1774 2160 2811 2274 fragen zur antwort, daß er saye von acre
1777 2236 2830 2307 außsandg, seinen landtwarekis iin sinden
1774 2289 2808 2394 Wäber darauff jezund shweg jahr lang
1795 2352 2857 2468 ewanden habe die mit zuchathete gsellen
1792 2411 2806 2524 zuvor numahls gesechen noch gekannet, Alß
1777 2479 2864 2589 grad zu Ollmaningen, alldel den sictre
1787 2540 2788 2667 ompert by dem saques Lambert, also
1777 2599 2776 2711 mit welchem er etwan vor einem Monat
1777 2666 2854 2785 wüße aber nit auß waib ursachen, alß sy mit
1790 2738 2851 2851 enandere nom die Btrügg gehen wollen
1766 2784 2816 2918 zu Burgdorff angezarkt eingesetzt und
1774 2846 2876 2976 hernach weder ledig gelaßen worden, da dann
1785 2916 2807 3037 by einer viertell und von der statt von
1775 2983 2861 3127 enandern abscheid gundmng ohngeführd an.
1776 3051 2825 3188 geeröffen. Bie er in dem dorff umn nacht
2122 3114 2214 3171 Id as
1760 3117 2758 3262 eburg gesucht und sy um mit in deß
1752 3167 2805 3310 Buggispergers hauß genommen by dene
1758 3230 2847 3386 harnach über zwee tag verbliben b und
1758 3304 2832 3472 seinen weg nacher Turm genommen, umb da
1766 3375 2737 3529 selbsten arbeit zusuchen, im zurenekunfft
