3024 4032
300 596 408 676 143.
516 635 1371 778 Jann ein meinungh und oberen
512 714 1336 839 vorkommen, daß gefährliche intruw
499 785 1416 896 dem kingsgewalb verspührt wurde und
518 849 1428 960 vemmuchtlichen daßnbe von Iemandem
496 907 1383 1018 durch einen faltschen schlüßel eroffnnt
517 963 1389 1081 berden müße, und der Verdacht diser
507 1028 1374 1137 so traffung action auß dochandnum
528 1080 1410 1210 ambstanden uff gegen vorstuhende für
517 1145 1385 1268 ohn salomon Keng Birgerin
513 1208 1371 1321 althir und gewasnnn Kringis-Raht
510 1273 1395 1396 chreiber substituierten gefallen, Alß
490 1339 1409 1453 Habend Kochandach. Mennnghl und Obn
517 1400 1370 1507 ven auß välterlicher vorsorg für die
500 1454 1395 1566 keinenn sichgsheit und erhaltung daß
506 1525 1440 1643 eubwahrten Vatterlandts, zumahnn den
509 1595 1411 1703 shben wol bekant, wass für gefahr und
518 1656 1381 1766 heil durch Intreie Burschwaz oder
507 1727 1380 1842 entdenkung sonderlichen der staals
501 1793 1414 1910 und Kringsgehemnußen, ab ennnd I¬
493 1859 1396 1981 portierliche anschlag oder wichtige und
497 1921 1365 2035 Weit außsuchende Consucta imd schriffen
491 1989 1399 2101 alß derin Craff und verhoffende wur¬
497 2056 1381 2165 lungen an der geheimhaltung han¬
494 2121 1405 2235 gand einen ständ anfallen lann, den
485 2182 1383 2283 elben alsbald sichnelich eincharum und
453 2240 1412 2351 durch ein wol folng unter Frommen zur
506 2308 1400 2415 nummen, zurichtigen und dii in Turren
465 2360 1419 2475 herren Johann Rudolff von Ulach heren unrad
468 2430 1368 2543 Huder deß kleinen herren alt landtzog
464 2490 1408 2589 Jghan Hidnrich Bychener her alt landt
497 2554 1384 2657 Jog und Obrist Willgelm Starsacht din
488 2612 1399 2730 auch hr Christoffet Ringer Krotweibel
998 2686 1095 2731 109
492 2679 1419 2803 vom größen raht zu acht underschnen
488 2758 1429 2849 lichen mahlen examinierin laßen, Welcher
470 2812 1392 2900 dann Mit-und ohne Marter bekent und
477 2859 723 2973 betälliget.
490 2989 1370 3118 aß etwann vor anderthalb jahren auß
482 3079 1370 3195 genommn anlaß, Weilen er gesachen,
490 3128 1443 3253 a by damahligem ertelten herrren tingesraht
487 3216 1401 3328 schrudburn weiß sich nit wol angeschriben n
503 3260 1415 3400 nden und darby sich besorget, das er zum nit
496 3350 1410 3466 hillsachen ander die sam gaben werde, er
1661 1261 1707 1311 d
2675 533 2759 632 44
1765 628 2765 794 einen schlüßel zum Bringsgewölb hin¬
1776 716 2793 858 Berrueks und ohnwüßend so wol Meinengh
1757 759 2779 894 den jingis-rahten alß deß herr aigeraht
1778 834 2776 972 chreibers auß eignum temb und ohne In¬
1792 874 2710 1007 mandestin anteung durch den Schloser
1773 944 2772 1079 Riß habe nachmachen laßen, welcher aber
1782 1031 2742 1160 allzugroß gerahren, Alß dazs er denselben
1748 1087 2695 1210 dagemahlen nit habe brauchen connin.
1791 1234 2804 1384 aß e denselben schlüßel etwann vor funfft
1783 1315 2799 1427 monaten anderwartig durch ieb sißen gsellen.
1790 1371 2758 1509 habe zu recht richten laßen, und darauff
1776 1460 2776 1570 sich deßen zu underschidenlichen mahlen be¬
1795 1498 2784 1620 kint, das Gwolb endssunt und denselben
1798 1567 2745 1701 also mißbraucht, daß er hermitlicht deßen
1786 1630 2778 1757 so weit müglich gewesen, In demselben allen
1771 1687 2805 1816 durchschnaußet vilfaltige wichtige badunnken
1794 1762 2806 1881 und onsuita den forcificationen bewahrung
1792 1818 2789 1941 und beschreibung deß landts und der Caßen
1786 1890 2805 1996 Vin auch allerhand instructionin der Henren
1802 1950 2762 2065 lann obristen und kanostlichten vinnit
1786 2012 2817 2099 wnnger allachand gatlung land sartes ma
1783 2084 2780 2186 Riß und andern Weit außsuchende sachen und
1775 2150 2806 2245 scheiffen zu seinen hande gundmen dar
1796 2210 2808 2295 von Theilib abschriffen gemagt. Thmls in d2
1787 2272 2763 2364 gmal hinder zum behalten, maßen in
1800 2327 2781 2442 allem by 139 stunk hinder zum antw¬
1789 2397 2769 2505 lun worh, sonderlich aber um gewüßens
1801 2460 2785 2562 pacquec so wegen, mins Inhaltis und noht
1797 2521 2766 2625 dendiger geheimhaltzung hiinor vansiglet
1801 2587 2757 2707 und beschloßen worden und ohne nocht nit
1807 2664 2799 2745 hatt eröffnet werden söllen, wrächer war
1799 2729 2787 2848 völlig erbrochen und zu sich genommen habe.
1798 2799 2784 2912 Allis dem forgebin nach zu dem end da
1805 2859 2769 2971 mit er eine onkanssamme derseihen umb
1785 2923 2768 3044 deso Busterin bericht in allen gorfallen
1801 2992 2746 3110 heiten darvon gugeben und sich darmit
1810 3062 2778 3183 recommendier zumachen, in zu lngen
1803 3131 2154 3235 bringen wonnn
1712 3241 2738 3399 Daß ohngnachst er uff absterben herr bings
1813 3342 2763 3465 nahtschweiber sellerin sich by seinem bir
1817 3396 2809 3519 gerlichen eydt zermahnt worden, alle hinder
