3024 4032
2638 715 2770 794 255.
1976 779 2562 912 Criminal process.
1725 892 2726 1056 Catharina Francisca Perregaux
1680 1153 2727 1300 Die weissheit des fleisches würcket den
1765 1239 2716 1387 todt, ist eine göttliche warheit, welche
1726 1297 2771 1431 mit der täglichen erfahrung bestätiget wirt,
1715 1353 2757 1486 dan was sind anders der mentschen anschleg
1736 1422 2773 1543 sonder Gott als eitele thorheiten die unss
1713 1471 2730 1617 zu allerhand sünd und lasteren verleiten,
1720 1547 2739 1681 solche fleischliche weissheit fuehret unss
1710 1615 2774 1730 zu dem von Gott und allen frommen leüthen
1757 1600 2759 1718 verhassten und verdambten hochmuot,
1717 1734 2744 1865 von welchem als aller lasteren erhöchung
1725 1810 2748 1942 der fahl selten entfernet ist, er ver¬
1722 1888 2778 2021 gleicht sich zeglich mit dem rauch, welcher
1725 1951 2768 2081 nach und nach die höche ersteiget biss er
1725 2029 2766 2110 endlich vertriben und zu nichten wirt, der
1723 2097 2781 2184 stoltz und der ehrgeitz des hochmuots schwöstern
1717 2186 2732 2273 welche sonderlich das schwache werchzeüg
1715 2227 2731 2323 die weiber verfuehren ist under den
1727 2281 2754 2376 eitelkeiten diser welt die hoffarbe und
1718 2350 2735 2452 dass kleid, welches vil nicht ussziechen, sie
1716 2406 2538 2532 legend sich dan uf dass todtenbett.
1688 2482 2765 2562 Wie nun ein laster dem anderen die hand
1723 2547 2736 2649 reichet also wirt der hochmuot stoltz und
1704 2601 2725 2710 ehrgeitz mit der unersetlichen gold begird
2524 2669 2683 2766 solche
1733 2668 2361 2770 underhalten und ernehret
2362 2694 2478 2762 .
1714 2725 2766 2832 gold begierigen setzen ihr vertrauwen ab
1733 2794 2782 2905 von Gott uf dass gold, wornach sie sechen
1732 2866 2764 2953 sehnen und verlangen und sich einbilden, dass
1715 2915 2722 3015 die nichts gelten die dessen ermanglend.
1701 2993 2765 3111 aber dise leüth in demme sy sich zu gründen
1718 3052 2785 3178 suochend, stürtzend sich selbsten, dan dass
1730 3141 2787 3215 gold ist ein dolch welcher denen die darmit
1728 3195 2773 3274 umbgechen das hertz durchschneidet und ein
1730 3259 2797 3358 elendes ende verursachet. solche mentschen
1733 3308 2775 3427 vernuegen sich nicht ihres ordenlichen beruoffs
1728 3378 2778 3468 und stands in welchen sy Gott gesetzet hat,
1718 3443 2761 3542 sondern trachten nach grossem reichthum
1736 3503 2773 3594 und fallen dardurch in vil versuochungen, dan
1718 3568 2776 3637 dise goldhungerigen bedienend sich bald des
