3024 4032
428 534 514 622 42
602 605 1570 779 Johan Paul Glaßer dan ward bekan
587 739 1558 868 daß er zwar mit vorermelten schemen
597 815 1527 912 und patenten als ein einziecher sich
585 891 1477 988 gebrauchen laßen, e ge lande
586 953 1533 1048 durchstrichen, by drey und dreyßig
581 1013 1564 1114 eh damit ufgenommen, aber vermeinte
575 1082 1547 1155 das alles das Zeige was die scheifften
590 1133 1543 1253 so ihme durch den Johan Phillix Paur
589 1196 1535 1303 zugestelt worden ihaltend warhafft
571 1251 720 1347 seye.
877 1256 1516 1368 bezeugete auch daß ihme
578 1322 1514 1434 diser begangene fahler so wol als
565 1388 1453 1501 dem Prem sehe leid seye, Pittet
566 1459 1535 1564 deßwegen ebener maßen vmb gnad
563 1518 992 1628 und verzeichung
424 1557 1542 1703 Worüber nachh ghen rächt und zurger
568 1666 1463 1776 zu recht erkent und gesprochen
556 1729 1520 1842 daß Hans Beöeg prune neben einefehl
551 1785 1502 1895 seiner seelen dem scharpß rochter solle
517 1854 1519 1953 übergeben werd, welcher demselben oben
542 1897 1495 2017 auß uf gerohnliche rechtstatfuhren und
547 1958 1513 2076 doselbsten mit dem strangen von dem
547 2024 1217 2125 leben zum Todt hinrichten
507 2076 1527 2208 der HJohanPaul Glaßer abes wol
541 2163 1506 2271 mit enthen ußgeschlneczt uf dem engke
532 2219 1510 2315 gezeichnet und mat dem eydt von ihr
524 2290 1517 2390 hns statt und lauch vorwisen werden.
530 2333 1499 2460 solle, acterm den 20. aprelis 1689.
519 2398 1323 2528 Exeg gleichen tags an beid
1079 2483 1358 2587 ert
1602 817 1828 950 Den 21te ep
1598 1848 1792 1987 begeißfen
2814 438 2929 525 243
2008 571 2539 729 Examinatio
1859 651 2863 845 Vß hoch Oberkeitlichem befelch
1868 782 2831 924 ward oder von Frülingen alhero
1854 843 2928 1013 gebrachte Ull Guman von Hengen
1841 906 2805 1077 durch nchen Rathsherren Sammel
1841 973 2927 1154 Tharman als von Mhghrn verordneten
1827 1066 2945 1228 herren Exammatoren und den Grichtsch
1827 1136 2928 1329 In der Oberen gefangenschafft alhier
1813 1243 2863 1370 wegen des durch herren zarte von
1829 1310 2775 1456 Guegdoch geklagten vnd alle
1839 1336 2912 1522 umbstenden nach durch dicgen uman
1823 1462 2853 1593 gestohlenen Gleicke duchs, gantz
1825 1539 2445 1672 ernstlich exammiert.
1816 1598 2904 1736 Es wolte aber diser zuman gar nit
1848 1699 2914 1806 bekennen, daß er daßelbe gestohlen
1819 1758 2929 1872 oder stählen helfen sondern beharrete
1829 1819 2899 1942 daß er diß in drey stncken oder
1818 1889 2815 2010 shallen samethafft von 300 ellen
1817 1963 2917 2079 haltend in einem holtz eine stund wdeit
1829 2028 2897 2149 undenhalb Gurgdorff gelegen von zwey
1803 2091 2927 2211 gesellen die nit keine und seines trachtem
1818 2154 2829 2241 von Sumßwald seyend, der einte
1807 2230 2917 2346 namens Ulli Rötlisperger der andere
1797 2292 2915 2423 Namens Peter N. erkaufft vnd denselben
1786 2364 2935 2496 an einem Sontag gleich damahlt 6d
1826 2440 2883 2555 und den darauf gefolgten donstag
1808 2511 2922 2636 auf gleichem ohes Noch andere 62 dac
1812 2557 2916 2707 bezalt habe, welliche sein m zu Mein
1808 2622 2885 2767 ußwyll soldtherner georts ihme
1803 2697 2056 2787 gelichen,
1811 2771 2903 2891 Alß solches ihr gnl den darauf folgend
1798 2838 2911 2957 26. septi widerbracht worden habend
1785 2876 2901 3033 dieselben diser vßsag keinen glauben
1802 2947 2912 3105 zustellen können und in betrachtung
1804 3022 2841 3171 derselbe bereits hievor ein pferd
1798 3099 2906 3213 gestohlen und sonsten anderen buben
1794 3130 2889 3302 stucken halben in großem verdacht
1795 3225 2927 3375 mhh l befohlen nochmahlen und zwa
1819 3290 2847 3445 so von nrthen mit erforderlicher
1800 3346 2758 3500 martes an demselben zusetzen,
