3024 4032
356 2632 437 2720 19
347 3109 434 3195 20
410 896 481 993 16.
537 612 1392 775 welchess alless er Barnites in seinen
544 700 1376 828 jenorigen noatlungen bekent und
516 773 1136 901 darumb abgestraft worden.
543 845 1440 997 lchis zechendemb, habe er mit Ramsege
527 932 1432 1058 vor acht wuchen zwo zeitgeißen us der
513 1018 1446 1128 Bummi genomen, so inn aber woder abge
525 1079 1423 1186 sagt worden, so er noch nimahln bekent
513 1146 1378 1266 Welcher Ramseger sehn uff sich  daß
519 1211 1389 1338 Scharars hauß zu Ingistorff uinzinche.
515 1299 1401 1424 Sibenzuchendes, ehe er ganz dinstbach
411 1349 476 1428 17
506 1363 1422 1481 In verhafft kommen, habe e zu Keifarzum
518 1434 1420 1555 jahr sosnn genomen, so er hernach zu Iug¬
510 1509 917 1625 giszurg furbotigen
400 1598 1414 1743 1 keit lntsr abstraffung habe in dem
502 1684 1414 1803 zum achtzechenden des Reithamb din
515 1750 1406 1864 zu Stumpliz auß der dend genommunn
503 1821 1408 1930 27 schaff gehelffen triuben, aber alß
506 1883 1383 1997 asy genommen, nit darby gsin, sondern
496 1937 1379 2061 Inm an einem vrt gewartet, darvon
491 2012 1373 2130 Ao 6 zu Rewnungg verkauff und 2
508 2073 1393 2190 Reithand dars gult darfür einjangen
478 2140 1392 2264 die übrigen habe er reithans fort und
484 2215 1407 2335 Breyburg zint getrieben, und zum gesagt er
495 2291 1435 2400 wolle immesein theil schon darvon gebin, sider.
497 2355 1375 2464 ar aber habe er inn nit mehr gesuchen,
488 2422 1370 2548 welchen etwann vor 4 wuchen geschechen
479 2488 605 2581 syn.
498 2566 594 2650 e
496 2596 1423 2732 stenngechenseis habe Er Lurt, vor seiner
481 2677 1369 2789 dißmaligen verhattung dem wihrt by
475 2750 1439 2864 vohlen ein dahr kosen genommen, so er annoch
494 2805 1441 2926 magn, und stendicg Schwendignan zum Wiht
498 2875 1396 2991 ein buchsen, welcher Schwundiman auch
483 2950 1411 3064 zwen schaff gehabt, und selbige kamb Sin¬
491 3018 850 3102 mund zurkaufft.
472 3092 1393 3240 enne stabe er zum zwantzigsten Peter¬
485 3183 1457 3307 Mosenb Tochter von Sumißwald die schner
484 3251 1428 3356 sprochen, selbige auch sii minnm Jahr daher
500 3305 1469 3419 anmahl beschlaffen, selbiger einen syrtell
494 3364 1475 3495 and bauß lauff, welche jung inderzeit nach
1660 2895 1690 2982 1
1744 576 2803 792 zezogen und zum gesagt, daß sy ess uff sein
1729 639 2779 847 Syelin keill und saligkeit stelle, wann er sy
1747 788 2112 930 verlaßen wurde.
1638 826 2807 1040 21 deßen ohngeachtet, habe er das Stalli Spam
1750 885 2820 1072 von Stalm umb die ehe auch angesucht und selbi
1740 963 2806 1174 zn ime auch versprochen, auch by erster geln¬
1739 1076 2509 1237 genheit selbige vollzuchen wollen.
1729 1150 2834 1373 uff Welcher gethanen bekantnus er varharret
1742 1238 2717 1393 und von keinem verbruchen weiteris halt
1736 1317 2845 1463 wüßen wollen, daharo er uimahl Lahr, nunmal
1739 1373 2812 1520 mit dem 25 tb und einmahl mit 50 lb97 sum
1754 1441 2738 1616 uffgezogen auch mit dem 75. tbgis butrmat
1738 1519 2815 1699 worden, aber doch nüt anders bekuunen wollen
1737 1595 2797 1764 alß das der seithamb nun thu zu Raufen mit
1744 1683 2729 1821 bendet, und selbige dem nasenmeister zu
1743 1752 2782 1897 Jurgdorff gebracht habe, darmit er aber gar
1736 1835 2830 1959 nüt zuschaffen gehabt habe, also das walchem
1738 1907 2747 2029 nach begen solchen begangueg dinberegen
1736 1972 2766 2099 bereits zmahl im Schallwarck gsin, zu 5.
1757 2040 2773 2170 underschidenlichen orten gefreckt, 4mahlen
1750 2110 2749 2256 ußgeschmeczt, zmahlen gezeichnet, und
1729 2200 2729 2326 zn erwangen deß landtw zu Sollothuri
1744 2254 2794 2375 auch deß landtib zu Dinstbach und Bturgdorff
1747 2335 2751 2470 aber auß Irum distrilt Eydtlich verwinn
1756 2413 2774 2524 olden. Siltet darby gott den Hurrin und
1744 2485 2740 2606 num hoche oberkeit umb verzeichung und
1753 2560 2761 2689 umb gnädige gethel o Steymal am
1748 2647 1976 2750 Zalßmsen.
1889 2738 2751 2888 Beschreibung seiner Complices.
1746 2845 2829 3012 fer Rybsamb von Sumiswald seye by 30 thr
1765 2952 2768 3060 alters ein kurzer mann mit halben nit
1750 3021 2817 3130 gar Krausen Harm und startli habe nun lan
1764 3086 2781 3202 ge graubn guttluchige gastagin mit einem
1748 3155 2757 3272 schwartzen halbleinung Schögl ohne fanknn
1768 3209 2775 3337 Peist Ano hosen und Steinngk nunn schwarzen
1761 3283 2776 3401 Breiten Rutt, trage busändig einen Lei¬
1780 3354 2834 3466 ege Sank In Welchem Thuhorner sind, hindern
1757 3439 1946 3516 binggen.
