3024 4032
297 558 414 651 177
369 1854 446 1960 3
419 792 481 906 11.
398 1192 479 1290 12.
517 635 1469 810 Mit Hranz Ludwey swaldt vor ohngefahen
539 750 1432 874 3 oder 4 jahren allhier in trum gehabn
547 807 1438 937 den haußn seye mit einem gewüßen für
553 882 1435 1003 vit dahin komen, habe von zum musen
528 953 1419 1069 burig Uhrli bekomen, dakauß es zwem
529 1027 869 1152 Teller gelößt.
522 1125 1363 1269 mit einem Franzosen Frunden zu
540 1223 1386 1348 wnigsfalden, wüße nit, Wie er heiße
538 1295 1385 1424 seye ein gestandenns füißter mann
536 1368 1389 1500 von ohngefahr 40 biß an 10 jahren al
535 1435 1377 1575 terb habe ein falbe perruque vnd
531 1507 1354 1628 ein Jageli Braums klind angehabt
516 1571 1404 1690 einsammt In mint nben der Koter
522 1647 1069 1770 Mattun Theilhaff Vorden.
500 1805 1396 1934 Mit 12 Meyen im Löwenburg inner
516 1895 1416 2000 der mit dum 1 Branckrnich kommen, wonste
522 1960 1420 2079 seinen Namm nit zu sagen, habe lang glag
527 2030 1412 2149 Ins haar vnd mir rohte Calsaque jutia
539 2098 1365 2212 gen seyn in obgedachten machtmun inr
532 2173 1407 2285 Schwiß gesullschaft zu schildlichen allhier
544 2236 1375 2340 zewdesen, von dar sy binde dor wnng
538 2302 1401 2415 mehr als zweyen jahren in fer einigen
525 2359 1413 2482 hauß am gibelm gäßli kommen und dans
538 2439 1408 2563 enzig allda gewesen, habe obiger inner
522 2511 1067 2617 im daselbst misbraucht.
656 2702 715 2796 sn
454 2712 1425 2857 Sen dito iserdige durch mhe
516 2801 1401 2917 raaminatoris und herr Großweibel som
523 2869 1431 2986 gur widerumb eaminiert und reffigter
515 2940 1425 3065 mahnt worden die warheit herfürzugeben
523 3012 1414 3125 und niemandem ohnrecht zuthun, da dann
518 3083 1368 3202 nach ablasung vorbeschribner vershen,
499 3151 1404 3271 enes gestrigen tags wegen mit mir g
499 3214 1367 3338 habter kleschlichen vermischung belag¬
502 3297 1411 3413 gem anrlag wider solche uf ein frischen zu
1621 972 1718 1074 14
1634 1059 1694 1133 15.
1628 2048 1702 2106 16
1649 2095 1694 2186 7.
1626 2363 1703 2459 18.
2609 514 2773 616 178.
1733 596 2680 788 bättiget und noch volgende von ort zu
1743 667 2736 870 ort umb gleicher that willen angeben halt.
1938 810 2267 947 zu Moiser
1739 872 2739 1065 soeen sunder dahelbt, Wuße von Namm
1738 938 2795 1121 nit, seyind wullwaber der eltnen, derhabe
1735 1000 2746 1160 imme einem rung geben und zunost vor
1745 1059 2788 1239 2 jahren by iue gsin, habe lange Kausen
1727 1129 2786 1340 Schwanzlichte Haar er jungern biuder
1713 1189 2797 1357 denn eyn umb etwas benner alß der elter
1730 1294 2807 1425 beide ledige Persohnen, arbeitend in eignnn
1740 1361 2762 1510 hauß für sich selbsten, mit dem jungerin
1736 1409 2710 1564 eyn die that jungst verwichnen soner
1731 1449 2796 1612 In andres toges hauß gnembt worden, habe
1747 1524 2783 1687 nit gewußt, daß sy bruder segind, sondeen
1734 1592 2789 1760 solchen ert hernach vernommen, Ninwol der
1728 1656 2803 1800 jungere von zum loge gewahrnet worden
1749 1722 2800 1878 ein soll seiner selbsten bahrgenommen, weilen
1725 1809 2721 1942 ercloge gewüßt, daß der alteen biuder
1741 1905 2297 2003 Vill mit dea umbgangen.
1698 1983 2758 2146 Srosen Franzosun, farnn Kamen ins auch
1737 2061 2637 2197 an weße zum weisen luz daselbst
2048 2186 2194 2323 Rod.
1740 2276 2786 2416 H Batins Sohn von dasalbsten zu lmahlen
1760 2361 2737 2468 ab 1. in seinem hauß zuur guebi, das
1762 2406 2817 2544 mahl vor zweyen jahren im sunpst by der
1755 2479 2794 2602 konen, seye ein ledige Persohnen undsin¬
1758 2551 2805 2688 nn vocacion ein schumacher. ist laut ui
1748 2606 2737 2737 kommn Schreibens von Nuvons den That
1749 2697 1920 2783 bekant.
1739 2774 2788 2926 h. de la verdures mecht zur konunden
1647 2826 1713 2924 19.
1765 2861 2786 2982 selbse, dan er mit Imn auß Sagen gefuhrt
1649 2946 2818 3089 0. um gntoner kuttmacher von Ganff Bittise
1751 3028 2269 3143 genant Jor 2 jahren.
2019 3165 2290 3280 ansanul
1760 3244 2693 3401 Mit einem französschen Grafen zum
1638 3289 1709 3380 21
1769 3353 2756 3473 jähren daselbst, welcher villmahl mit ium
