3024 4032
312 626 433 721 119.
512 671 1357 804 benden Sunre darvon gerndt haben, so
1276 740 1380 808 dabe
511 739 1203 868 age aber auß den sach mit Vorden
486 796 1329 928 dazumahl ein brann blind ffad gehabt
506 851 1166 971 vom m. Dingnautar entlichnt
474 968 1382 1121 Sutans seye e ihmgangenn somnr nach
483 1041 1342 1186 Hoffingen gefahren und inderwegen zu
510 1103 1360 1215 langenthal übernachtet, habe zu mums
502 1160 1396 1285 binders schwagnrn herrn frudinanten seein
509 1216 1367 1350 egger wollen, vnderselben aber habe in nit
509 1279 1384 1417 angetroffen, jann mit seiner zel die da
507 1328 1337 1464 zumahl ein kindrbelleri war gürndt und
494 1400 1366 1509 kum Lölden losiert volgnnes sich lnder
493 1438 1363 1571 hururk uff wynigen begeben, daselbln
489 1507 1340 1645 Reihen er ein hochzeit angetroffen, sich
1175 1569 1345 1646 Da
513 1567 1177 1690 ey zweyen tagen uffgehalten.
492 1627 1368 1757 zumahl habe e by 5 tagen zugebracht
506 1687 1329 1795 und ein braun pfurd von eben obigen
491 1746 1354 1856 Meiler manti gehabt und zum vorgeben
483 1810 1347 1925 wolle imb Eigenw. welchen roßlohn in
502 1887 841 1968 noch schuldig seyn.
476 1930 1410 2047 Reitwach wüße er sich bart den nutarungen
490 1993 1383 2099 gar mit zuversammen, das er hingefahlen inn
489 2173 1393 2312 ergleichen außeeiten aber erfordern gelt
501 2254 1367 2375 und teilen ersage, daß er so armuhug
490 2327 1312 2441 seyn, wo er dann das gult genommen.
489 2381 1336 2492 Sein bruder Doctor habe zum deb den
494 2454 1326 2543 Runß nacher Cansamin 13. Aller geben
501 2517 1333 2621 und seye eben von deßwegen nacher hren
501 2559 1383 2675 fingen gefahren, umb von demselben galt
476 2646 748 2756 zuentlichen.
498 2744 1390 2881 Ob er ninmahlen zu Lugnen und zu zu
503 2846 841 2933 nugen gsin seyn.
958 2826 1377 2936 sha jinngen als
508 2886 1398 2993 er wider imb land kommn, en passant, zu
508 2949 1028 3059 lureri aber uimahln.
506 3042 1386 3171 und zu Greyburg. Einmahl und zwar
523 3133 1392 3235 vor einem jahr, da er sich zu huß begehnn
517 3189 1374 3297 begeben vmb die Statt zusachen, Habe
518 3248 1374 3350 bym roßli osiurt, daselbst den tüffer
509 3300 1372 3407 Stelller angetroffen, mit eine zu nacht
516 3360 1426 3469 geßen, und in einem gmach mit einandern
511 3422 743 3503 geschlaffen.
1683 1146 1744 1250 1
2662 368 2799 460 130
1720 490 2782 715 Ob a dort nit im zehnifer löster gsin da¬
1740 535 2816 773 selbst oder by weltlichen schoachen geführt, san
1738 632 2802 827 Im Insinter Coster getesen daselbsten dem
1743 686 2815 895 Pbliotecario nachgefragt, vmb die Bibtioter
1721 745 2829 994 zusechen, habe inn soneen migendes hingefürt
1759 819 2802 1053 noch londer mit zum noch anderen gar mit dih.
1746 882 2814 1088 couriert und habe sich nicht zunokennn geben
1743 959 2781 1159 Jaß weit, das der wihrt selbsten nit gewnßen
1739 1039 2803 1231 woher er seyn, biß Lünffel stelller tunan
1760 1117 2785 1303 gerndt, da alß dann dar Wihrt inn Stelller
1750 1181 2816 1378 gefragt, von wannen er seyn uff vernamen
1738 1227 2805 1429 Das e von Bern tage habe er wihrt volgents
1767 1311 2792 1475 inn gefragt, um meheiße, darauff er zun
1764 1363 2783 1564 berichtet, daß er deß doctor mngs sohn
1760 1446 2812 1634 eyn uff welchens er tum gesagt, das z den
1765 1511 2773 1671 selben gar wol kanne und zu honn und
1765 1569 2776 1732 anderer orten zu mehrmahlen gesuchen
1760 1715 1874 1798 abe.
1733 1779 2788 1919 orumb er nit mit dem Leüffer Uedlag
1761 1858 2793 1984 auch zu huß und villichena zum wol wurde
1765 1917 2789 2053 gutrag haben ob er mit wolle wider zu
2296 1995 2803 2075 der kusfer habe
1774 2007 2226 2102 eink gangen seyn.
1770 2055 2811 2187 allzusuge geeilet und habe er den stallnach
1777 2121 2805 2237 nit hollkommen besichtiget gehabt, sege aber
1767 2216 2813 2301 Bald hernach von dorten weg uff Martin
1756 2267 2806 2380 zugangen daselbsten im Statthauß uber
1768 2328 2787 2428 nachtet, alwo a mit hern lub auch wegen
1764 2398 2810 2513 eines junrahus habe reden wollen und zu
1753 2467 2787 2579 dem indinn h dob zum nachinsten mige
1768 2541 2772 2644 laden, dersehbe aber seye wegen gehalten
1768 2608 2805 2702 geschaffen nit mschinin, molgenden morgens
1691 2660 2506 2774 habe er sich nacher Berg lader begeben.
1770 2791 2770 2924 Ob ar nit gerühnt. Er habe solche große col
1780 2875 2726 2974 respondenzin, wann mams lnßin mann
1785 2951 2278 3049 wnde sich verwunderen.
2370 2938 2784 3049 tem solchens haben
1781 3003 2198 3099 ummahlin gesagt
1780 3100 2742 3224 uff vonhalten, das gewüsen berich vonhanden
1779 3183 2794 3269 a sein schworer by einem ubendbroß ußert
1776 3247 2797 3348 halb der statt silberen Schüstel und Taller
1798 3307 2743 3411 ffgestelt und über befragen. dem selbige
1794 3362 2782 3455 egend gesagt, sy gehörind nun zn, Gab e
