3024 4032
398 518 505 621 226
377 740 542 854 rußen
351 1587 602 1697 andtrst zu in
358 1658 438 1723 und
613 557 1510 730 Johan Rudolß Tilliers auch dritte
574 649 1524 779 landtag verführt und weillen nach
602 711 1560 841 dreymahlen beschechenem hernor weder
600 789 1575 910 der Danid Schramberger noch jemand
608 844 1562 952 in seinem namen nit begegnet, alß
598 913 1557 1028 ward uf gethanen rechtsatz und darauf
597 972 1548 1113 gehaltenen umbfrag offtanzogener
595 1044 1554 1162 Danid Schrambergert durch einhallige
613 1117 1566 1250 urthel mhynhl schultheißen innannen
593 1195 1554 1306 ichgeh und oberen mit lyb und gett
594 1256 1548 1400 zu bekent, auch von dero landen und
579 1345 1542 1455 gepieten für hundert und fin Jahr
604 1404 1554 1540 verwisen. Auch jedermenigklich er
600 1493 1555 1607 mahnt worden zu Trachten disen übel:
610 1562 1540 1681 thäter, was er denselben seihen oder
597 1636 1543 1738 erfahren mag lebundig oder Todt
578 1694 1552 1810 der hochen oberkeit als in dero hochstan
587 1770 1559 1882 ungnaden er gefallen und deßhalben den
578 1838 1530 1923 vogel im lufft ubergeben worden.
566 1910 1537 2033 zuzubringen, damit derselbe
591 1985 1555 2102 von solcher mordthat wegen nach
569 2059 1566 2176 verdienen abgestrafft werden möge.
729 2268 1365 2412 Christen Iumel
845 2365 1262 2486 ein schneider
574 2455 1551 2561 hat zweyen weibs persohnen die ehe
583 2509 1545 2643 versprochen, die einte beschlaßen
563 2581 1547 2689 die andere verhenrathet ist andere
567 2647 1545 2763 dergleichen leicht seinigen Vogeln zum
574 2699 1570 2841 byspill uf zwo stund an den prangen
561 2773 1573 2895 zustellen verselt worden den 4. sembris 1689
548 2850 1432 2978 ward exc9 den 5. emartii 1689.
2808 427 2927 528 Ex
2081 451 2621 622 Nihel kunts
1867 586 2840 751 ward durch den vor etlichen jahren
1865 658 2910 833 hingerichten Langenegger der dieberey
1864 715 2884 896 beklagt und deßwegen von ihr gne
1861 767 2886 969 uf drey jahr lang in daß Schallmoderk
2725 831 2872 929 hat
1862 871 2634 1011 erkent allwo er ußgerißen
1861 917 2870 1063 anstat der beßerung zweyen ledige
1849 973 2919 1145 persohnen die ehe versprochen und selbige
1857 1042 2883 1208 geschwangeret weßwegen ihr gne
1860 1103 2887 1268 ihne nochmahlen für drey jahr in daß
1863 1173 2869 1305 Schallenwerer zu schmiden und zwo
1849 1235 2898 1369 stund lang an den pranger zu stellen
1863 1317 2628 1452 erkent den 19. martii 1689.
1853 1397 2405 1546 exeg den 20. dito
2019 1681 2907 1862 Johan Paūl Glaßer
2043 1798 2765 1975 Hanß Georg Prem
1865 1935 2881 2078 Sind uß oberkeitlichem beselch
1871 2035 2823 2131 von Wiblispurg gewahrsamlich
1858 2084 2892 2206 alhero geführt und den 15. marti
1859 2146 2925 2283 1689. durch nichtts herren alt Zeuoh
1861 2220 2880 2339 Geat Endwig Gerset des kleinen
1856 2277 2905 2406 rahts und herr stattschreiber Groß
1867 2359 2922 2466 als verordnete herren exammatoren
1871 2420 2922 2549 neben Ihr gel. dieneren heeren große¬
1871 2484 2913 2614 Abraham rscharner und grichtsche
1859 2563 2918 2681 in der oberen gefangenschafft alhier
1880 2632 2908 2750 vnd zwar absonderlich exammiert
1867 2701 2917 2798 worden und zu erst vorgestelt worden
1859 2762 2908 2871 siner welcher vorgeben, daß er heiße
1859 2826 2919 2930 Johan Paul Glaßer, seye geburtig
1877 2889 2835 3000 In Ebenger Wirtemberger landts
1856 2942 2891 3046 der cherpfaltz zustündig, seines
1840 2994 2880 3116 handwercks ein bader und zruh
1870 3070 2903 3171 schneider by 34 jahren alters luten
1870 3129 2907 3244 confession seit 4 jahren verhenrathet
1861 3178 2868 3283 mit Anna Barbara Grafin von
1862 3251 2895 3357 altstett ein Rheinthal ref Religion
1867 3312 2889 3405 habe uf docation zu letst und vor seinem
1864 3369 2894 3461 henrath gedient by herren anders Meyer zu
1877 3421 2865 3533 Jagspurg, seit seiner Heürath aber
