3024 4032
334 530 435 627 141.
515 616 1413 752 Inn von der gutte Göllens er zur
527 699 1397 816 Berburg angewisen worden, uoß
537 770 1416 886 wendig und inwendig wal Herrich¬
539 841 1409 950 werde, Eben so nohtwündig ist ins
549 909 1449 1012 auch ninem Juglichen Politischen Stand
540 982 1453 1091 und Berrschaft, daß dieselbe, damit syn
513 1044 1419 1161 den flichtin gefahrlicher Conjunitiren
545 1113 1433 1237 und zeiten nit zu grund gehn und
551 1173 1429 1269 ermeln von dßen und immen jar
536 1239 1372 1369 wol verzicht und versuchen seyn;
509 1378 1428 1513 vbe Wenhar aber soll ein jüglicher
500 1457 1380 1566 Klanz wol Hurgicht sein durch gutle
532 1529 1388 1644 Sachbarschaft vnd frundtschatt an¬
540 1597 1424 1715 erer ständen durch zeilsamme und
533 1665 1429 1773 vortheillhaffte bundmußen, nochtin
529 1731 1375 1846 dige Correspondenzen und andern
494 1800 1168 1908 dergleichen ding mehr eetc.
503 1916 1403 2026 von immnhar dann soll er auch wol
497 1986 1397 2103 ingeschlyßen sein durch die fronkeit
492 2060 1435 2162 der bürgeren und einwohneren durch
487 2121 1387 2239 derosulben trüw jnd einigkeit, durc
501 2187 1324 2312 annante uffsicht und gefüßtunn
506 2249 1390 2380 nachtbarkeit durch gezennhaltung
481 2316 1348 2453 wichtiger und meit außsuchunder
500 2403 1340 2515 Rahtschlagen, Ja furnunlich auch
510 2464 1385 2593 durch ohnbesorgliche verwährung der
491 2541 1407 2616 dechiren gesnnen dann minna mit¬
491 2600 1403 2722 schen Iutenton Hand und freche hand
520 2686 794 2788 langen soll.
463 2764 1378 2922 zu derselben daso mehrerer sicherheit
498 2856 1415 2975 sind dergleichen andica auch zu allen
495 2917 1357 3046 zeiten an gnheime ort zurlagt, ic
510 2997 1356 3126 gwolberen zerwahret und sonst durch
509 3048 1397 3200 ongfeltige heit wol versicheent worden
497 3121 1399 3248 Dahar die alten dergleichen aredwa gn
498 3188 1363 3299 den schätzen selbst meistentheilis in die
515 3249 1367 3367 lamgel gelagt haben, damit inder
517 3324 1357 3449 mennigklich neben dem grütdel der
2669 526 2747 632 141
1779 642 2803 816 Bermndrewung an und für sich selbst, durch
1763 742 2759 869 die keiligkeit deß ortss das geringste
1778 776 2796 926 Barton zuverencken abgeschreckt wurde
1790 858 2796 984 da ins habend die Romer drn aredira
1780 936 2812 1054 In das Bollshauß Saturhi, so uff einer
1780 998 2806 1143 schrofen uß dem Burg Capitolino nrban¬
1783 1054 2757 1202 get gin zu disem end geleget, daß von
1771 1116 2746 1257 der angehüren gefarligkeit deß ortis
1770 1182 2743 1318 willen, an solche geheimm schrifften hand
1760 1245 2808 1403 gelugen, sich niemand gelußten lnße son
1786 1313 2800 1444 dern alle angenblink zuforchten zelle das
1774 1389 2790 1507 din schrofen oder die gache deß helßen
1786 1442 2820 1563 selbst die abschuiligken muns solchen fra¬
1774 1513 2802 1629 fulis Zurachen vnder dem thäter Zur¬
1769 1598 2781 1700 fallen, und inn alß nach Tardmung zi
1781 1652 2597 1769 nichten und verieiigen möchte.
1866 1774 2721 1904 aber jemand entdenkt worden
1762 1876 2792 1992 er sich sollonit ertraffnnt hatt vas fur
1775 1941 2789 2056 ein pretent Aime vorgewundet worde
1750 2013 2783 2125 dengleichen guhinnen dingn auß usten dn
1751 2080 2787 2191 Gwolberen zmauszunemen. Ist ei solche
1773 2143 2786 2253 kraffel zu allen heiren mur caperat gu
1770 2203 2766 2310 halten und an umb und leben s wegen
1751 2283 2752 2389 er großen gwahr, in welche ui Stand
1756 2334 2724 2458 hardurch gebracht werden wen, und alßo
1756 2396 2767 2512 nit ohne tochpfringende ursach, wannet
1766 2461 2734 2587 das intruw und wraffel an dergleichen
1741 2533 2701 2646 wegen verszührt wirt, hoche oberkenten
1738 2595 2706 2700 durch antendung allertug Mitlen dahin
1757 2658 2762 2772 eiffeken, das solche gefahrliche intruw anta
1757 2712 2764 2837 gebracht und der tarr zur erforder
1776 2785 2751 2912 ichen traff offenbahr wurden möge) an
1753 2843 2742 2968 rafft und gerochen worden, und u
1754 2925 2733 3042 auch die zochen filligkeit, das der junige
1735 2991 2751 3119 der sich an dem zergrinffen, dach also zu
1757 3043 2765 3167 enden) das leben und die seel man
1744 3109 2731 3226 standtss ist, auch an seinem eigneg monn
1758 3170 2729 3291 abbüße und nännigklich alßein ixem
1754 3233 2713 3362 pet der gerechten straff einer solchen
1752 3297 2435 3412 Misathat vorgestelt werde.
