3024 4032
433 524 526 624 97.
817 563 1342 711 stessan derret.
637 663 1529 802 Ist wegen außgesoßener Bollloser
635 744 1540 879 schwuren und sindeg zu Wolwerdum
638 811 1500 920 für straff ein jahr lang von Stall
635 872 1550 981 und land Aurwim morden den 19. aprilis
604 927 1539 1043 die iulimation aber daß eydtis beschehen
619 994 1057 1120 den 8. junii 1687
776 1153 1352 1306 Berchtold Iuter
831 1230 1244 1365 Der Schnider
635 1371 1525 1500 It, wegen Er den durch Tschmacher
633 1448 1539 1571 Widmmr in herren Chorschreibur Machegs
622 1511 1514 1624 hauß entwanter danknum hall be¬
629 1580 1557 1703 gangenen dmebstahl verbärgen und sar
628 1655 1512 1761 langneg helffen ein monat lang vor
616 1721 1503 1851 Jachen Burgeren gihe hinauß nawwium
628 1808 1321 1905 mordus den 20. april 1687.
962 1886 1033 2010 B
671 1934 1374 2089 Ranti Lenggispei
754 2036 1505 2152 und sein Frl von 2tlmasingen
599 2102 1518 2240 Welche haben bekantlich sein müßen
593 2191 1510 2316 dem nihtt zum autz allhiet auß dem
611 2257 1484 2383 stutt, darinnen sy gelagen, inderm
610 2328 1482 2459 genommen und eitwundt zu haben
626 2393 1478 2510 und von dr krln uss drun monat
625 2468 1487 2594 lang bannisiert und die herren nach
580 2541 1494 2655 Rutzor ans hartnurkigen laugnunb
615 2615 1487 2730 und faltschen schwehrens begen ui
608 2681 1503 2776 car uund lang in die wüllener¬
620 2739 1417 2877 kant wordnn den 3. mai 9687.
799 2871 1307 3029 Laspar Schul.
831 2969 1539 3107 Anni Scher sein schwöster
837 3057 1493 3205 Aam spani an Muller
575 3154 1470 3275 dise sind alß unnüze Landtsreicher
616 3243 1494 3356 und panremblager auch deß zugrei
605 3286 1543 3409 seino sehr verdachtige raff Rättlur Ord¬
614 3359 1511 3471 nng in das schallendnrek erkent
593 3434 1291 3554 Bordu den 9. maii 1687
2779 412 2887 512 193
2032 515 2581 710 Ande deffelet
2128 659 2371 758 von imb.
1864 655 2925 862 So in dem wein außgeben gegen herr
1881 743 2873 943 dachsulhoffer mit dem mloßten gult
1884 774 2956 1014 untrüwlich gehandlet und sy 50 in 60 s
1894 890 2878 1084 geraubet ist andern zum eocempet
1878 941 2863 1116 und stund an das halß ehsten erkent
1900 1076 2539 1203 worden den 31. mai 1687.
2138 1199 2758 1367 Catry Schwertzer.
1888 1337 2866 1513 selche da einer armuhtigen Persohn
1857 1420 2840 1595 s geraht auß der stuben entwandt
1889 1505 2917 1651 und andere deebstahl mehr begangen
1880 1594 2838 1736 Ist selbige ein jahr stund lang  die
1893 1664 2916 1788 wrüllen erkent worden de 31 mai 1687
2078 1923 2664 2055 Sohanres Borg
2121 2024 2544 2154 von Aponnzull.
1889 2107 2871 2252 seines handtwarnks ein landtstri¬
1893 2193 2830 2317 hur, welcher eine weibspersohn
2165 2265 2275 2317 sein
1864 2269 2832 2392 die zum uff garsties begehren und
1896 2335 2905 2446 anhalten nit alsbald die ihn hatt aur
1886 2404 2902 2521 zrechen und zn seine begwideg willige
1889 2468 2835 2588 wollen, übel mit sreichen und schlagen
1890 2541 2926 2657 tractiert, ist aro sund lang ams halß
1886 2603 2926 2719 eißin erkent worden mit der betruwung
1879 2675 2928 2795 daß, wann er imb künfftig zu jr dde stall
1889 2744 2900 2860 oder land urgriffen wurde, er alß dan
1894 2810 2849 2939 mit harterstraff werde angesuchen.
1892 2878 2582 3000 vrden acoe 9. junii 1687.
2582 2910 2657 3022 3
1975 3019 2646 3153 Lantzard Gildt
2164 3141 2506 3235 Guttmacher.
1880 3199 2880 3322 Er ar habend seinathalber erkent
1873 3283 2824 3412 das sy zwar wol ursach gehabt hetten
1897 3355 2899 3498 wegen siiner golllösigkeit und fornhal
