3024 4032
261 462 343 551 19.
477 484 1436 599 aber auch an der marter sich bindere
474 558 1395 668 halb vor unschuldig darguben und sy
482 618 1431 721 beide entschlagen habe, habind ing
478 667 1458 783 befunden, daß an sy, alß ein mitlonders
482 739 1474 852 verstorktens oder sonst verkuhrtens Munkz
476 798 1422 898 derners nit zu sitzen sage etc. Weilen
467 858 1409 962 ein damnach zweng schebruch und ein
482 920 1451 1032 rediger fahler vorhanden habend in ad
481 962 1418 1082 benohlen disern rettschm nach inhalt
481 1033 1409 1131 und außwaesung deß gsätzens eygtlich
474 1093 1446 1204 von ir gch stätt und landen zuverlan¬
479 1143 1470 1239 en den Costen, der mit wra allhier dß.
477 1201 1430 1323 gungen dann, so weit willel vorhanden
452 1260 1440 1376 din wa noch zusuhen mochten, Zuerheben
456 1329 1445 1450 dass dann Jaggi Jann betriff sollen
485 1382 1453 1507 ff abtrag Cosmb, Was seinethalben all
481 1461 1421 1576 hier ufgangen samt einer gütten eetc.
485 1525 1368 1627 monstraneledig gelaßen werden.
448 1599 1122 1705 Acte 8. novembris 1689.
477 1671 936 1774 lodem cxequirt.
698 1841 1203 1961 Paulus medecs.
713 1941 1139 2045 und seine geshanen.
482 2067 1435 2217 ver die abgelegte helation isse
485 2142 1469 2247 aminatoris Ciliuri, Win namlich nem
450 2206 1391 2332 das angutante Examen und fortariein
488 2258 1394 2372 mit dem droben verhaften verdächtigen
478 2317 1381 2457 Farßhum an beschaffen und Rinsy nit
461 2380 1453 2519 cenvruciert wurden mögen, daßen sosyan
470 2461 1443 2592 genlagt gewüsen, sindind er ach, daß an
467 2533 1449 2633 gweitner engeuzen, sondern wollind er¬
480 2565 1456 2704 kant haben, solche ohne begahlug duß zusi
475 2648 1417 2761 orumb zu dimittieren mit dürordnrung
461 2702 1460 2823 daß sy sich alsbald lort und auß in al landi
477 2745 1461 2907 machen dies alß verhalten söllind daß antton
466 2815 1475 2976 gen kein klag mehr zonne, Nidrigen fahlsviden
472 2888 1468 3033 nun iss eaggen altens und newes znammen
468 2942 1466 3093 geben laßen werdind. Acte 21. oebris 1is7
2688 399 2778 493 20.
