3024 4032
441 520 513 605 42
604 604 1579 774 Johan Paul Glaßer dan ward beken
595 708 1573 855 daß er zwar mit vorermelten Scheinen
612 792 1537 909 und patenten als ein einzircher sich
600 849 1497 977 gebrauchen laßen, e ger lande
599 931 1541 1024 durchstrichen, by drey und dreyßig
608 995 1585 1104 seh damit ufgenommen, aber vermeint
599 1063 1568 1156 das alles das Jenge was die scheiffen
593 1117 1556 1232 so ihme durch den Johan Phillix Paur
602 1181 1538 1301 zugestelt worden inhaltend, warhafft
901 1235 1530 1350 bezeugete auch daß ihme
595 1239 734 1333 seye.
592 1303 1528 1415 diser begangene fahler so wol als
578 1366 1502 1487 dem Prem sehr leid seye, Pittet
593 1444 1552 1552 Doßwegen ebener maßen vmb gnad
592 1511 1014 1612 und verzeichung
452 1544 1549 1687 . Worüber nahch ghln rächt und zurger
575 1654 1484 1759 zu recht erkent und gesprochen
583 1715 1544 1820 daß Hans Geöeg prune neben einefehl
587 1767 1520 1877 seiner seelen dem scharpß nochter solle
539 1843 1550 1940 übergeben werd, welcher demselben oben
574 1883 1526 1998 auß uf gemohnliche rechtstatfüheen und
573 1940 1528 2050 daselbsten mit dem strangen von dem
570 2011 1238 2110 leben zum Todt hinrichten
524 2054 1549 2205 der HJohanPaul Glaßer aber wol
555 2147 1538 2253 mit enthen ußgeschlneigt uf dem engken
555 2197 1530 2302 gezeichnet und mar dem eydt von ihr
564 2261 1539 2359 hne statt und lauch vorwisen werden.
557 2318 1510 2435 solle, acterm de 20. aprelis 1689.
546 2387 1370 2531 exeg gleichen tags an beiden
1616 786 1844 931 r lpi
1612 1823 1834 1961 begeiene
2823 367 2934 471 243
2029 537 2544 676 xaminatio
1882 592 2880 813 Vß hoch Oberkeitlichem befelch
1880 726 2845 898 ward oder von Frütingen alhero
1849 769 2946 984 gebrachte Ulli Guman von Hungen
1859 874 2811 1039 durch mnherren rathsherren samme
1853 904 2946 1124 Charman als von Mhghrn verordnete
1844 990 2975 1198 herren Exammatoren und den Grichtsch
1824 1080 2941 1293 In der Oberen gefangenschafft, alhier
1856 1191 2842 1336 wegen des durch herren harten von
1854 1257 2785 1421 Burgdor geklagten und alle
1855 1278 2949 1488 umbstenden nach durch aigen uman
1828 1390 2866 1564 gestohlenen Gleicke duchs, gantz
1845 1494 2461 1630 ernstlich exammiert
1824 1568 2932 1709 Es wolte aber diser zumman gar nit
1864 1661 2958 1766 bekennen, daß er daßelbe gestohlen
1842 1710 2968 1835 oder stehlen helffen sondern belarets
1839 1769 2940 1911 daß er diß in drey stucken oder
1836 1851 2923 1973 Wallen amethafft von 300 sollen
1843 1913 2944 2042 haltend in einem holtz eine stund odeit
1846 1991 2927 2109 undenhalb gurgdorff gelegen von zwey
1829 2057 2976 2163 gesellen, die nit keine und seines erachten
1846 2122 2871 2232 von Sumßwald seyend, der einte
1835 2195 2965 2312 namens Ull Rötlisperger der anderen
1837 2266 2966 2390 namens Peter N. erkaufft und denselben
1815 2335 2980 2467 an einem Sontag gleich damahlt 6d
1847 2406 2924 2526 und den darauf gefolgten donstag
1838 2484 2982 2603 aucf gleichem ohns doch andere 62darf
1836 2538 2954 2680 bezalt habe, welliche sein m zu Mein
1830 2605 2948 2747 Ißwyll soldtherner gerrts ihme
1836 2670 2034 2766 gelichen
1845 2736 2970 2872 Alß solches Ihr Gul. den darauf folgend
1831 2808 2961 2937 26. serr widerbracht worden haben
1818 2863 2944 3014 dieselben vnser ußsag keinen glauben
1838 2932 2973 3090 zustellen können, vnd in betrachtung
1839 3004 2923 3158 derselbe bereits hievor ein pferd
1840 3076 2977 3211 gestohlen und sonsten anderen buben
1839 3135 2951 3292 streben halben in großem verdacht
1840 3203 2977 3358 mhhn t befohlen nochmahlen und zwag
1846 3251 2928 3439 wo von nöthen mit erforderlicher
1858 3334 2812 3498 wartes an denselben zu setzen
