3024 4032
2053 2011 2427 2214 Information
1826 2196 2814 2330 Zwüschen jr. Albrecht von Wyl Diessbach
1858 2278 2379 2376 hen. zu Wyl an einem.
2494 2298 2832 2371 denne hen. Al¬
1866 2344 2881 2449 brecht Steiger hen. zu Wichdorff am anderen
1847 2409 2822 2514 theill gehabten querelle und daher er¬
1868 2466 2780 2582 folgter verwundung dess jr. Steigers.
1759 2581 2844 2729 Über ir. gnden. empfangenen beuelch habend
1772 2683 2883 2789 dero diener der eynunger und grichtschreiber
1775 2755 2879 2860 den inhalt desselben alsobald in execution ge¬
1795 2810 2851 2909 stelt und den jrn. von Diessbach hen. zu Wyl alss
1801 2857 2797 2964 welcher vorkommenem bericht nach gestrigen
1795 2918 2867 3044 abendts jr. Albrecht Steiger hen. zu Wichtorff
1793 2978 2812 3101 uff dem kirchhoff gegen acht uhren zimlich
1798 3032 2802 3154 gefahrlich verwundet haben soll den arrest
1792 3104 2802 3233 in seinem hauss angesetzt und durch fünff
1798 3157 2803 3283 persohnen verwachen lassen etc. wie nun
1766 3215 2823 3340 die wunden an sich selbsten beschaffen und was
1774 3281 2852 3425 daraus zuurtheillen, solches werdint ir gden.
