3024 4032
308 572 439 667 179.
538 605 1408 774 gemeinschatt gehalt und von dem ins
533 704 1418 825 ein undiß daüßen zu Loniz Gnndinge
535 799 714 881 bekommen.
538 827 1411 972 mit noch einem anderen Kanzosun der
409 902 493 1001 32
535 925 1387 1053 obigem Gralen gult auß Frannkreich
527 1012 711 1118 gebracht.
528 1091 1411 1211 mit einem schumacher von Röttschmund
419 1139 504 1221 13.
540 1168 1439 1260 oder Sann namens Uleich, sem m woh
531 1234 1420 1358 an nit weit von deß Stastellenburkis hauß
534 1294 1408 1429 gegen dem stahrin über die that seyn
524 1354 1417 1489 zem sährin zu Tausamin, alß is by ob
552 1421 1405 1547 vermeltem Grafen gewohnt, geschehen
527 1515 1434 1644 eben zur selbigen zeit mit einem frau
414 1593 525 1666 24
552 1599 1402 1730 Hösischen Schmider seyn lädig, arbeite
545 1668 1387 1754 für sich selbsten alldönt und wohnn nach
535 1729 1429 1849 an deß obersten pfarherrin hauß daslb
513 1833 1374 1962 Mit einem Landts kind Mosib genant
401 1866 483 1939 25.
530 1902 1371 2012 minem michen bauhren sohn, der Vlli
520 1966 1402 2091 so by se von Müllenn gedient, seyn
520 2041 1387 2162 ein bruder, Ea Mosus aber dißmahlen
511 2113 1350 2220 zu Zürich zum Korchen in dumten
514 2170 1404 2293 habe ime einen Zudull underschrinbe,
533 2244 1419 2321 müßen, alß wann er mit ium mhrs ge
528 2309 1392 2430 then gehabt, dann aber nit zuglauben
513 2387 1397 2492 seyn, dann es seiner warhaftig theil
518 2442 1383 2567 haffig worden und von seinem meitag
500 2508 1392 2617 dem Rrechenwirt deßwegen mia
507 2584 873 2702 gen habe 5 lb.
713 2647 954 2779 Milden.
377 2765 1394 2908 26. Mit dem kunchs zum auch daselbsten sene
524 2849 1421 2985 ein leütschen lndtlind Peter oder su
509 2913 821 3023 dolff genant.
355 3030 448 3119 27.
497 3016 1416 3146 Mit einem Abrasam, vermuint Weißhar
514 3099 1427 3220 ein zuheißen, daßen schwöster Heiße alß bett
507 3164 1418 3265 by herren obersin ammerin in winfen seye
506 3224 1433 3340 eines handtwercke ein seinhauler sei
513 3289 1424 3417 Müller trage off brnfen von hierauß nach
499 3349 1425 3486 eerten, seyn vor 2 oder 3 jahren im statt
484 3414 1028 3539 hauß zu Milder beschechen.
1624 725 1717 827 18.
1620 1262 1700 1356 29.
1613 1729 1695 1800 30.
1629 2183 1705 2289 31
1629 2442 1707 2527 33.
1637 2845 1705 2962 33
1631 3104 1772 3210 34
2633 444 2795 546 180.
1732 585 2727 797 mit inmem geweßen franzosen, seyn mit
1739 647 2806 855 zum uff einem sand nach milden gefahren
1756 719 2772 916 und anderwegs, da sy übernachtet ser¬
1745 783 2717 1006 meinend an einem zreyburgischen dat
1745 875 2732 1048 iiner genos worden, habe zum einen
1730 975 2356 1130 4. Taller in sank geben.
2039 1101 2312 1228 sfetten.
1726 1142 2826 1330 Mit einess isenherrnn zu laserra diener
1739 1199 2808 1403 seyn ein ledige persohn by 24 jahren alters
1748 1325 2805 1483 knnz und fus von mib tage sein eiem
1733 1361 2712 1528 haar von iffnaten gebürtig, habe mit
1726 1443 2824 1600 Inn am statthauß daselbsten seit 2 jahren
1735 1542 2201 1691 zummnschafft gehabt.
1733 1620 2726 1785 mit Jonas Renana einem schiffman von
1751 1721 2772 1852 Murten zur zeit herren landtvogt Eiannel
1725 1783 2806 1918 Reiger anrumtag als mann nach dem
1740 1868 2815 1993 pagagen geschoßen, seyn seies Kalleris sih.
1741 1942 2830 2080 gegenschwager, gehn ins aber verwandt¬
1740 2039 2289 2148 schaff halber miub an.
1734 2111 2778 2279 mit einem feömbden Lautschen Blaß¬
1746 2210 2712 2342 framer vor langerheit, alß ins von
1761 2305 2028 2421 orbe kommen.
1756 2380 2827 2532 alß es zu iffnrten gewesen und mann
1741 2488 2832 2598 den papaque geschoßen, seynes jumanden
1757 2555 2831 2678 Im schloßgarten genoß worden. Wüße aber
1764 2623 2842 2737 nit, wer es saye, dann as damahls Tenncke
1759 2721 1966 2815 gewusnn.
1761 2812 2695 2957 Nit einem Kürsener zu duns, grad
1779 2899 2832 3044 Under dem Weysen lutz, so dißmahlen heren Megen
1777 2971 2460 3108 besitzt, habe er seinen laden.
1780 3085 2772 3250 u Murten im schloß habe nis auch mit in
1783 3185 2801 3306 nem Tekrin, der zue ohnbekant gewesen
1752 3245 2785 3393 zur zeit herr schultheiß imners gethen
1780 3326 2831 3453 gehabt, seye mit einem flänken im näcken
1772 3389 2780 3532 bezeichent, denes gesuchen, dann den
1770 3451 2357 3587 Rabatt anlegen wollen.
