3024 4032
434 530 492 596 4
773 561 1599 751 Marie Bosset dulocl
815 674 1541 807 seuwenburger gepiets
599 768 1577 920 Eßt als eine Vagierende dienen vnd
599 858 1554 960 deren habenden gastard dem jenige
583 940 1555 1041 den sy für seinen vatter angeben wegen
584 1000 1543 1100 Bürtze, den franzosen nammens Nicolas
594 1069 1558 1164 aber, der sy nach ihrer bekantnuß auch
584 1118 1537 1222 beschlaßfen wegen alzu langer zeit nit
580 1186 1526 1290 zeuchen mag mit enthen ußzuscheritzen
592 1234 1526 1351 mit dem eyd von ihr gns statt und
545 1308 1513 1405 landen zu werweißen und deßen
575 1370 1516 1475 Gastard den rechten vatter zu suchen
587 1423 1541 1563 verselt worden den 30ten octobris 1689
537 1488 1342 1618 ward gleichen tags exequiert,
1622 2448 1781 2546 achmahle
1716 2524 1759 2606 1.
1691 2788 1734 2871 2
1695 3097 1759 3178 3.
1628 998 1841 1099 von 21 jahr
1633 1053 1779 1123 alters
2785 575 2877 663 247
1939 646 2849 796 Peter Ruft von Ganen.
2609 839 2840 934 der landscht
1864 861 2872 1002 Nach demme Peter Rußen k santen von
1867 960 2864 1031 dem ohrt genant an der malten gebertig
1852 1011 2869 1123 bereits vor einem jahr weg vilfaltig
1858 1069 2884 1189 gegangenen die bstahlen zu Wenns ge¬
1835 1143 2849 1253 fencklich eingezogen und so wol pein
1852 1206 2864 1319 als gutlich daselbsten examimiert, vol¬
1861 1274 2828 1381 vndt der process gemacht, Er aber
1852 1337 2850 1445 vß der gefangensch. gerißen, seiner
1850 1403 2824 1504 ußsag nach sich in wolles, hernach in
1845 1459 2875 1572 Franckreich begeben, alda vnder Hr
1837 1523 2879 1626 haubtman Tschiffel von der neüwenstatt
1811 1591 2832 1703 kriegsdienst genemmen ußgerißen in
1835 1660 2872 1779 daß ambt Jann Frybürgischen gepiets
1819 1727 2881 1854 kommen, gefrncklich eingesetzt nach feyburg
1823 1789 2834 1919 gefuhrt und verscheiner tag von loben.
1831 1857 2858 1980 stand hryberg e gn uberlaßen und
1811 1927 2876 2032 gewahrsamlich in siesige obers gefang¬
1832 1988 2875 2117 schafft gebracht Alda durch mhhren rahts
1816 2051 2803 2179 herren Bornhard von Meralt alß
1829 2114 2833 2224 verordneten herren Exammatoren vnd
1822 2177 2857 2295 Bunckk Großw: Abrahan Tscharner
1811 2232 2859 2366 ernstlich exammiert, gst derselbe Vol¬
1814 2312 2747 2438 genden verbrochen, der er schon hienor
1817 2375 2858 2502 mehrentheils zu wennns bekant gewesen
1814 2441 2841 2570 gestendig und bekantlich worden, namlich
1827 2525 2833 2680 aß er im frühling 1686 als er gantz hungerig
1825 2610 2799 2723 ewosen dem Abrahar Mosching seinem
1814 2667 2820 2777 Nachbahren ein stuck fleisch vnd ein Kaßlin
1799 2734 2072 2823 entwendt,
1799 2794 2827 2913 danne im sommer 1688 habe er dem Hauß
1793 2873 2830 2944 Jagi ein hofen und ein keßel entwendt
1794 2905 2815 3022 und dem müller zu Rotschmend umb 80 bz
1811 2968 2811 3055 verkaufft, seye aber entdeckt und alles
1808 3020 2301 3122 restitirt worden.
1796 3097 2815 3217 drittens habe er im Aschikand einem ihme
1793 3170 2819 3275 unbekonten auch ein hosen und ein keßelin
1787 3207 2843 3344 entwendt unden hafen zu leißing, daß keßel
1793 3270 2492 3384 aber zu Hinrich verkaufft
