3024 4032
606 570 1551 708 und geschryen 8 Jochel 6 Jacheli ihr
348 614 612 733 sohne, das er vner
373 640 1557 771 udas hauß kommenmeister habe sich u tracks vortgemacht
617 718 1568 835 ohne gesaggen und hutt, habe daß Maßer
391 761 578 848 charpff. vf
607 779 1552 883 darmit er den dällenbach gestochen noch
359 834 503 891 treün.
601 840 1531 944 in der hand gehabt und seinem eignd
601 900 1543 1008 kind, so ihme underwegs begegneten
607 952 1565 1062 loch in daß daumfingerli zwischen dem
598 1017 1543 1117 gleich und nagel gestochen, welches gar
1186 1074 1555 1177 dällenbach aber
599 1079 977 1170 lang geblütet
592 1122 1545 1243 als er für daß hauß hinab kommen, seye
593 1186 1519 1288 alsobald gefallen, weiters habe ihne
1039 1242 1256 1296 denselben
598 1264 1535 1365 nit mehr gesech auch nür anders gehört
589 1304 1243 1418 gede, als laßt mich lig,
701 1505 1564 1647 Peter Gurger und semn eheweil
648 1598 1469 1688 welcher den dritten theil an dem
688 1654 1446 1758 hauß mit dem Dällenbach und
707 1716 1491 1812 Schramberger bewohnten
689 1773 1334 1874 sein eheweib, Zeugeten,
553 1833 1567 1963 Daß Schramberger mit hüneren grempelt
592 1909 1555 2027 und vor einem jahr wol zwanzig, sy
591 1974 1538 2074 gezeug mir eines, und dallenbach den
584 2025 1535 2130 hiner gehabt, deßweg sy in einem
588 2085 1529 2182 bestendig streit und zauel gewesen und
577 2140 1530 2244 das entlichen Schramberger die seinen
592 2197 1537 2294 verkaufft und hernach so wol ihnen ge
589 2262 1562 2362 zeug als dem Gallenbach alleneit getreüdt
592 2323 1560 2422 ihre zu todten und nach denselben geworten
568 2397 1548 2484 Den tag als disere betraurliche begeben
585 2444 1559 2556 nuß sach zugetragn seye er uf dem tagdahn
565 2502 1535 2609 gsin, habe also von allem nichts geweßt
574 2565 1023 2659 biß vf den abend
1024 2574 1543 2675 Daß weib aber
558 2634 1557 2726 Feyer by hauß gewesen, habe aber von ihrem
584 2675 1544 2792 wornichts gehört und vernommen biß der
563 2759 1550 2864 Dällenbach gescheyen  Jocheli  Jocheli
562 2805 1519 2919 daf seye sy uß der stub vor daß hauß
555 2878 1553 2984 hiaus gang, habe gesech daß Dällenbach
566 2931 1493 3051 mit beiden händen den bauch gehalten
576 2996 1570 3117 und alß sy gesagt ehermannen was habe
563 3064 1539 3189 ihr gemacht, habe dallenbach geanti
555 3118 1535 3244 wortet, Er hat mich gestochen, schram
553 3181 1540 3311 berget, welcher bereits gewich habe sich
564 3234 1547 3346 umbgekehrt, und gesagt, darumb
552 3294 1288 3429 hat er mich nit mit friden gelaßfen,
546 3358 1538 3470 Gallenbach seye darauf zu boden gefallen
558 3422 1539 3537 habe verners nichts geredt, als daß sy ihne
568 3484 1508 3568 sollen ligen laßen und seye bald darauf als
559 3545 1463 3638 er in sein stuben getrag worden verscheiden.
1815 508 2884 709 Alß nun nhgh den räthen disere uf
1846 597 2856 774 genommene insormation vorgetragen
2211 658 2874 791 habend ihr Gul einen
1858 744 2010 813 worden.
1829 703 2899 895 landtag zu halten erkent, weillen aber
1841 771 2925 949 der mehrere theil iigh der rathen und
1854 844 2918 1011 Burgeren bereits vf ihre herbstguetter
1862 918 2876 1083 verreihet derselbe verschoben worde
1842 965 2914 1169 uf donstag den 8. enovembri diß
1842 1099 2290 1227 insechend Jahre
1855 1124 2821 1327 vf wellichen tag nehg hr Rath. vnd
1866 1227 2848 1379 burgeren in der urgerserben die
1834 1295 2917 1446 Khundschafft vßsag auch vorgelesen,
1858 1359 2910 1517 und denselben darauf von mhghe
1828 1416 2928 1571 Schultheißen kilchberger nach empfang
1836 1496 2917 1631 ner instruction wie ihr gel sich zu
1841 1570 2922 1702 verhalten und was ihr gns vor eine
1847 1654 2872 1767 klag fahls der thäter erscheine
1849 1709 2846 1840 zu führen habe, by Eyden an die
1881 1770 2898 1910 renzgaßen in den Ring gepollen
1868 1877 2040 1946 worden.
1863 1884 2853 2022 daselbsten auch vnderem praesidio
1858 1961 2920 2102 hh Leütsch Seckelmeister Tilliees
1830 2038 2942 2149 der erste und andere landtag verführt
1835 2101 2892 2205 dem Todtschleger danid Gabpor
1840 2153 2933 2298 gewohnter sorm noch heruor geruße
1863 2246 2890 2363 vnd entlich nach geschloßenen beide
1833 2288 2913 2431 landtag durch den weibel mit
1852 2391 2736 2473 lanter seim subliciert worden.
1853 2453 2827 2547 Das wor den Todtschleger dasund
1837 2509 2927 2618 Schramberger zu waßer oder land
1858 2570 2905 2679 in stetten oder flacken, höltzeren oder
1856 2631 2902 2740 velderen sechen oder vernemmen möchte
1852 2694 2885 2798 demselben khund thun solle, daß die
1851 2778 2915 2859 zwen hesen landtag wider ihne vere
1852 2818 2922 2903 führt worden und daß der dritte und
1857 2878 2927 2979 letste ob 14 tag und under B wochen
1863 2942 2912 3056 auch gehalten und er erscheine alßdan
1864 3000 2880 3122 oder nit dennoch mit der urtheil
1877 3068 2720 3180 vortgeseheen werd solle
1843 3128 2543 3228 Adt 8t novembri 1688
1866 3276 2900 3401 Donnstag den 29ten novembr 1688 ward
1871 3350 2868 3460 underen pranoio ihhrren teütsch seckelm
