3024 4032
427 513 491 571 232
641 523 1586 680 Wer ihnen den wäg in diß land gebisen.
670 606 1547 773 der Thillippaur, der seye mit ihnen
698 692 1320 815 biß nach thun kommen.
654 776 1543 884 wie vil er für seinen antheil an
684 840 1574 968 den beze�chenden gelteren haben sollen.
676 906 1571 1051 Es seye nichts eigentliches versprochen
700 980 1573 1098 gewesen, handeren sy habind gesiy
699 1053 1545 1163 das sy sich wol vorgleichen werden.
644 1126 1543 1241 wie vil der Wilhelm Waiß ihme
676 1209 1540 1320 von denen jenigen 74 th, welche
661 1269 1583 1381 derselbe laut seiner heuorigen zu
359 1329 1556 1451 Lucens gethanen bekantnuß uß dem land getragen
663 1405 1078 1511 bekomen habe.
694 1475 1549 1589 gar nichts dan er nichts mehr dana
588 1469 685 1594 R
695 1529 904 1647 gehabt.
634 1821 1533 1947 Alß nun die ußsagen sechgh
656 1905 1558 2016 den räthen den 16. dito relatiert
660 1966 1576 2067 worden hHabend dieselben sich nit
652 2028 1572 2132 ersettigen können, sonderen befohle
669 2090 1582 2192 verners ernstlich und uf erfordten
667 2150 1525 2254 mit der marter an dise gsellen
660 2218 1545 2335 zusetzen weßweg nicht mit
670 2275 1527 2389 zu thun ihr ge Dieneren des
679 2352 1560 2462 herren großweibels und grichti
306 2388 665 2490 montags den 18. di
686 2414 1573 2515 hreibers sich morgens umb stehen
675 2473 1565 2573 widerumb in die gesangenschafft
676 2536 1576 2640 begeben und abermahlen absonder.
719 2593 1184 2649 vn den ernten un wder
662 2603 1576 2702 lich und mit trieüwender Marter
661 2664 1479 2769 ermahnt die warheit zu erden
655 2722 1552 2829 und dißmahlen zu erst vor sich komme
653 2787 976 2876 laßen den
788 2842 1441 2989 Hans Geörg frem
595 2924 1550 3039 deme vorgehalten worden, daß gar wol
610 2998 1570 3089 abzunemmen, daß ihren etliche eine solce
625 3036 1579 3144 tat oder bruderschafft zusammen vschworen
628 3098 1560 3204 welche dise sachen ersonnen. Solle nun
610 3146 1552 3261 sagen wer dise schrifften und sigill
609 3221 1559 3316 gemacht, so werde er sich zu gerhen
612 3273 1563 3377 haben vnd eine desto gelendere Vrtheil
623 3338 952 3432 erp sachen.
1765 2064 1883 2199 A
1794 3161 1867 3266 2
2828 427 2913 521 233
1827 520 2842 684 antw diser paur und seine schwägere
2017 570 2904 727 seyend ihme vnbekant gewesen ehe
2000 641 2908 777 er nach manneren kommen, habe derselben
1991 695 2888 836 auch zuvor nemahlen keinen gesechen
1985 750 2874 891 Den Wilhelm Weiß habe er zuvor
2005 820 2937 967 zu Eglißhofen angetroffen, der habe
1978 861 2902 1029 daß Bechli und attestationen schon
1975 925 2936 1086 gehabt von der bruderschafft wüßte
1982 996 2935 1144 er nichts er wüße anders nichts
1963 1055 2905 1210 alß daß der Pune und der wese
1972 1126 2888 1263 die patenten und büchli geschriben.
1807 1150 1949 1282 Lang
1971 1195 2912 1327 welcher letstere mit dem weisten
1967 1260 2920 1417 auch herumb zeüihe steüwern auf.
1971 1317 2902 1461 zunemen, vnd daß der Paur der
1975 1376 2929 1529 Sigell gegraben und damit besiglet
1886 1506 2926 1648 Man möge wol erkennen, daß die namen
1903 1582 2854 1699 welche er angeben nur kriegsnammen
1903 1626 2929 1747 seyend, Er solle we solle seiner selbsten
1910 1681 2866 1805 schonen ihm vor Marter sein und
1902 1770 2890 1869 anzeigen von welchen ohrten und was
1892 1822 2924 1955 geschlechen der einte und andere seiner
1895 1883 2898 2007 zu Maineren hinderlaßenen gespanen
1896 1941 2908 2076 seye, vnd wie sy eigentlich heißind.
1879 2068 2919 2175 st wuße keine andere Nammen anzugeben
1921 2131 2686 2214 als die bereits vermeldet.
1906 2184 2901 2293 der Phillix Paur seye von übe deßen
1914 2253 2909 2359 vatter seye ein Lemwaber gsin.
1894 2325 2835 2440 der Heinrich Lang seye gebürtig
1900 2390 2307 2487 uß khüringen
1890 2453 2878 2573 der Wilhelm Weiß von deßaue
1922 2533 2722 2626 in dem erstethumb anhalt
1911 2586 2785 2699 und der Johannes uß Gohren
1897 2657 2900 2768 Sein Cammerao aber der Johan Paul
1903 2728 2926 2813 seye von Ebingen wirttemberger landt
1924 2819 2884 2922 willen er nun diser gsellen nammen nit
1916 2900 2882 2989 anderst anzugeben wüße, So solle
1902 2936 2905 3051 er den einten und anderen umbstendlich
1897 3007 2899 3114 beschreiben, was dero thun und laßen
1890 3069 2661 3174 seye und wie sy zu erkennen
1884 3136 2866 3255 der Paur seye ein geschwinder mann der
1882 3228 2848 3304 allerhand schrefften nachmachen, auch
1897 3263 2893 3364 wol sechen oder graben könne deß dog
1886 3314 2878 3410 er nit in sein gebertsstatt nach ulen
1870 3373 2869 3473 gechen darße, weillen er selbiger Statt
1879 3426 2869 3540 Ehren Insigel auch nachgestochen, seye
