5472 7296
777 3777 1251 3951 Ans dem st�ckli
931 690 1132 820 94.
1348 838 2901 1131 auch niemands reden können, daß er ieman
1326 998 2430 1156 den etwas vervetreüwet.
1181 1093 2865 1343 Beedicht vnd Hans Hesset dan seyend werch¬
1352 1245 2905 1451 leuth nicht verthänig, vormind schryben vnd
1332 1349 2724 1565 lesen, gebind niemanden boten bescheid,
1327 1455 2827 1661 schweiffind zu nacht nüt uß glaube nit
1328 1591 2830 1782 daß sy einem jahr drey maß trinckind
1331 1681 2837 1925 werdind gar rauch von den elteren ge
1290 1810 2865 2040 halten, dem Sontag habind die Knaben
1320 1936 2717 2134 eher man gefuteret, Neun vierfelin
1307 2065 2816 2279 gereicht und etwas wenig daran schuldig
1320 2155 1584 2319 bliben.
1492 2410 2355 2581 Abraham Trachsel
1235 2615 2807 2821 zeüget, er seye uß deß abgeleibten vatters
1308 2731 2796 2924 befelch, deßen werchman er gsin seye, zu dem
1316 2869 2785 3065 reichnam gangen, vnd daß sy hets Mutter
1299 2964 2828 3174 gefragt, ob sy darby gsin, wie solches beschech
1297 3098 2782 3266 sy habe geantwortet klein, sondern als sy
1324 3203 2744 3382 naher haus kommen, seye bendichs der sohn
1292 3315 2825 3499 ihro an den hals gefallen, und habind ins gmein
1288 3440 2815 3605 gesagt, es seye übel gangen, habind übel haus
1265 3571 2771 3717 gehabt und einen übel verletzt, dan haben
1296 3669 2757 3819 angeklopfet, niemand habe wollen bescheiden
1297 3792 2774 3953 geben, da seye der elter sohn hieber gangen,
1297 3904 2754 4082 ein wehr gereicht in das stäheli getragen,
1293 4004 2743 4192 nachdem sich aber einer kundet, vnd der
1258 4126 2731 4313 junger bruder gelesen, habe einer das
1257 4237 2738 4412 fenster zwen fingerweit uffgethan
1282 4361 2749 4523 darauff der Junger mit dem wehr hinaus
1242 4450 2749 4657 gangen, endtlich beide obenthalb dem haus
1269 4581 2709 4747 vff einen geschlagen, zuvor aber stats
1249 4686 2741 4856 gesagt, gib bescheid. Niemand aber habe
1265 4805 2619 4984 reden wollen, sy habind auch ihne nit
1236 4919 2745 5104 ekennt, habe also by diser besichtigung ge
1246 5036 2673 5214 hört, daß die jungeren weder ein ander
1229 5152 2735 5330 geredt, wir habend uff ihne geschlagen, mit
1264 5261 2715 5447 dem wehr, der eltere habe wenig geant¬
1259 5367 2609 5549 wortet, vnd mir die Jungere geredt,
1235 5492 2634 5677 Diser Lienhard seye darauff in den
1262 5591 2724 5820 Weiser gangen, seyind Ihme nicht weiters
2160 5735 2583 5916 nachkommen.
3400 4353 4826 4538 Zeuget, diser Lienhard seye zwey Jahr sein
3402 4488 4935 4626 Hans man gsin, habe ihme jetz by rechts wahr
3423 4590 4795 4756 gearbeitet, vnd neun wochen getröschet
3428 4697 4883 4872 seye ein guter Werchman, vnd mit scher
3437 4795 4805 4973 wol zufriden gsin, habe nicht viel mit
3425 4921 4818 5104 Ihme getruncken: Der Lienhard vnd
3413 5018 4845 5194 Eyset habind kein zweytracht mit ein¬
3431 5135 4864 5305 sonder gehabt, sondern wol zufriden gsin,
3415 5250 4877 5420 deß Josets Volck seche ein stilles volck
3414 5342 4792 5514 sonderlich der Bendicht, nemme Ihne
3429 5452 4624 5620 wunder, daß ihme solches begegnet.
3397 5540 4780 5737 deswegs halber befragt, hatt er sich er¬
4333 5700 4656 5858 leutert.
3156 798 3339 946 95.
3571 1019 4935 1217 nachkommen, hatt also durch aus wideräfferet,
3542 1127 4907 1349 wie zu anfang durch die klagende partey
3554 1242 4191 1387 ferbracht worden.
3517 1347 4971 1554 Deß abgeleibten Lebwesens halber, wüße
3539 1474 4925 1678 er von ihme nichts weder alles redliches
3518 1568 4964 1792 und ehrliches, seye nit darbey sin, daß er
3533 1717 4711 1901 etwas ungelegenheits angefangen.
3616 1860 4940 2117 Ulrich Haberger von Nidermuhleren.
3348 2173 4940 2338 Zeuget der Abgeleibte setze sein von Ihren ge¬
3492 2263 4939 2443 scheiden, vnd nicht vast truncken gsin, der
3511 2401 4941 2571 Wirth habe ihme auch nicht mehr zu trincken
3488 2518 5003 2678 geben wollen, Er habe zwar noch eins daru
3503 2600 4845 2792 genommen, vnd daruber vortgangen, Er
3494 2727 4844 2878 wuße nichts vnehrliches von ihme, vor
3486 2845 4826 3000 etwas jahren seye er veruhig gsin zu
3486 2939 4829 3138 letst aber habe er sich frey ein gestelt
3483 3050 4858 3220 Die zuset dan habind sich jeder zeit
3485 3177 4864 3351 ehrlich vnd wol verhalten, seye redlich
3466 3269 4923 3447 volck, und habe statts alles gotts von ihren
3485 3370 3972 3546 reden gehört.
3398 3522 4764 3782 sen gleiches von diser beiden parteyen
3476 3734 4791 3873 ebwesen wirt auch von Hans Glatter
3468 3822 4871 4006 von Oberblacken gezeuget, vnd daß sy
3463 3926 4572 4089 von keiner frendschafft wüßind.
3744 4138 4337 4328 Geōrg Kreis¬
3857 4084 3936 4102 von keiner frendschafft wüßind.
