5472 7296
990 726 1169 816 88.
1381 830 2883 1081 vnd dieff hinein gangenes Instrument vnd
1362 1007 2841 1200 daraus gerinnene blutt vnd waßer
1357 1110 2842 1319 bezeuget. Die dritte dann auch rucks
1339 1264 2825 1437 weis gegen den nieren hinein, be wie
1351 1347 2885 1588 H Doctoris Wilhelmi vnd hern Lerbers
1354 1463 2870 1721 eingebende schrifft mit mehrerem darvon
1361 1585 2194 1803 bericht geben wirt.
1346 1949 2843 2162 Entreffend die hergangenheiten. Ist in
1330 2061 2837 2285 nachforschung derselben vff seithen deß ab
1343 2193 2819 2400 geleibten, durch deßen vatter Christen
1349 2326 2856 2527 Guggistergs mit instand seiner dreyen söhnen,
1317 2415 2784 2613 Pincentz, Christen und Benricht, wie auch
1315 2519 2810 2734 Niclaus Guggistergs seines tochter mans
1329 2652 2826 2860 erstlich fürbracht worden, wie daß geschinnen
1331 2786 2761 2968 sontag morgens ermelter abgeleibte
1335 2880 2776 3083 naher Nidermuhleren beruffen worden,
1325 3009 2784 3207 etlichen personen das haar abzehauwen,
1315 3132 2786 3286 welches biß uff den abend gewahrt und
1296 3237 2818 3422 habe er sich angefahrlich ein stund in die nacht
1307 3345 2814 3517 alda uffgehalten, darüber mit Peter wyß
1308 3468 2802 3637 vort begeben, entweders uff Brand holtz zu
1290 3556 2766 3746 oder naher haus, vnnd wan erschon den
1303 3675 2774 3842 oberen weg nacher niderblacken genommen,
1293 3787 2807 3978 leye es bescheißen, damit er den beßeren wegen
1270 3911 2797 4103 haben komme, den er sich hievor entschloßen,
1288 4024 2708 4228 wan er mehr nachts naher Hans gehen
1292 4141 2733 4335 wolle er nicht den wegen der straß nach
1292 4268 2727 4434 nemmen, weilen er zu vor in den bach
1273 4357 2779 4573 gefallen und seinen hatt verlohren, sontag
1278 4494 2755 4664 morgens seye der Waldtman stryt, so
1272 4603 2745 4763 deß abgelebten Vatter kommen, vnd ihmme
1251 4697 2717 4906 disen leidigen todtfahl durch beedicht
1224 4815 2711 5014 zyset begangen, vorgebracht, welches
1278 4954 2724 5148 den vatter verursachet alsbald seinen
1245 5054 2720 5261 sohn berdicht und Abraham Trachsel
1242 5175 2758 5370 gan Niderblacken umb zuvernemmen, ob
1247 5288 2773 5494 dem also seye, zu schicken, Als nun sy beide
1242 5399 2750 5604 dahin kommen und sich befracht, wie solches
1220 5530 2625 5716 hergangen, vnd was die Vrsach seye
1216 5632 2681 5821 disers todtfahls habind beedicht vnnd
2424 5760 2686 5903 Hans
3188 754 3370 911 89.
3496 952 5047 1185 Hans Zuset geantwortet, Es seye Ihnen vnder¬
3530 1079 5058 1297 schidenlich am haus geklopfet worden, darun
3541 1210 5002 1412 ber habind dise hingeschickte gefragt, ob es
3540 1325 4979 1567 der abgeleibte gethan. Habind sy zur
3529 1423 4915 1657 antwort geben. Er könind es nicht
3517 1553 4964 1786 sagen, daß er es gethan, Als sy beide
3498 1678 4928 1894 fners gefragt. Ob nicht auch anderen
3510 1779 4868 1986 alda gsin. Ward ihren zur antwort,
3497 1896 4936 2104 sy habind zweiffelt, daß nicht ein einer
3507 2027 4913 2202 eüntzig alda seye, weiters befragt ob
3494 2140 4896 2329 sy dan reden könnind, das der abgeleibte
3506 2243 4963 2444 begehrt sy ze schanigen oder etwas ze ver
3494 2366 4958 2583 vetreüwen. Entwortetend sy behalte
3505 2468 4883 2675 sych gott, daß sy von ihme solches reden
3514 2586 4876 2776 wöllind. Sy habind ihren auch das orth
3509 2692 4974 2886 gezeigt, namlich, daß bim Hans der streich
3500 2819 4944 2983 beschechen, allwo sy ihme mit dem wehr
3483 2922 4929 3108 oben hernein geben, vnd gesagt sy seyind
3469 3026 4840 3217 kommen mit dem liecht ze sehen, wer da
3476 3131 4820 3345 seye, Er habe aber nichts antworten
3498 3278 4859 3440 wollen. Weilen sy nun bekennind,
3477 3372 4914 3557 daß er sy nicht geschuldiget, nach ihren et
3493 3491 4896 3650 was verbetre�wet, habe der abge
3479 3587 4859 3763 leibte ihnen zu solcher that nicht vrsach
3459 3687 4898 3845 geben, wollind aber die erkantnuß aber
3476 3794 4422 3958 dise sach ihr s übergeben.
3333 4011 4934 4228 Aber dises fürbringen ward uff seithen der be
3451 4164 4817 4338 klagten (In deren namen Hans Jose
3460 4268 4908 4439 der vatter Wald amman streit der amman
3452 4372 4843 4566 von Leglisperg, vnd andere verwandte
3459 4494 4853 4654 mehr sich gestelt, bevorderst angemuthet
3442 4583 4854 4769 sy sollind sich erkleren, Ob sich dan beide
3475 4687 4817 4818 bruder Beedicht vnd Hans, oder mir
3461 4804 4905 4965 seinen für den thäter anklagind. Darüber
3461 4901 4843 5086 die klagenden eingewendt. Sy habind
3458 5012 4901 5190 beide bekennt, daß sy mit blutten wehren
3437 5130 4899 5303 ob dem vmbkommenen gsin, vnd in das gemein
3438 5220 4751 5395 geredt wir habend ihme oben hernein
3430 5340 4809 5496 geben, docagind also nicht wüßen, ob
3439 5436 4907 5611 nur einer oder beide schuldig seyend, Heine
3433 5534 4910 5720 als diser beyder vatter und mutter nacher
3428 5621 4817 5798 Haus kommen, seye einer der Mutter an
4328 5739 4483 5903 den
