5472 7296
950 654 1171 795 168.
1344 877 2839 1243 vom kühemelchen hat er auch nit müßen
1313 1009 2780 1278 wellen und syne kinder entschuldiget.
1326 1095 2818 1395 sy seyend den können noch nit welchen.
1280 1220 2732 1519 daß er verschinnen winter vff dem
1276 1373 2766 1653 karren ysen nacher bern geführt.
1265 1467 2697 1686 welches der Anders Ach Ihme ge¬
1289 1571 2727 1785 nomen antwortet er disers ihre
1280 1642 2790 1889 syn synes Schwagers des Schmid auffers
1280 1736 2698 1996 gem der ihme solches zu ghalten
1292 1829 2391 2028 geben, habe es nit gewohlen.
1252 1974 2719 2255 Wegen des Korns, so er zu underschidlich
1294 2116 2720 2325 Mallen dem Müller zu wort ver
1301 2199 1608 2341 kaufft.
1239 2299 2723 2488 gibt er disen bericht. Er habe einem
1267 2400 2668 2571 Egburger der nach by der statt
1264 2476 2628 2664 wohne mit einem spiten roten
1257 2578 2667 2763 b�rtli ein stuten, die deß bauwen
1279 2662 2683 2849 luff nachts by der kirchen zu wort
1249 2753 2722 2944 Isin, die er nit gstahlen, sonder haußh
1259 2829 2722 3041 weis bekommen vor ohngfar 6 jahren
1242 2912 2510 3087 umb 30 ß verkaufft, daran er
2511 2987 2574 3075 .
1280 3012 2688 3207 nicht korn bekomen, vnd darvon
1277 3089 2597 3254 verkandt, solches hat er mit der
1205 3151 1994 3321 Marter erhalten.
1176 3278 2645 3527 daß er Inn Pfrichtung eines 400 Rtrige
1208 3410 2646 3598 Gultbriefs under pfender ynge
1213 3503 2559 3681 setzt die nit syn eigen gut gewegen.
1184 3583 2565 3761 verantwortet sich die angezelte
1231 3670 2634 3827 stuck, syen ihme von der allment
1251 3763 2069 3911 abgesteckt worden.
1102 3896 2574 4090 daß er ein anvertrauwte herren
1190 4027 2503 4186 Abraham Luthandt gehörige
1175 4109 2523 4257 Beyllengschrifft von 100 r. nit
1194 4208 2546 4327 wider zugestelt. Hat er erhalten
1194 4284 2489 4450 sy sye Ihme zu thun gestohlen
1185 4389 2400 4500 worden, es sye aber noch eine
2405 4418 2483 4471 .
1153 4466 2558 4609 daspel verhanden, welcher Melcher
1170 4532 2516 4675 ad am haben solches hat er auch an
1174 4646 2516 4766 der Marter erhalten den 27. maii.
1170 4704 1470 4826 1663.
3092 819 3275 1011 169.
3576 930 4656 1255 Daniel Schweyer.
3418 1343 4896 1536 Aber mahl und oberen wegen des
3384 1416 4853 1624 In der gfangenschafft ligendten, dann
3399 1585 4842 1733 Schreyers geweßnen Trunwirths als
3399 1640 4842 1809 an zu Grichtschryber Stett, vnd
3385 1739 4828 1903 Amon Fenner abgangnen bese
3418 1824 3787 1939 datirt den
4257 1850 4896 1990 daß sy namblich
3404 1914 4839 2075 von ihme schreyer vernemmen soll
3409 1989 4848 2186 eit was ergendtlichen mitlein, er syn
3369 2097 4849 2240 burgen stellen vnd bezahlen wolle
3360 2184 4891 2352 haben sy zu volg deßelben mit zu
3390 2248 4824 2445 thun herren Margart hechenders herre
3310 2360 4802 2548 Nathys guts deß wynruffers
3383 2457 4400 2597 und schryber schilter
4517 2508 4772 2601 sals
3393 2534 4825 2723 geweßen gelts verordnete, Ihne
3369 2626 4801 2797 schryer vor sy gestelt und uber
3355 2714 4762 2898 den eint- und andern befragten
3359 2797 4804 2982 puncten dise hunturfft von Ihme
3383 2903 3984 3040 empfangen.
3232 3074 4758 3266 Erstlich hat er versprochen, die drey
3382 3189 4721 3383 von der kauff tum der 2800 fl. d.
3362 3271 4827 3457 Vffgelofene Zinsen, so thund 400 lb.
3338 3354 4792 3538 teils vermitlest synes vermeinend
3366 3457 4806 3634 an noch vbrig habenden haußraths
3352 3529 4734 3671 Theils dan mit hilff synes vatters
3305 3625 4737 3773 welcher synem furgeben nach
3333 3713 4748 3873 der einte zinß dem grey weibel zu
3330 3787 4675 3968 Rottelfingen schon erlegt habe,
3341 3871 3885 4027 ze bezahlen.
3261 4022 4741 4194 hem anderen weiser Frant Tarets
3329 4120 4712 4285 von Cellg vmb sein ansprach der
3305 4220 4748 4383 633 fl 6 ß 8 de anders nit zu begegnen
3337 4305 4769 4471 als trösteter sich synge gedels, vnd
3325 4393 4769 4540 gibt fur, er ihre nit auf ihn, wolle
3298 4471 4786 4646 Ihne luth obligion von Cronen zu er¬
3295 4553 4738 4707 hoch entler zeit wohl bezahlen. Ist
3325 4642 4678 4791 aber noch in erwartung sunts
3286 4713 3670 4857 bescheidt.
3234 4806 4756 4991 Drittens wegen Franz Witionit von
3238 4950 4699 5101 Iederten forderenden 12313.  Als er
3302 5031 4687 5176 sich auch bey deßelben gestundunge
3296 5097 4681 5257 vnd gedult, welle ihne nit schadlos
3297 5181 3562 5293 laßen.
3231 5258 4642 5440 siertens, erpieteter sich den herren wyn
3270 5367 4712 5513 schenden Stuber vmb sein forderende
3292 5451 4753 5638 33 lb 6 ß. Ich noch vnd nach gezahlen
4393 5616 4781 5749 funfftens
