5472 7296
970 629 1219 826 106.
1355 847 2850 1047 anzehoren Perners dan auch die jenigen personen vnd
1349 954 2851 1148 gezeigen, die sich by diser vorgangenheit befunden
1344 1097 2872 1263 vnd von keinem theil verworffen worden, sonder
1340 1142 2822 1331 sich beiderseits vff sich, als ehrliche vnd vnwar
1351 1262 2837 1448 therische leüth, beruffen, und inn ihrer
1335 1371 2880 1546 assag vff vorgangene ernstliche ehennerung vnd ab¬
1893 1427 1940 1491 1
1324 1415 1783 1522 gemeinerer
1331 1470 2791 1656 zuetreffend nun Erstlich der Abgeleibten Ehe¬
1340 1557 2744 1738 man Hans Pfeller vnd ihr Bruder Hans
1309 1651 2798 1884 Scherten leib, habend dieselben zwar disen
1324 1763 2800 1976 vnverhofften Todtfahl bedauret, vnd son¬
1348 1852 2770 2093 derlich der Eheman ze verstehen geben, daß
1330 1990 2849 2195 dise praton vnd sonderung seiner frauwen
1321 2114 2725 2299 durch solches ableiben, hertzlich leid seye
1324 2216 2783 2427 sitten mahl sy ihre redlich haus gehalten,
1321 2328 2771 2512 vnd sy einandern geliebt, dannen haro
1321 2456 2825 2650 erwol erwünschen mögen, daß sy by und
1300 2555 2829 2785 mit ein anderen langer hettend leben können
1337 2694 2769 2900 duch thünd sy uff einiche raach nicht
1209 2782 2768 2997 etrung, sonder wöllind dieselbe ihr gnade
1310 2922 2773 3116 in aller vnderthänigkeit vberlaßen, auch
1309 3027 2784 3224 für ihnen Tugspurger gebetten haben, daß
1319 3160 2788 3344 er deßwegen in einiche gefahr nicht komme,
1287 3246 2755 3437 dan sy seines schadens vnd vnheils nicht be¬
1274 3361 1577 3547 gehrind.
1191 3518 2780 3741 Auff seithen deß bemelten Hans Augspurgers
1515 3645 1724 3737 durch
1437 3666 1493 3735 .
1288 3665 2711 3843 dan ist sein ehefrauw und bruder Michel
1276 3776 2758 3975 anzeigt worden, daß ihnen zwar auch hertzlich
1286 3873 2772 4072 len seye, daß diser todt so verschafft erfolget,
1287 4004 2760 4186 wan man aber die kundtschafften ver¬
1244 4095 2712 4312 hören werde, wie man mit pfarrdung
1260 4244 2733 4425 gegen ihme zugspurger predirt, auch mit
1269 4359 2760 4523 was ehrrörig zulagen, man ihne angriffen
1265 4447 2686 4650 vnd wie es eigentlich hergangen, ver¬
1228 4569 2739 4766 hoffind sy, das ihme kein rechtmäßige er
1235 4692 2606 4883 sach disers ervolgten todts zugemeßen
1254 4808 1744 4968 werden könne.
999 4960 2728 5169 darvber nun sind volgende personen, welche
1230 5100 2724 5288 sich damahlen, als die that vorgangen dar
1210 5205 2702 5413 by befunden, uff erforderliches ernstliches
1227 5316 2730 5519 ermahnen in ihrer bstag vernommen, und jeder
1215 5436 2615 5633 umb volgende drey hunden befragt.
1204 5579 1461 5708 worden.
1170 5686 2650 5893 Erstlich der abgeleibten person halber
2212 5812 2624 5947 damahliger
3152 751 3416 873 107.
3532 944 4969 1163 damahliger beschaffenheit, Lebwesens vnd
3511 1050 3816 1232 glters
3443 1152 5095 1377 kennen, was ihnen disers augspurgers thuns
3508 1290 4637 1479 unden laßens halber in wüßen.
3500 1389 5045 1644 witters, wie die sach hergangen, was vor
3455 1578 5037 1777 gangen und was für anlaß zu diser that ge
3496 1682 4237 1877 geben worden seye.
3445 1914 5061 2126 ierauff ze�gete bendicht witschi, des Ammans
3501 2066 5022 2227 von itzigen sohn. Er habe von ihro der
3492 2172 5001 2382 abgeleibten wirthin sel gehört, daß sy by
3463 2297 4882 2516 60 jahren alters seye, sy habe sich ein
3483 2422 4971 2622 zeit dahar, wan man zu ihro kommen, stats
3477 2543 4881 2725 übel gehabt und seye zung zeiten mit
3486 2656 4310 2846 wein überladen gsin.
3468 2764 4904 2962 Hans Augs fürger dann seye ein gutter
3497 2884 4955 3053 werchman, habe ihne nicht viel truncken
4385 2997 4474 3078 ein
3467 2983 4925 3163 gesehen. Wie sy aber an anderen kommen
3482 3096 4941 3302 seye er und syn zimlich truncken gsin.
3474 3217 4986 3441 vam anlaß der vorgangenen that, wüße
3456 3362 4939 3572 er so eigentlich nicht, weder daß verscheinen
3444 3474 4958 3663 Sontags abends zwüschen tag und nacht als
3447 3590 4919 3781 das liecht schann der stuben gsin, der wirth
3435 3692 4955 3868 und Hans Tugspurger mit ein andern ge
3436 3791 4865 3970 tancket, habe die frauw, so drunnen be
3454 3918 4839 4087 der thuren, vnd der Hans Großen gsin,
3428 4036 4936 4203 zu ihme hansen volgende worth geredt
3436 4149 4807 4325 War ihr nicht so viel Jannen gestolen,
3423 4236 4933 4411 hettend ihr nicht hausen können. Worüber
3419 4386 4942 4563 Kugspurger geantwortet. Was so viel
3453 4466 4794 4661 Tannen gestolen. Darüber gegen Fran
3432 4579 4881 4767 mit der hand einen stoß geben, worauff
3398 4668 4800 4876 sy hinder sich an den tisch und darauff
3430 4784 4832 4999 balsa boden gefallen, nichts mehr ge
3428 4911 4820 5093 redt vnd obwolen man ihre ein schutten
3416 5025 4801 5179 wollen, habe sy doch nichts mehr ein
3412 5104 4780 5299 nemmen können, sonder seye morgens
3399 5217 4061 5377 hernach verschieden.
3311 5390 4826 5579 Melchior Schonauwer der erg von Feig
3398 5500 4805 5679 Hans knecht, welcher by 12 jahren by
3392 5610 4856 5815 ihro gedienet uf der Kirchhöri Oberburg
4239 5779 4618 5934 gebürtig.
