5472 7296
950 483 1155 613 52
1614 697 2970 1035 7 a Dolothurman
1044 799 2974 1202 Vff empfangenen Oberkeitlichen bevelch Ist dise
1220 958 2950 1307 Dcadle Solotherman deß Hans Solothermans er
1254 1083 2975 1429 dem Anselberg tochter den 15. junii decembris wegen
1236 1170 2924 1525 angeklagter diebstellen ernstwirtig examinirt
1246 1307 2823 1604 worden, vnd hat selbige bekent, wie volget.
1176 1534 1245 1679 E
1238 1499 2947 1889 Es habe by dem Zolleer an der Seesen Brugg drey
1204 1657 2940 2016 Jahr gedienet, vnd obgleichwol selbiger nicht vnsern
1224 1819 2912 2109 glaubens, habe es doch ihrer religion sich nichts
1238 1965 2943 2232 angenommen. Hernach habe es sich naher das curten, ald
1222 2077 2918 2361 es eines fiebers kranck gelegen, begeben und sich
1217 2172 2943 2470 daselbsten in eines schneiders hauß, welche sey nammen
1212 2306 2937 2584 ihme vnbekant vffgehalten, vnd von dannen alher
1216 2441 2936 2700 in die statt kommen, seye zu volgenden diebstählen
1189 2528 2893 2778 von Weltschen leüten, welche nicht mehr hier, und
1194 2664 2953 2932 ihme vnbekant seyend, angewisen worden, darauff
1207 2784 2929 3013 es an verschinenem pfingsttag morgens, als deß
1182 2891 2870 3170 herren rathschreiber raths klagt, melchen gangen,
1210 3031 2940 3276 vff welches es vor dem haus gewartet) hinauff
1204 3156 2892 3407 in deßen Kuchin gegangen, daselbsten drey große
1161 3291 2854 3480 jannene blatten, ein derhin und ein Häfeli ge
1183 3391 2897 3607 gnommen und sich widerumb zur hinderen thür
1177 3482 2883 3738 hinaus gemacht, zu dem thor hinauff gegangen
1182 3647 2864 3840 allwo ihme ein frauw gewartet, deren es die
1169 3765 2877 3976 sachen vmb zwo Cronen gegeben, vnd Ihre selbige
1172 3899 2878 4088 bis gan dicurten fragen helffen, wo sy hernach nit
1152 4003 2895 4207 hingangen, wüße es nicht, Es aber habe das gelt
1158 4132 2887 4316 obigen schneiders ern, by deren es brinck sich uff
1150 4238 2859 4440 uffgehalten und dahar ihre schuldig worden, gegeben.
1114 4391 2829 4619 Denne habe es auch an einem borgen in deß hern
1108 4544 2892 4727 Doctor Kungs haus, da auch die magt he melchen
1147 4704 2836 4849 uß dem Hans gangen, sich die stagen uff begeben,
1131 4797 2815 4957 vnd vff der Lauben ab einer stangen, bin hembd
1120 4890 2645 5089 ley windlen und ein fürtuch genommen.
2566 5070 2786 5213 Kinden
1079 5088 2847 5315 Berners habe ihme herr doctor Kungs der mutter
1110 5231 2799 5397 ein hembd entlehet, welches es ihro noch nicht
1115 5348 2521 5545 widergeben, wolle es aber nach thun.
991 5474 2822 5707 verleiher gestalten, damit es verschinne h. Trienacht
1073 5633 2823 5836 zu deß herren tisch gehen könte von Beners
1085 5767 2805 5935 gochtes, eines Fasamenters frauw, habe es einen
2372 5859 2767 6010 schwarzen etc.
3517 3087 3559 3220 e
3490 3208 3720 3339 Gotte
3490 3325 3579 3437 be
3483 3433 3622 3556 fb
3493 3981 3559 4124 da
3459 4106 3565 4216 Jar
3481 4199 3559 4292 i
3453 4423 3603 4565 Act
3473 4533 3623 4650 n
3477 4637 3731 4784 verhalten
3471 4768 3812 4890 ein hoche
3475 4871 3840 5010 heißet hat in
3456 4972 3846 5105 Gnad und
3454 5075 3630 5191 decembris.
