5472 7296
942 667 1051 817 3
885 5134 1066 5310 4
1245 530 2776 884 helangend den dritten puncten seinter dißer
1299 749 2799 992 ein ihm sagbaum uß ihr gonnen holtz weder verhalten,
1284 859 1671 979 noch gehauwen.
1276 940 1807 1133 Zur zeit als mehr
1829 947 2819 1228 Hr Frisching Bauwherr gsin seynd
1264 1063 1827 1216 in die 300 stucke
1876 1046 2798 1299 vom Wind vmbgefallen, die da lacht
1270 1158 1842 1292 der Banwarten
1841 1166 2741 1360 zugsame, nit mehr zu Düncklen
1263 1262 2833 1511 zugebrauchen gsin, der wegen er solche vberbliben, vnd zu
1281 1371 2808 1636 überlaßene kleine stuckh herren Thorman zu helligen
1222 1469 1578 1638 Bekaūfft
1711 1484 2736 1707 Daß der Sonnhalden habe er syn
1289 1593 2794 1835 lebtag nie nüt weder 2 klaffter genommen und das
1302 1699 2813 1956 obliches uß bewilligung her insulmeister Baumgarten
1273 1790 2813 2029 demme er ein sich darfür geben, weliches er hr. baum
1268 1904 2797 2146 garter nit widerredt, darneben auch fürgeben es sy
1268 2021 2780 2238 jederzyt gebruchlich gen, daß die Bannwarten und
1275 2143 2813 2366 holtz huter (wie er auch einer seye) das abholtz gnommen
1280 2244 2772 2429 also daß was er verners für holz in die statt und
1269 2339 2771 2535 zu synem hauß gführt, alles theils windt fahl und
1273 2450 2800 2675 den bauwen undienstlich gsin und ihmme theilsten
1310 2569 2814 2796 den werchmeisteren und Bannwarten verzeigt worden
1256 2685 2805 2877 Sonderlich aber habind ihmme die alten bannwarten
1286 2787 2858 3005 Vill zukommen laßen, da einem Jeden vmb wyn solle
1284 2911 1909 3079 geben, als er begerdt.
1276 3063 2792 3301 Die Buchen bim Landtstuel seye ihmme von ihren
2658 3247 2741 3316 e
1212 3215 2752 3399 hackbrett verwilliget worden, daß übrige seyend
1293 3312 2682 3487 nur durch dannli gsin, die ihmme die jetzige
1263 3417 2507 3627 Förffer Ballmer und mora verzeigt.
1243 3587 2833 3794 Seitz wienacht seye mihr Bauwheren zweyen
1299 3726 2766 3892 Grußen gsin, habe by 34 fuder windt fahl geben,
1300 3808 2807 3978 Was ihmme darvon worden, habe er zumarit gführt
1288 3911 2790 4123 bbetreffend die ihmme fürgehaltenen 2 sachen, die
1299 4036 2836 4209 er auch weggeführt, so antwortet, er sich, das einte
1323 4145 2766 4325 seye ein stucki von 18 thuenen lang gsin, darvon er
1319 4236 2807 4401 112 dotzet wagen achsen gemacht, daß ander habe
1303 4331 2581 4534 er zu deß Hans Mutters hauß gfüehrt
1285 4466 2829 4648 Darüber ihr insulmeister Baumgarter disen bericht
1284 4578 2832 4757 geben, daß ihnne ermelter Müller darumb angerichten
1312 4673 2789 4844 weliches er ihmme als einem der dem hauß gedienet,
1270 4786 2826 4963 verwilliget. Was ermelter Dietrich wyters gange
1281 4892 2831 5090 hat er alles für abholtz gerechnet, so ihmme als einem hett
1293 5022 1894 5203 zu glaßen ihen seye.
1244 5166 2783 5384 Den vierten puncten hat er also beantwortet, es seye
1180 5305 2769 5501 ihmme so wohl von mehren und damahligen bauwherren
1305 5404 2843 5590 alß von dem dißmaligen hrn. ansulmeister von Wehrdt
1285 5530 1936 5693 verwilliget worden.
1240 5641 2798 5875 Der hierüber verhörte er zuschulmeister von Wehrdt
1310 5745 2771 5938 aber hat disen bericht geben, es habe ihmme dietrich
1301 5835 2654 6055 fürgeben, es seye kein saamen, allwo er begerdt
928 546 1072 663 76.
3058 732 3239 897 77
3428 716 4827 894 syn vych ze tryben, deswegen in solchem verstandt
3412 822 4867 980 der ihmme zugelaßen, daß er daselbsten grasen möge
3419 917 4540 1075 aber anderst habe ihme nüt verwilliget
3354 1046 4974 1270 Disen puncten, daß er syne schweyn ins acherumb getriben
3430 1200 4957 1364 bekent er gnugsam und vermeint nit verfahlt ze haben
3446 1295 4989 1439 weylen er das achtem vom herren insulmeister Baumgart
3424 1385 5004 1556 abempfangen umb 4 konnen, hette er es nit ab empfangen
3409 1485 4490 1649 were es doch einem anderen worden.
3472 1609 4868 1800 eßen ist hr. baumgarter nit in abredt, wylen
3394 1625 3487 1809 .
3424 1736 4974 1942 feder wylen die anhelmeister befügt, sin soliches hinzulychen
3423 1840 4296 1994 wan sacherumb verhanden gsin.
