5472 7296
973 648 1163 760 140
1383 903 2908 1229 einer bettlerfrauwen, die Labsächlerin
1363 1013 2860 1284 genantz, welche einen vnab habe, der
1385 1127 2773 1376 ein hofenlißmer seye, angewisen
1365 1240 1712 1373 worden.
1249 1395 2760 1633 Als solches den 18. Novembris 1663
1329 1513 2849 1751 vor mahl den räthen abgelesen worden.
1349 1619 2812 1882 Ist sy hierüber zur ufschmeis-zeich
1371 1722 2800 1944 und landts verweisung verfelt und
1361 1816 2755 2052 an ihra eodem de erstattet worden.
1353 1902 2830 2145 mit einscharpfung, daß obwolen ihro als
1355 2038 2831 2248 einer leichtfertigen firnen der eydtliche
1358 2131 2763 2346 mahls nicht vorgesprochen wirt, sy
1344 2220 2763 2451 gleichwol darfür gehalten wurde, wan
1332 2329 2686 2525 ich sich widerumb in ihr gnaden
2682 2421 2721 2523 .
1330 2451 2725 2641 land begeben thete, als wan sy den
1346 2513 2731 2744 lahdt nochmahlen übertretten hette.
1586 3197 2784 3406 Harbara von Buren Peters
1416 3322 2677 3506 von Buren deß schumachers zu Lys
1433 3410 1710 3548 tochter
1249 3621 1387 3728 4
1380 3584 2769 3801 sie von dem herren vogt zu arberg
1232 3719 2677 3884 sexaminirte, der begangenen bluttschand
1293 3794 2612 4011 mit dem burgermeister daselbst
1282 3886 2593 4116 Peter juncker und seinem sohn
2590 3979 2650 4085 .
1297 4001 2736 4193 bekantliche hel wegen ihres schwangen
1259 4106 2699 4281 geren leibs alhar gebrachten Barbli
1262 4190 2671 4401 von Bieren, ist nachdem sy den
1269 4295 2692 4485 28. septembri jüngst ihrer getragenen
1238 4386 2647 4590 bs wurde ledig worden, uff ein
1240 4495 2627 4679 pfangenen bevelch von ihr gnaden
1215 4567 2713 4776 durch nichte Carolum von Bonstelten
1227 4681 2666 4882 als verordneten herren examin
1218 4781 2695 4968 natoren in bysein herren, woswei
1208 4888 2616 5034 bel im Hoffs vnd sey Hans Lud
1212 4994 2653 5142 wig frischings ernstwortig diser
1203 5066 2642 5245 ihrer begangenen buttschand und
1191 5162 2648 5352 anderer zerbrechen, die sy begangen
1180 5270 2662 5428 haben möchte, sonderlich aber aber der
1182 5379 2669 5542 vatter und sohn von disem byschlaff
2118 5511 2438 5661 nechts etc.
3579 1069 5143 1293 nichts gewüßt, examinirt worden, da
3565 1189 5115 1409 rüber sy volgende bekantnus gethan.
3570 1371 5055 1577 Eseye der Sohn vnd der Chryber
3548 1482 4865 1652 Zum Falcken, so ein frömbder und
3880 1590 4975 1772 bisler uff ein heits nachts
3548 1674 4909 1864 umb 11 uhren, als es schon an seiner
3538 1767 5000 1958 ruhw gseyn, in das haus kommen unnd
3533 1865 5035 2071 habe ihme der schryber, demme der sohn
3525 1996 5036 2197 das gemach gezeigt, ein liecht geheißen
3514 2071 5046 2264 vnd es geheißen vffstehen, ihnen wein
3489 2174 4979 2356 Zereichen. Als nun solches beschechen
3510 2256 4933 2466 habind sy ihme auch eins zugebracht,
3491 2369 4966 2534 da es dan ein glas mit wein ab
3482 2471 5023 2651 genommen, vnd sich widerumb zur rahte
3509 2577 4934 2745 begeben wollen, sy aber habind ihme
3505 2669 4868 2835 angehalten, es solle ihnen helffen
3517 2762 4957 2938 en wein aus trincken, wie es nun
3486 2850 4965 3025 endtlichen nider wollen, mit vermelde
3503 2959 4949 3119 der vader thate gar an, wan er
3484 3056 4843 3207 wüßte, daß es nicht an seiner ruhw
3473 3153 4830 3297 were, habe der sohn es by der
3456 3236 4984 3413 thüren uffgehalten, uff das beth geworffen
3440 3333 4942 3495 ihme gesagt, es seye kein, er wolle ihme
3464 3431 4906 3599 die ihr versprochen haben, hiemit be
3452 3537 4873 3692 ihme schlaffen wollen, aber nichts veren
3446 3618 4834 3795 richten können, Weilen er zu fast
3443 3711 4794 3888 truncken gsin war, seye nur einist by
3420 3807 4917 4000 ihme gsin und von ihme nicht geschwären
3431 3908 4869 4074 geret worden, sonder das vnd hette
3432 4000 4789 4174 dem vatter gehört, by demme es sich
3421 4088 4821 4284 sovielmahlen mit unkeüschheit vergeßen,
3408 4180 4847 4362 daß es die zahlen nicht wüsse, sonderlich
3417 4277 4803 4436 aber nicht tag vor Osteren, da habe
3428 4372 4659 4546 der alt siches gefragt, ob es nicht
3423 4478 4807 4638 schwanger seye. Habe es beßer als
3410 4566 3913 4720 es gewüßt.
3408 4739 4768 4923 s habe weder dem vatter nach dem
3382 4817 4754 4986 sohn darvon gesagt, das der eint
3379 4922 4682 5091 und ander by ihme gsein konne
3379 5019 4724 5210 auch nicht sagen, daß sy darvon ge
3384 5097 3656 5243 wüßt.
3360 5197 4656 5368 ledtlichen aber, als des herren sich
3346 5282 4680 5448 hinweg begeben, hatt es bekent
3376 5373 4695 5574 der sohn seye zweymahl by ihme
4200 5501 4439 5674 gsin.
3165 811 3371 938 141
