5472 7296
1019 646 1251 757 122
1398 890 2916 1187 eruber Ist vorgemelte Marie
1344 1027 2761 1288 Wäber, wegen ihres so grossen
1365 1162 2906 1446 schwangeren lybs, zur Kindts wider
1330 1285 2890 1573 leg und Kindtbettung inn vberen
1356 1426 2867 1677 spittal gefürt und alda mit einem
1334 1555 2766 1854 fußysen angefehlet worden.
1271 1733 2848 1994 Inzwischen hatt der Schärer bricht
1304 1879 2827 2162 geben, daß aldieweyl syn fr predig
1354 2012 2781 2252 gsin es begert, daß man ihme die
1348 2141 2787 2405 vogs oderem schlachen solle, welches
1332 2292 2818 2555 er aber nit thun wollen, sonder Ihme
1312 2425 2551 2679 ein nebet aderen geoffnet.
1223 2672 2848 2890 Sy solches beschaffenheit vnd nach ange¬
1338 2808 2807 3051 hörter vorig verzicht, habend ihr
1321 2930 2848 3178 Bixerkennt, wann es ußkindtbettet
1312 3063 2734 3267 und zu krefften kommen werde es
1301 3175 2763 3369 mit zimlich Marter examiniert
1241 3310 1851 3492 swerden solle.
1164 3517 2798 3739 Es hatt sich aber begeben, daß es den 25.
1273 3629 2824 3834 Septemb. 1663 droben im Spittal Kindt
1294 3760 2713 3985 bettern worden und die lybsfrucht
1285 3876 2742 4102 todt uff die Wald gebracht den 28.
1260 4009 2733 4215 hernach morgens vmb 4 Vhren todts
1198 4122 2752 4350 verscheiden, woruff ihr gn gutt funden
1213 4241 2778 4485 denn herrn Doctorn vnd Schäreren densch
1221 4375 2762 4602 zubefelchen, solches zu visitieren, aber
1241 4532 2788 4743 vilichter Ihme zu solchem todt etwas zuge¬
1242 4648 2766 4840 schoben worden, vnd ob es naturlich todt
1228 4800 2751 5009 abgestorben seyn, welches dann beschechen
1185 4905 2701 5132 und durch gethane Relaon vorkommen
1203 5032 2711 5244 es an einer Kranckheit naturlichen todts
1173 5144 2683 5377 nach dem verhanden gewesenen judiciis vs
1137 5286 2279 5479 der welt verscheiden seye.
1175 5422 2687 5659 Diewylen es nun dise vorerzellte blut
1148 5534 2711 5736 schand guttwillig und ohne marter bekennt
1163 5670 2698 5852 auch zur zytt der gunst solches der hebammen
1134 5812 2642 5996 vermag deren ussag vilfaltig bestätiget,
1114 5907 2660 6098 Ist dem nachrichter befolchen worden disere
1137 6018 2712 6225 blutschenderi inn die haubtgruben zu vergraben
1051 6119 1750 6309 Acten ut supra
3180 806 3417 923 123.
3570 989 5078 1242 Anna Bibel aus dem
3703 1178 4706 1381 gwand by höchsteigen.
2968 1830 3355 1964 1. Ain 4 l. 3.
2974 2797 3101 2940 e
2892 3296 3321 3496 Prov: 23. p. 2.
2890 3842 3336 4011 Ephes: 5 p. 18.
2876 4029 3271 4221 Prov. 20. fl. 1.
2820 4784 3319 4987 Deub: 32 f. 14.
2828 4916 3252 5076 Gen. 49. p. 11.
2808 5196 3185 5345 Prov. 23.
3557 1475 5029 1683 Der gruech gnedige und gnadrychen gott
3539 1595 5092 1814 welcher durch syne allwyse vorsehung zu deß
3513 1689 5122 1939 ecenschen erhalten vnd sterdung die narungs¬
3529 1839 5098 2027 mittel, solche mit dancksagung gegenießen, fur¬
3514 1949 5041 2153 sorglich verordnet, der dem derschen die
3500 2045 5109 2237 sheise gibt zu seiner Zeit, auch das Trank
3505 2149 5040 2352 sonderlich die Edle hab des weyns har
3508 2262 5048 2460 ergnickung bestimbt, der will auch daß
3496 2356 4992 2569 dise seine gnaden gaben anders nicht als
3493 2473 4976 2677 mit zucht erbarkeit und müßigkeit ge
3476 2587 4980 2773 braucht werden söllind, wie dan sol
3464 2691 4979 2904 ches uß den vielfaltigen vermahnungen
3486 2832 4961 3027 in seinem heiligen wort genemmen
3464 2939 4957 3126 da es stehet, sitet auch daß erwere
3437 3038 4893 3206 sertzen nicht beschwartt werdind.
3457 3141 5012 3320 mit essen vnd trincken et vnd sondern
3449 3240 4994 3413 lich deß übermäßig, wein getreüwt halber
3459 3331 4881 3515 die wyse red also lautet, sihe den
3445 3459 4930 3637 wein nicht an, daß er so roth ist und
3451 3543 4941 3753 im glas, so schon stehet, er gehet glaid ein
3430 3640 4940 3843 aber hernach beißt er wie ein schlang
3437 3767 4957 3954 und sticht wie ein Ötter. Auch sonners.
3419 3862 4900 4064 tauffet auch nit voll wyns, daraus
3429 3975 4931 4172 ein veordenliches wesen entstehet, dan
3421 4073 4429 4262 der wein macht lose leut
3374 4174 4937 4435 Wann aber mit hindansetzung solcher vnd
3401 4331 4930 4524 anderen vielfaltigen vermahnungsworten
3405 4435 4863 4630 der gebrauch diser halbes gaben, in ein
3419 4548 4886 4744 mißbrauch verwandelt, vnnd also disers
3391 4651 4846 4809 vbertreffenliche wein getrenck miß
3403 4766 4869 4931 braucht wirt. So ist diser mißbrauch ein
3396 4868 4891 5020 quellen alles casteren, das Trauben
3385 4950 4704 5135 blund ist tracken giffen und w�tiger
4697 5020 4755 5117 .
3395 5068 4785 5247 Odergifftgall. Also daß der Weise
3367 5152 4754 5309 Salomon nicht vergebenlich spricht
3350 5260 4802 5442 Wo ist wohl, wo ist leid, wo ist ander
3375 5367 4674 5528 wo ist klagen, wo sind wurden ohne
3371 5456 4803 5638 vrsach, wo sind rothe augen. Nimlich
3381 5582 4810 5754 wo man by dem weinlige vnd kompt
3373 5655 4654 5842 auszusauffen, was eingeschenckt ist.
4293 5838 4534 5969 auch e
