5472 7296
1313 822 2902 1188 habe vermeint, mir eine zenemmen,
1342 988 2879 1244 syen aberschwo gsin, darzu ihre die
1359 1055 2873 1336 letste kelte veranlaßet, damit
1358 1155 2827 1432 er syne kinderdecken können.
1343 1251 2791 1510 wie man Ihme furhalte syne
1334 1344 2782 1631 Indischen tag vnd nacht beschechen
1360 1436 2859 1747 er w��e sich nit wohl zu erinneren.
1352 1542 2837 1799 dan er damahlen truncken ge¬
1348 1650 2818 1899 wesen es habt Ihme ein gewüster
1333 1729 2830 2037 hr, deme er einen brieff versorgen
1342 1839 2855 2096 sollen wyn zalt, daruber sye ihm
1324 1918 2784 2166 der sein an dise derbenen komen.
1312 2047 2830 2244 habe aber sich niemahlen, als deß
1320 2124 2755 2339 mahlen, mit diebstath begeßen
1321 2232 2745 2415 se auch niemahen als hie vnd
1307 2304 2752 2540 zu Buchter in gefangenschafft
1325 2403 2718 2627 gelegt worden bittet vmb gnad
1318 2478 2276 2655 und underlaßung.
1273 2562 2698 2818 Eodem die ist aus ihr gnädigen befelchen
1292 2690 2735 2907 vorgemelter Heinrich Vogt von
1293 2817 2777 3008 wremblig durch herren Großwerbel
1232 2889 2750 3088 den hoff und grichtschryber mit
1248 2966 2572 3180 dem eyd verwysen worden.
1018 655 1247 791 148
2392 3768 2513 3809 ise beide persohnen nach dem
1558 3411 2450 3618 hierre Rochet und
1509 3564 2407 3720 Maria Kochat von
1513 3655 2194 3796 Montla vilen
1224 3738 2676 3944 ise beide persohnen nach dem
1233 3881 2732 4052 sy wegen zu nacher verwandtschafft
1236 3972 2585 4142 ain der affinitet gescheiden
2586 4048 2627 4100 e
1224 4080 2669 4235 nsorden, sich aber deßen ohngeacht
1188 4165 2709 4340 hinder Lotringen widerumb zu
1208 4275 2704 4426 segnen laßen und by ein ander
1211 4367 2674 4504 vff ein geiches ehelich gewohnt
1202 4448 2691 4574 sind beide uß oberkeitlichem be
1185 4546 2619 4696 felch durch herr Großweiben
1166 4631 2591 4798 Den 5. maii 1663. im Chor hauß
1171 4722 2601 4891 mit dem eyd verwisen worden.
3821 1116 4512 1323 Dneie Flösch.
3226 852 3488 1016 149.
4215 1319 4227 1325 Dneie Flösch.
3507 1322 4994 1591 Den 9. aprilis 1663. In disere
3449 1469 4967 1704 wyls der sohn durch mehren rathsherr
3486 1583 4964 1822 kirchberger herren Hoffmeister Engel
3493 1670 4910 1913 Herr Amman inner, als sy ver
3493 1774 4891 1992 Bartlene Junken des weibels
3509 1873 4920 2099 bericht, seye schon hievor verwichen
3516 1995 4866 2212 geschmeitzt schorden, ernstwörtig
3535 2106 4849 2342 examinirt und ihrem lieberigen
3510 2205 4874 2407 obrechen nachgeforgtet worden
3505 2286 4840 2490 welches sich zwar erfunden Ja¬
3475 2390 4860 2590 auch daß wegen vbersechenen Eyds,
3442 2481 4886 2671 sy 12 wochen lang im schallen
3475 2585 4838 2802 werck gewesen, vnd daruber hin
3455 2695 4418 2869 vortgewisen worden.
3447 2783 4769 2949 wylen sy aber etwans verners
3451 2879 4844 3057 begangen ze haben nit bekannt.
3439 2981 4788 3129 Als habend er g erkennt den
3449 3051 4773 3226 10 Aprilis 1663, daß man sy
3424 3154 4751 3317 ledig laßen vnd vortreichen
3437 3238 4748 3408 solle mit betreitung man se
3417 3339 4734 3502 sich wissters sechen laßen werde
3402 3425 4697 3577 w an Ihre altes vnd neben zu
3389 3524 4720 3695 hanne geben. Ist durch gricht¬
3377 3604 4618 3775 schryber verrichtet worden,
3444 3698 4599 3843 dodem die Jun beysein her
3374 3774 4570 3934 Hurenger kuches und hr.
3397 3877 4705 4046 landtvogt Anthon zechender.
