5472 7296
937 691 1179 825 174.
1320 995 2819 1358 solches wirt auch einlichen mit dem
1340 1149 2794 1473 erderigen exempel diser vor angen
1334 1269 2720 1508 sehenden ungfar 30 jahrigen
1328 1342 2721 1586 Mans versohn Aberham Moret
1312 1456 2722 1678 gebant, von München wyler
1284 1586 2692 1794 dann nach dem derselbige vs
1310 1660 2567 1887 trib der Genußen (welche
1305 1747 2648 1978 starcker als viel tutend zugen
1311 1844 2663 2052 und ein magender wuren ist
1308 1947 2645 2151 sich gutwillig inn das Schloß
1292 2014 2703 2231 zu Manchenwyler begeben, vnd
1295 2119 2634 2346 begehrt, daß man Ihne wegen
1300 2215 2672 2406 viler begangener Bechenten
1302 2313 2672 2512 licher thaten vnd wercken be¬
1259 2404 2707 2597 hendigen solle, hierüber gefar
1296 2500 2629 2677 samblich alhar gebracht. Ist
1291 2573 2688 2791 er aus oberkeitlichem befelchen.
1287 2665 2675 2856 alsbald zu erkundigung syner
1294 2742 2661 2934 gerichts vnd heistes beschaffen.
1295 2846 2620 3023 heit, so wohl durch verordnete
1280 2941 2633 3104 Christliche Herren, als auch durch
1293 3023 2632 3188 3. herr doctores mit allem
1294 3121 2693 3314 fleiß und furzichtigkeit befragt
1264 3218 2633 3367 vnd erforschet worden, vnd als
1254 3297 2616 3449 sich nach Ihrer ußag befunden
1229 3388 2607 3564 daß er mit keiner eigentlichen
1231 3486 2646 3664 noch angenomenn melancholi
1243 3553 2625 3730 beschaffet, sonder mit guter veren
1268 3663 2640 3810 mihtt vnd gefunden verstand
1271 3724 2641 3903 Vnerschrocken vnd verstandtlich
1240 3812 2595 3973 seine wort abgelegt, habend
1170 3924 2641 4101 mal im geseßnem raht gut
1238 4019 2606 4179 funden Ihne Loret durch die
1212 4094 2609 4281 Gestrang, hatt vnd wolgeachten
1212 4186 2611 4348 furnem, furrichtig hoch und
1169 4284 2627 4395 wollweisen Herren herrn Gabriel
1168 4362 2574 4526 Wyß deß täglichen Raths hr.
1177 4449 2609 4606 Anthon zechender alt landvogt
1186 4537 2632 4691 von Bilden, her Niclaus Stur
1162 4643 2633 4784 der alt landtvogt von Grandson
1200 4708 2631 4881 vnd hr. Daniel im Hoff Groß
1180 4803 2579 4946 weibel all deß großen Raths
1122 4901 2591 5044 der statt Bern vber gene schon
1143 4983 2611 5135 zu Kirchen wyler als under
1157 5071 2593 5230 wege bekante lenthaten ernst
1141 5188 2527 5332 leportig examiniren laßen,
1125 5266 2641 5427 welcher dan gutwillig bekant worden.
2320 5380 2624 5563 Erstlich
3053 4671 3163 4845 3.
3132 1288 3236 1414 1.
3118 867 3367 1022 175.
3415 1201 5015 1488 Erstlich habe er hundts Schwestern
3447 1354 4968 1616 Vnder denen er sich in seiner zugend
3467 1442 4918 1679 und als er 5 oder 6 jahr alt gewesen
3478 1515 4880 1740 mit dreyen als der eltesten, so
3484 1607 4870 1821 2 jahr elter als er mit der drit
3453 1708 4857 1902 eltesten und der jüngsten die da
3470 1772 4874 2008 mahlen drey jahr alt wahren, in
3440 1872 4858 2102 seines vatters hauß, wie sy zu
3440 1961 4850 2183 samen gelegt worden, fleischlich
3457 2052 4828 2273 vergeßen, Jedoch ohne effect vor
3461 2133 4799 2330 daß er sy depuretirt, daran er
3446 2221 4830 2407 soliches sagte thäte er ihme selbste
3431 2308 4839 2485 unrecht pittenmahl er noch gan
3423 2388 4845 2564 jung wahre und mit würckliches
3428 2465 4853 2653 verrichten können, dem vatter vnd
3369 2556 4858 2756 Muter habind darvon mit gewüst,
3443 2620 4852 2792 seine Schefesteren selbsten wollind
3352 2718 4848 2907 darvon auch nit wüsten die elteste
3401 2800 4800 2974 halte sich zu dennens by dem herr
3413 2884 4841 3059 daselbsten vff, vnd die jungste vnd
3414 2984 4791 3148 noch ein andere zu Numpelgarde
3397 3154 4853 3387 Derners hat er angeben vnd bekent.
3391 3299 4807 3501 Alls er zeiten Jahr alt ware, habe
3393 3398 4742 3567 er sich leider in seines Vatters
3369 3489 4798 3681 stall mit einer ihnen zustendigen
3361 3604 4779 3759 Rohten Kiche umb mittag zeit zu
3370 3680 4812 3866 zweyen mahlen in vnchristlicher
3376 3758 4740 3944 thar vergeßen, seye zu sorgen
3365 3837 4706 4027 gstanden man werde zu sechen,
3365 3913 4708 4097 die that verrichten, es seye aber
3349 4025 4734 4167 niemands darzu komen, disere
3309 4093 4793 4238 Kuche habe ein Juniger knab Caspar
3322 4185 4705 4335 Mana genant, von Sole machi
3296 4244 4722 4424 wylen dieselbe zu schaden gangen
3313 4343 4734 4513 den fuß abgehannden, darvon sy
3357 4423 4279 4590 endlich druff gangen.
3289 4680 4797 4922 Grters, In Inseyen oder 3 Jahren
3301 4801 4721 4996 hernach und in herren 13. oder 14
3255 4895 4704 5056 Jahr alters, als er sich by Bierie
3275 4980 4729 5148 Anttomie von Saluenach vnd gehalten
3278 5053 4767 5246 habe er sich mit einer Grannten Stutt
3284 5149 4682 5277 in herren Stall funfft oder 6
3281 5230 4566 5384 mahl in christlich vertrabte
4321 5379 4648 5531 danne
