5472 7296
1000 675 1228 788 138.
1400 854 2954 1187 Maria vnd Latein Zubacher über sollens
1395 1043 2913 1301 wegen ihres leichtfertigen Erbirchen
1377 1106 2867 1396 von der statt und Burgeren zahl ver
1381 1229 2037 1390 wisen werden.
1629 1864 2660 2110 atryen Steinman.
1179 2169 2745 2451 An disem Martini decarit ist ein
1338 2318 2639 2553 Geibs person wegen begangenen
1328 2439 2648 2648 Leinlachen diebstahls alhier in deß
1348 2534 2608 2738 weibel walters haus ergriffen,
1338 2648 2684 2832 vnd in die gefangenschafft geleget
1337 2745 2694 2923 worden. Die hand anfangs uff be
1317 2820 2639 3019 fragen, ihres thuns und lassens
1319 2944 2660 3133 namens vnd gebuhrts orth vorgeben
1306 3036 2666 3229 d heiße Catri Steinman und seige
1325 3140 2717 3332 von Lieticken Züricher gebiets. Ist
1309 3210 2726 3442 auch darby bekantlich worden, welen
1291 3332 2732 3545 ich vor drey Jahren zu trangen ein
1274 3427 2711 3641 Juppen gestolen, daß man sy uß
1261 3532 2707 3733 geschmeitzet gewohnet und mit dem
1297 3645 2695 3840 ud verwisen, welchen sy wider
1296 3732 1749 3898 ubersehen.
1225 3945 2713 4119 Als nun hierüber ihr gnaden gutt
1281 4032 2673 4209 funden schher Gelhelm von dieß
1279 4131 2601 4305 bach zu verordnen, sy ernst wortig
1250 4220 2683 4414 zu examiniren, auch ir nach beschaffen.
1245 4312 2718 4493 heit mit der garter ferren ze laßen.
1231 4412 2728 4564 Ist solchem in bysein sey großweibels
1242 4531 2719 4702 ein hoffs und hrn Johannes das Collers
1237 4630 2678 4802 statt beschechen und nachdem uf einem
1224 4711 2702 4887 schryben von Wangen sich befunden, daß
1237 4808 2687 4969 in anno 7bris als sy drunken ver
1207 4918 2666 5090 hafft gsin, sy ußgeben, sy heiße Elsbeth
1204 5011 2657 5193 mcarer und ihre solches vorgehalten
1236 5129 2662 5285 worden, hatte sy sich deßen nicht er
1221 5222 2619 5396 eineren wollen, sonder ist daruff
1214 5303 2653 5499 verharret, sy heiße Catri Steinman,
2230 5463 2424 5577 und
3585 1100 5076 1368 unnd ihr eheman Hans Ulrich Frech seherin
3573 1227 5027 1465 Müller, der sich uff deß Pfisters kühle
3543 1325 5022 1568 zu Kerfertz uffhalte, von demme sich lang
3562 1431 5009 1640 nichts vernommen, vor 14 tagen aber
3529 1506 5034 1767 habe er ihre entbotten er wolle ihre
3547 1629 4085 1795 gelt schicken.
3439 1779 4933 2020 Als ich noch eigentlicher ihrer Elteren
3519 1909 4865 2115 halb befragt ward, sagte sy ihre
3517 2028 4881 2198 Mutter heiße Anna Tschantz unnd
3511 2092 4767 2313 ihr vnder Hans Jacob Frey
3508 2274 4900 2485 her hinder ihren gefundenen rothen
3503 2397 4934 2623 derer und kirchen halber hatt sich sich
4726 2557 4812 2627 E
3518 2493 4870 2679 verantwortet, ein gwüßer knab
3496 2598 4987 2819 den sy alhier in der statt angetroffen.
3485 2689 4886 2910 uns zuvor zu Ostermundigen gesehen,
3480 2750 4815 2989 habe sy angeredt, solche dahin ze
3477 2875 3822 3038 tragen.
3441 2958 3530 3061 .
3481 3046 4857 3260 Sy ist auch bekantlich worden, daß sy
3473 3147 4864 3362 zum dreiden mahl zu wangen gfangen,
3458 3251 4810 3428 gsin, das wilmahl, daß sich trun
3471 3354 4717 3537 wener wyß zu Hertzogen buschter
3470 3454 4857 3634 geschworen und ein zuppen gestolen.
3471 3550 4840 3733 das andermahl wylen sy zwey
3449 3622 4743 3775 brodt entwendt, und das dritte
3452 3732 4835 3902 mahl, weilen sich nochmahlen gelusten
3451 3829 4755 4006 laßen ein juppen hern frömbden
3450 3907 4800 4095 darumb sy auch hart gemarteret
3429 3994 4524 4173 und ußgeschreitzet worden.
3384 4109 4865 4360 Weilen aber uß solchen reden, sondern
3425 4279 4712 4471 lich der ernamsung halber ihres
3429 4391 4815 4556 vatters gnugsam abgenommen, daß
3421 4473 4771 4660 sy in allweg lurget, ist sy in
3397 4555 4827 4744 strecker thurn geführt und nochmahlen
3405 4652 4810 4836 ernst w�rdig uf und uff ihres stätiges
3402 4735 4778 4898 hepfaren, mit der marter examinirt
3373 4828 4763 4985 und lahr uffzogen worden. Sie hatt
3397 4941 4718 5100 entlich bekent, sy habe die decher
3394 5028 4783 5211 in einer hiehen eingewickelt bysamen
3388 5122 4776 5279 in der statt alhier in einem haus
3381 5206 4758 5382 weit obenthalb deß weibel ghalters
3372 5292 4726 5462 haus an der hinderen gaßen ent-
3357 5392 4715 5584 frömbdet, darzu aber seye sich von
4257 5576 4582 5712 einer etc.
3185 865 3377 1012 139.
