5472 7296
978 762 1131 872 80.
1554 802 2701 1131 Peter Eych zu Ried den
1596 1055 2749 1261 kirchhhri Bollingen gebürtig.
1041 1229 1277 1475 Es wirdt die sund deß Menschen
1057 1634 1123 1764 .
1239 1884 1292 1980 e
785 2204 1298 2404 Spr. cap. 21. v. 3. 4.
752 2793 1028 2923 Psal. 38.
1277 2818 1290 2968 verwundet, daß es niemandts heilen kan, sy
1230 3854 1262 4061 Dann Nachdem gegenwürtiger Peter fryg.
1269 1228 2846 1472 Es wirdt die sund deß Menschen
1309 1390 2878 1627 eigendtlich vnd wol zöglich einer bosen hergischeit
1291 1895 1297 1920 e
1300 1556 2835 1705 Schlangen, dan gleich wie dieselbige, wan sy ein
1308 1607 2806 1803 mahl kinderlistig dem Menschen zukommen kan,
1296 1723 2863 1915 beschädiget, sich den selben sehr bald mit ihrem gifft.
1309 1840 2872 2018 Also auch die sund, wo die selbige einmahl statt
1316 1941 2873 2136 und platz findet, wirdt durch sy der densch
1312 2058 2825 2220 an seiner sellen vbel verletzet, dannenhar
1330 2164 2837 2329 der weise sprach nicht vergebenlich disere v
1347 2251 2840 2430 nahnung thut. Flieche diesund wie vor
1331 2374 2856 2554 einer schlangen, dann so die ihre zu nachen
1309 2460 2803 2644 kompst, so sticht sy dich, Ihre zuhnd sind wie
1319 2584 2836 2740 eüwen Jans und todtend den senschen, ein
1333 2686 2824 2864 jede sind ist wie ein scharpfes schwerdt und
1287 2802 2784 2969 verwundet, daß es niemandts heilen kan, sy
1313 2907 2751 3061 bekränckt den leib und macht, daß kein
1300 3008 2803 3160 frid in den gebeinen ist, und wan schon der
1309 3109 2756 3274 Aeensch gedenckt dieselbige zuverbergen, so
1323 3212 2763 3370 erweitt sy der gestalten, daß harte vnd
1308 3308 2795 3493 erefindtliche gewüßen, daß sy nicht verborgen
1296 3417 2772 3575 sein kan sondern an das tagliecht kommen
1308 3519 2740 3675 muß, wie dan die wahrheit deßen, erben
1311 3611 2824 3777 vielen anderen exemplen, auch an disem arbeit
1295 3703 2133 3877 seligen sunder erhulet.
1257 3868 2779 4095 Dann Nachdem gegenwürtiger Peter fryg.
1284 4033 2767 4180 ein 34 jährige vehrlichte Manns Person zu
1281 4124 2768 4317 ried der kirchhöri Bolling gebürtig, aber
1273 4219 2789 4413 zu huristall ob Karfert wahrhafft in seiner
1292 4350 2787 4535 blinden gegend und als er im bettel herung
1283 4441 2765 4627 gesogen, dem Kirch hindennd her, vnd sonderlich
1266 4561 2742 4748 zu Ostermundig gehabet, sich durch vereüsche
1270 4668 2772 4834 fleischliche, ja teüffelische begirden, so weite
1257 4786 2779 4955 gesten und befleckt, daß er in unchristen liche
1278 4893 2768 5069 thaten gefallen, vnd dardurch seinen leib als
1284 4991 2738 5158 ein gefeß der Barmherzigkeit gottes zu
1263 5093 2733 5264 einem gefeß der vngnaden vnd vnehr ge¬
1263 5184 2766 5382 macht. Ist ihne dies so hoches verbrechen mit zu
1255 5304 2760 5475 nemmendem alter vnd Bstand so tieff in das
1244 5411 2773 5575 hertz gestigen, daß er seit ohne sonder fürse
1247 5507 2754 5656 hung gottes entlichen mit großer angstigung
1251 5595 2705 5763 seines gwißens, solches nicht verners verhalten
1245 5689 2721 5856 können, sonder vorwenig tagen, als er by 14
1232 5786 2708 5971 tagen zuvor kein ruh gehabt, mit krancknen
2266 5895 2625 6082 gedancken
2912 3107 3296 3280 Rom. 13. 4.
2918 3248 3284 3385 21. 20.
3168 767 3358 939 81.
3499 945 5106 1129 gedancken stäts umbgangen, weder eßen, trincken
3513 1051 5062 1239 nachschlaffen können, es anzeigen wüßen, vnnd
4001 1168 4043 1248 h
3517 1175 5077 1337 erstlich seiner frauwen, bald darauff hatt
3511 1282 5101 1438 er sich alhar in die statt zu hern großweibel
3487 1379 5051 1565 Im Hoffs hauß begeben, diß sein verbrechen
3502 1493 5021 1663 guttwillig und uß eigenem trib eroffent
3500 1608 4388 1789 und an den tag geben.
3459 1791 5013 1995 Als nun solches alsbald an gebührendem
3498 1903 5052 2115 orth angezeigt, er fürsichtiglich seiner gemüts
3476 2035 5056 2220 vnd Leibs constition halber, so wol durch seelen
3500 2155 5048 2331 als Leibarzet visitirt, erforschet, vnd zu dem
3490 2240 4970 2447 end in milte gefangenschafft gelegt, vnd
3488 2343 4972 2543 nach etlich angewendten leibs mittlen stats
3481 2458 5030 2651 und durch aus gleich by seinem zustand befunden
3477 2550 5029 2755 die furgebene reben mit seiner Ehefrn nach
3489 2681 5002 2867 ihrer gschig gleichstenig, auch durch verhörte
3476 2766 5035 2973 kundtschafft, wo er angeben sich von Zeit vff
3469 2890 4923 3051 gehalten ze haben warhafften erfunden worden.
3370 3004 4947 3158 Habend harauff dergherren und oberen als
3480 3106 4994 3291 welche das schwerdt nit umbsonst tragend
3453 3218 4970 3362 und kemag Gottes deß herren bevelch die
3458 3292 4906 3489 Gottlosen Kinder vnd sunder straffend,
3455 3403 5033 3575 gutt funden und erkennt, das vorangedeüter
3465 3509 4873 3664 Peter eyg ernstlich examinirt und in
3476 3600 5004 3763 strecke thurn, umb zeigung der Marter
3448 3686 5028 3873 geführt werden solle. Nachdem nun solchen
3461 3786 4971 3971 statt beschechen und er den 6. diß durch die
3467 3901 4960 4091 Ehrenvesten Sach- vnd wolgeachten, fromm,
3444 4023 4807 4164 fersuchtig und wysenherren herren sammel
3464 4124 4982 4295 ochmaltz des täglich raths und vorderten
3457 4213 5010 4393 Examinatoren, her Samuel Bundeli neder¬
3460 4325 4978 4496 erwelten herren vogt naher Wangen, vnd
3408 4426 4952 4615 Her Jagelin Hoff Großweibel vor er¬
3443 4564 4900 4727 midt anbekolchener maßen ernstwörtig
3453 4658 4843 4824 examinirt worden, hatt er wie zuvor.
3445 4753 4858 4913 göttwillig, also auch dißmahlen ernstlich
3437 4836 4964 5036 befragt wider solend (jedoch mit hertzlicher
3431 4962 4023 5123 re�wen) bekent.
3318 5066 4929 5309 Erstlich, daß er sich leider in seiner jugend in
3424 5232 4896 5391 seines vatters haus und stuben mit einem
3429 5336 4587 5509 sey ein mahl schandlich vergeßen.
3224 5431 4883 5658 Werners habe er im Jahr hernach als er
3393 5589 4839 5751 zn Ostermann den Schaafen gehöret, sich in
3422 5687 4837 5819 einem Jahr mit 8 Schwartz vnd weißen
3403 5751 4917 5928 Schaafen uff dem feld und in gestrappen
3407 5838 4188 5995 vechristenlich vertrabt.
4364 5862 4600 6035 Item
