5472 7296
1337 848 2892 1116 leutert, wan es finster seye der Oberweg
1347 994 2840 1197 beßer, er der gezeug aber seye sels dem
1344 1120 2756 1326 doch nach gangen. Vor einem Jahr seye
1336 1207 2758 1426 Lienhard in den bach gefallen, vnd habe
1333 1362 2780 1545 Iohnen hind verlohren, letstlich seye er¬
1345 1452 2847 1664 auch den oberen wegen gangen, der Lienhard
1333 1550 2817 1770 habe geredt, Montags wolle er seine erbs
1334 1669 2626 1876 und zinstags ihme weiters tröschen.
962 647 1175 777 96.
1486 1921 2841 2125 Auff deß thäters seithen sind volgende
1509 2038 2535 2219 kundtschafften gestellt worden.
1354 2265 2773 2458 Beedicht strytt, so mit ihme Beedicht
1580 2384 2240 2561 zuset verwarden.
1392 2469 2374 2664 Petter Hugin von Bromen.
1401 2630 2800 2799 Hans vnd Niclaus Tscheien von Nider
1513 2746 1853 2870 möhleren.
1471 1826 1656 1848 und zinstags ihme weiters tröschen.
1322 2838 2432 3034 breucht zugen uffem Buhrli
1253 3018 2810 3253 wagend sy habind von diser that nichts gewüßte
1307 3196 2828 3387 weder erst verschinnen Sontag, der Guggisperg
1298 3325 2794 3480 seye ein redlicher mann und niemands weder
1309 3436 2794 3596 ihme selbs schädlich gsin wegen seiner lieder
1296 3534 2671 3701 ligkeit, wan er truncken gsin, habe er
1296 3653 2636 3819 gewütet, aber doch sich abmahnen laßen.
1282 3776 2701 3945 hingegen seyend die Jehet auch redliche leut¬
1293 3899 2761 4057 gutte nachbarn, wüßind nicht das Lienhard
1304 3995 2775 4176 und zuset einiche frendschafft noch zwytracht
1292 4109 2337 4275 mit ein anderen gehabt habind.
1231 4206 2730 4402 Deßwegs halber gebind sy disen bericht, es
1267 4335 2650 4534 seche die landtstraß der neher weg gegen
1263 4444 2679 4618 Leehards haus, man gehe aber auch den
1283 4565 2525 4722 oberen weg, aber umb etwas umb
1246 5405 1274 5410 Zeugend einhelig, als Ich zwischen Zwechen
1355 4784 2694 4967 Hans strytt von Niderblacken, so mit
1476 4912 2671 5072 dem gethäter geschwöstertes kind.
1311 5016 2561 5189 Christen wyß uß dem Brand holtz.
1362 5126 1855 5286 Peter. Ctz.
1312 5245 2287 5435 Hans Hugi von Ordenen.
1899 5416 2219 5545 gohngefahren
1205 5410 2653 5662 Zeugend einhelig, als Ich zwischen Zwechen
1224 5586 2585 5776 oder dreyen stunden, Nachts von einem
2212 5706 2597 5901 kindbette.
3524 963 4885 1205 Rindbettimahl heimkommen, seyind sy von
3557 1123 4866 1311 dicht hysets vatter und mutter beruff
3570 1238 4852 1436 worden, die ihnen angezeigt, es sein
3553 1360 4967 1535 einer zu haus vnd heimkommen, vnd kein
3549 1468 4896 1663 bescheid geben wollen, da habe ihr voll
3545 1581 4902 1762 die tagen genommen, besorgend es hab
3534 1690 4895 1895 gefehlt, seyend mit ihnen hinab gange
3533 1823 4830 2019 bitterlich geweinet und gesagt, sy
3529 1951 4903 2107 meinind es sey der Lienhard wegge
3519 2045 4855 2220 perg, sy habind ihne darvor gar ei
3500 2138 4849 2332 kent, er habe nicht wollen bescheid
3501 2278 4895 2443 geben, seye von einem orth zudem
3505 2384 4854 2562 anderen gewichen, entlichen habe ihme
3483 2485 4798 2691 beedicht einen streich gegeben, der
3485 2602 4918 2804 Junger seye erst hernach darzu kommen
3499 2701 4790 2902 diser Lienhard seye todt vff dem
3513 2833 4836 3009 Rocken ligend gsin, vnd neben ihme
3510 2944 4295 3105 ein stecklin gelegen.
3526 3050 4900 3254 sein Lienhards Lebwesen halber, seye
3497 3195 4821 3346 er ein gutter werchman, hievor
3494 3284 4822 3450 aber zimmlich liederlich und wann
3485 3388 4845 3570 er by dem trunck gsin, habe er sich
3486 3498 4552 3670 vergeßen vnd versaumpt.
3457 3622 4817 3796 isen Erset dan seyend redliche leüth
3462 3728 4721 3906 und gutte nachbaren, habind nicht
3460 3824 4744 4009 kommen erkennen, daß sy damahlen
3468 3944 4880 4109 als sy zum Leichnam kommen, truncken
3442 4038 4746 4217 gsin, wüßind auch nicht, daß sy
3460 4159 4819 4330 mit ein ander gemahlen etwas ze
3406 4264 4059 4438 Zancken gehabt.
3445 4371 4835 4563 Der obere weg seye umb etwas
3431 4512 4291 4644 beßer als der weder
3441 4602 3525 4741 e
3436 4678 4732 4891 Cristen zyßet deß thaters bruder
3433 4832 4668 5008 seinem fergeben nach zwölff jahr
3427 4950 4820 5112 Alters, hat sich also erleiteret, sein bruder
3430 5037 4780 5215 benacht seye mit der frauwen in das
4301 5165 4454 5238 aber
3413 5135 4716 5327 Stöcklin nidergangen, sy habend nun
3421 5251 4695 5439 erwartung ihres volcks gehuetet,
3386 5351 4769 5522 vnd gelesen, In dem komeeiner vnns
3404 5466 4713 5642 thue das Leufferlin schierhalb vff
3405 5567 4786 5782 darüber sich geschrauwen, werdes bisen
4470 5756 4571 5875 s
3181 790 3362 926 97.
