<?xml version="1.0" encoding="UTF-8" standalone="yes"?>
<PcGts xmlns="http://schema.primaresearch.org/PAGE/gts/pagecontent/2013-07-15" xmlns:xsi="http://www.w3.org/2001/XMLSchema-instance" xsi:schemaLocation="http://schema.primaresearch.org/PAGE/gts/pagecontent/2013-07-15 http://schema.primaresearch.org/PAGE/gts/pagecontent/2013-07-15/pagecontent.xsd">
    <Metadata>
        <Creator>prov=University of Rostock/Institute of Mathematics/CITlab|PLANET AI GmbH/Gundram Leifert/gundram.leifert@planet-ai.de:name=German_Kurrent_XVI-XVIII_M1(htr_id=19584)::::v=2.6.6
prov=University of Rostock/Institute of Mathematics/CITlab|PLANET AI GmbH/Tobias Gruening/tobias.gruening@planet-ai.de:name=de.uros.citlab.module.baseline2polygon.B2PSeamMultiOriented:v=2.6.6
prov=University of Rostock/Institute of Mathematics/CITlab|PLANET AI GmbH/Tobias Gruening/tobias.gruening@planet-ai.de:name=/net_tf/LA73_249_0mod360.pb:de.uros.citlab.segmentation.CITlab_LA_ML:v=2.6.6
Transkribus</Creator>
        <Created>2020-10-05T12:36:20.911+02:00</Created>
        <LastChange>2023-06-15T14:35:41.868+02:00</LastChange>
        <TranskribusMetadata docId="1334833" pageId="52361349" pageNr="53" tsid="127036667" status="IN_PROGRESS" userId="42748" imgUrl="https://files.transkribus.eu/Get?id=YRCHNQDMAQXORHNWDTXICRIQ&amp;fileType=view" xmlUrl="https://files.transkribus.eu/Get?id=JDEOGHYBTMRXQUQVSURGMPTS" imageId="16048985"/>
    </Metadata>
    <Page imageFilename="Turmbuch_StAB B IX 478_00053-20200925_092417.jpg" imageWidth="5472" imageHeight="7296">
        <ReadingOrder>
            <OrderedGroup id="ro_1687513713581" caption="Regions reading order">
                <RegionRefIndexed index="0" regionRef="TextRegion_1686832467643_1952"/>
                <RegionRefIndexed index="1" regionRef="TextRegion_1686832530837_1989"/>
                <RegionRefIndexed index="2" regionRef="TextRegion_1686832519682_1977"/>
                <RegionRefIndexed index="3" regionRef="TextRegion_1686832516995_1971"/>
                <RegionRefIndexed index="4" regionRef="TextRegion_1686832514552_1963"/>
            </OrderedGroup>
        </ReadingOrder>
        <TextRegion orientation="0.0" type="paragraph" id="TextRegion_1686832467643_1952" custom="readingOrder {index:0;} structure {type:paragraph;}">
            <Coords points="978,690 2943,818 2763,5541 1021,5541"/>
            <TextLine id="r1l1" custom="readingOrder {index:0;}">
                <Coords points="971,836 999,828 1012,837 1061,795 1088,796 1119,780 1139,780 1134,731 1115,729 1108,736 1092,724 1067,720 1056,730 1021,729 987,754 977,747 961,748"/>
                <Baseline points="978,806 1003,803 1028,799 1054,795 1079,793 1104,791 1130,790"/>
                <TextEquiv>
                    <Unicode>100</Unicode>
                </TextEquiv>
            </TextLine>
            <TextLine id="r2l1" custom="readingOrder {index:1;}">
                <Coords points="1253,989 1497,1023 1995,980 2121,1046 2257,1009 2541,1072 2776,1055 2779,1000 2383,879 2258,936 2119,881 1695,929 1422,812 1260,807"/>
                <Baseline points="1264,978 1339,980 1414,981 1489,982 1564,982 1639,984 1714,986 1789,986 1864,988 1939,990 2015,992 2090,995 2165,998 2240,1002 2315,1006 2390,1011 2465,1016 2540,1023 2615,1030 2690,1038 2766,1048"/>
                <TextEquiv>
                    <Unicode>Aber verneren Oberkeitlichen.</Unicode>
                </TextEquiv>
            </TextLine>
            <TextLine id="r2l2" custom="readingOrder {index:2;}">
                <Coords points="1322,1111 2817,1181 2821,1087 2736,1046 2518,1103 2193,1022 1831,1038 1741,992 1621,1052 1328,991"/>
                <Baseline points="1334,1092 1407,1095 1481,1097 1555,1099 1628,1101 1702,1104 1776,1106 1849,1107 1923,1110 1997,1112 2071,1114 2144,1118 2218,1120 2292,1124 2365,1128 2439,1134 2513,1140 2586,1147 2660,1154 2734,1163 2808,1172"/>
                <TextEquiv>
                    <Unicode>bevelch, den driten Jungeren bruder</Unicode>
                </TextEquiv>
            </TextLine>
            <TextLine id="r2l3" custom="readingOrder {index:3;} person {offset:0; length:14;}">
                <Coords points="1314,1271 1517,1225 1589,1296 1754,1229 1846,1272 2194,1214 2300,1304 2569,1268 2857,1322 2865,1171 2697,1206 2172,1123 2030,1190 1836,1112 1764,1151 1660,1101 1552,1143 1322,1112"/>
                <Baseline points="1328,1210 1404,1212 1480,1214 1556,1214 1632,1216 1708,1218 1784,1220 1860,1221 1936,1222 2012,1225 2088,1228 2164,1231 2240,1235 2316,1239 2392,1245 2468,1251 2544,1259 2620,1267 2696,1277 2772,1288 2848,1300"/>
                <TextEquiv>
                    <Unicode>Christen zuset genannt allhar zu beschicken</Unicode>
                </TextEquiv>
            </TextLine>
            <TextLine id="r2l4" custom="readingOrder {index:4;}">
                <Coords points="1325,1341 1642,1370 1727,1335 2192,1403 2383,1352 2516,1430 2675,1384 2766,1419 2769,1350 2565,1297 2235,1305 2108,1242 1832,1291 1755,1228 1627,1296 1511,1235 1328,1262"/>
                <Baseline points="1336,1324 1407,1326 1478,1328 1549,1330 1620,1332 1691,1334 1762,1336 1833,1337 1904,1339 1975,1341 2046,1344 2117,1346 2188,1350 2259,1352 2330,1357 2401,1362 2472,1367 2543,1374 2614,1380 2685,1388 2756,1398"/>
                <TextEquiv>
                    <Unicode>vnnd weiters zubefragen, welcher</Unicode>
                </TextEquiv>
            </TextLine>
            <TextLine id="r2l5" custom="readingOrder {index:5;}">
                <Coords points="1316,1496 1451,1445 1557,1496 2243,1468 2562,1507 2645,1562 2792,1520 2796,1434 2719,1392 2397,1456 2284,1380 2167,1432 1872,1358 1675,1414 1481,1328 1322,1372"/>
                <Baseline points="1328,1442 1400,1444 1473,1445 1546,1446 1618,1448 1691,1450 1764,1452 1836,1454 1909,1456 1982,1459 2055,1462 2127,1466 2200,1469 2273,1474 2345,1479 2418,1484 2491,1489 2563,1496 2636,1502 2709,1511 2782,1520"/>
                <TextEquiv>
                    <Unicode>weder seiner bruderen das einte oder</Unicode>
                </TextEquiv>
            </TextLine>
            <TextLine id="r2l6" custom="readingOrder {index:6;}">
                <Coords points="1333,1564 1489,1595 1626,1550 1750,1627 1849,1594 1911,1636 2165,1599 2374,1684 2433,1639 2702,1622 2666,1555 2375,1486 2165,1516 2091,1467 1981,1528 1671,1495 1619,1529 1475,1450 1336,1509"/>
                <Baseline points="1344,1558 1411,1560 1478,1562 1546,1564 1613,1566 1681,1569 1748,1572 1815,1573 1883,1576 1950,1578 2018,1580 2085,1584 2152,1586 2220,1589 2287,1592 2355,1596 2422,1600 2489,1604 2557,1608 2624,1613 2692,1616"/>
                <TextEquiv>
                    <Unicode>iedere wehr geführt, Ist solchem</Unicode>
                </TextEquiv>
            </TextLine>
            <TextLine id="r2l7" custom="readingOrder {index:7;}">
                <Coords points="1321,1691 1500,1669 1694,1753 1897,1697 2144,1755 2293,1713 2416,1787 2607,1736 2767,1790 2811,1778 2816,1682 2619,1702 2509,1647 2372,1683 2168,1598 1864,1662 1326,1591"/>
                <Baseline points="1332,1670 1405,1675 1479,1678 1552,1681 1626,1684 1699,1688 1773,1690 1846,1692 1920,1694 1993,1698 2067,1701 2140,1704 2214,1707 2287,1710 2361,1715 2434,1721 2508,1727 2581,1734 2655,1741 2728,1749 2802,1760"/>
                <TextEquiv>
                    <Unicode>statt beschechen, vnnd hatter hierauff</Unicode>
                </TextEquiv>
            </TextLine>
            <TextLine id="r2l8" custom="readingOrder {index:8;}">
                <Coords points="1321,1817 1677,1807 1738,1863 1900,1805 2083,1875 2331,1888 2440,1840 2529,1893 2626,1883 2629,1816 2511,1761 2389,1797 2183,1738 2132,1781 1994,1721 1750,1770 1653,1716 1530,1762 1327,1687"/>
                <Baseline points="1332,1790 1396,1793 1460,1796 1524,1799 1588,1802 1653,1804 1717,1806 1781,1808 1845,1810 1909,1812 1974,1814 2038,1817 2102,1820 2166,1822 2230,1826 2295,1829 2359,1833 2423,1839 2487,1843 2551,1850 2616,1856"/>
                <TextEquiv>
                    <Unicode>diseren bericht von sich gegeben.</Unicode>
                </TextEquiv>
            </TextLine>
            <TextLine id="r2l9" custom="readingOrder {index:9;}">
                <Coords points="1318,1918 1424,1969 1580,1913 1901,1933 2133,2001 2301,1947 2713,2008 2784,1946 2410,1850 2030,1902 1881,1807 1739,1862 1672,1807 1322,1826"/>
                <Baseline points="1328,1906 1400,1910 1472,1914 1544,1918 1616,1920 1689,1922 1761,1926 1833,1927 1905,1930 1977,1932 2050,1934 2122,1937 2194,1940 2266,1943 2338,1946 2411,1952 2483,1956 2555,1963 2627,1970 2699,1976 2772,1986"/>
                <TextEquiv>
                    <Unicode>sy habind beide wehr gehabt, der Ben</Unicode>
                </TextEquiv>
            </TextLine>
            <TextLine id="r2l10" custom="readingOrder {index:10;} person {offset:0; length:5;}">
                <Coords points="1331,2071 1543,2036 1694,2092 1906,2045 2095,2114 2212,2062 2333,2099 2455,2068 2558,2132 2730,2138 2769,2134 2773,2044 2547,1986 2267,2020 1336,1957"/>
                <Baseline points="1344,2022 1414,2026 1485,2030 1556,2034 1627,2037 1698,2040 1768,2044 1839,2047 1910,2050 1981,2053 2052,2056 2122,2058 2193,2062 2264,2065 2335,2068 2406,2072 2476,2076 2547,2080 2618,2085 2689,2090 2760,2096"/>
                <TextEquiv>
                    <Unicode>Richt aber habe den schmeleren Tagen,</Unicode>
                </TextEquiv>
            </TextLine>
            <TextLine id="r2l11" custom="readingOrder {index:11;}">
                <Coords points="1319,2163 1729,2153 1923,2225 2243,2172 2768,2254 2772,2177 2685,2123 2548,2153 2454,2080 1990,2124 1882,2069 1659,2119 1483,2049 1324,2067"/>
                <Baseline points="1332,2134 1403,2139 1474,2142 1546,2146 1617,2150 1689,2153 1760,2156 1831,2159 1903,2161 1974,2164 2046,2167 2117,2170 2188,2174 2260,2177 2331,2182 2403,2186 2474,2190 2545,2196 2617,2202 2688,2209 2760,2216"/>
                <TextEquiv>
                    <Unicode>mit einem rothen Pläzlirenden an dem</Unicode>
                </TextEquiv>
            </TextLine>
            <TextLine id="r2l12" custom="readingOrder {index:12;}">
                <Coords points="1287,2317 1717,2275 2005,2356 2207,2292 2656,2362 2701,2354 2705,2227 2313,2244 2231,2182 2016,2259 1471,2146 1290,2215"/>
                <Baseline points="1300,2260 1369,2264 1439,2268 1508,2270 1578,2273 1648,2276 1717,2278 1787,2278 1856,2280 1926,2282 1996,2284 2065,2286 2135,2287 2204,2290 2274,2292 2344,2294 2413,2298 2483,2302 2552,2307 2622,2311 2692,2318"/>
                <TextEquiv>
                    <Unicode>gefeß vnd einem stich blatt (dann</Unicode>
                </TextEquiv>
            </TextLine>
            <TextLine id="r2l13" custom="readingOrder {index:13;}">
                <Coords points="1304,2385 2367,2419 2597,2494 2727,2448 2729,2380 2592,2331 2418,2356 2346,2298 2240,2360 2081,2299 2001,2364 1813,2302 1719,2354 1616,2281 1540,2342 1306,2307"/>
                <Baseline points="1314,2372 1384,2378 1454,2383 1524,2389 1594,2393 1665,2396 1735,2398 1805,2400 1875,2402 1945,2403 2016,2404 2086,2405 2156,2406 2226,2408 2296,2410 2367,2412 2437,2415 2507,2419 2577,2424 2647,2428 2718,2436"/>
                <TextEquiv>
                    <Unicode>das ander blatt by dem haus usger</Unicode>
                </TextEquiv>
            </TextLine>
            <TextLine id="r2l14" custom="readingOrder {index:14;} person {offset:29; length:5;}">
                <Coords points="1309,2524 1435,2500 1643,2559 1716,2524 1765,2577 1828,2524 2100,2512 2200,2585 2279,2522 2725,2567 2727,2505 2574,2504 2519,2457 2418,2484 2366,2437 1882,2449 1789,2409 1717,2476 1314,2386"/>
                <Baseline points="1320,2488 1389,2493 1459,2499 1529,2503 1599,2507 1669,2510 1738,2512 1808,2514 1878,2516 1948,2516 2018,2518 2087,2520 2157,2521 2227,2523 2297,2525 2367,2528 2436,2531 2506,2534 2576,2540 2646,2546 2716,2552"/>
                <TextEquiv>
                    <Unicode>fallen) geführt vnd seyender Hanns</Unicode>
                </TextEquiv>
            </TextLine>
            <TextLine id="r2l15" custom="readingOrder {index:15;}">
                <Coords points="1318,2605 1994,2645 2195,2727 2489,2643 2608,2717 2793,2702 2798,2578 2478,2606 2389,2537 2170,2583 2101,2525 1849,2586 1707,2531 1319,2563"/>
                <Baseline points="1328,2598 1400,2602 1473,2608 1546,2612 1619,2615 1692,2618 1764,2620 1837,2624 1910,2626 1983,2628 2056,2630 2128,2632 2201,2634 2274,2637 2347,2640 2420,2643 2492,2647 2565,2652 2638,2655 2711,2661 2784,2668"/>
                <TextEquiv>
                    <Unicode>nicht by dem bredicht, sonder bis ihme</Unicode>
                </TextEquiv>
            </TextLine>
            <TextLine id="r2l16" custom="readingOrder {index:16;} person {offset:0; length:8;}">
                <Coords points="1312,2743 1531,2745 1688,2809 1990,2766 2065,2818 2188,2766 2382,2802 2533,2765 2651,2839 2753,2829 2757,2741 2525,2661 2414,2732 2191,2731 2126,2685 1957,2711 1886,2651 1631,2686 1559,2614 1431,2647 1318,2604"/>
                <Baseline points="1324,2722 1395,2726 1466,2731 1537,2736 1608,2740 1679,2742 1750,2744 1821,2748 1892,2749 1963,2751 2034,2752 2105,2754 2176,2756 2247,2760 2318,2762 2389,2764 2460,2768 2531,2773 2602,2778 2673,2784 2744,2790"/>
                <TextEquiv>
                    <Unicode>Christen by dem Scheierlin bliben.</Unicode>
                </TextEquiv>
            </TextLine>
            <TextLine id="r2l17" custom="readingOrder {index:17;}">
                <Coords points="1282,2879 1583,2858 1661,2905 1778,2870 1906,2914 1952,2876 2106,2921 2238,2881 2326,2937 2503,2949 2638,2879 2640,2812 2362,2793 2226,2846 2002,2828 1914,2771 1688,2810 1378,2720 1285,2753"/>
                <Baseline points="1292,2850 1358,2850 1425,2852 1492,2854 1559,2856 1626,2858 1692,2860 1759,2864 1826,2866 1893,2868 1960,2870 2026,2873 2093,2875 2160,2876 2227,2878 2294,2878 2360,2880 2427,2880 2494,2878 2561,2878 2628,2876"/>
                <TextEquiv>
                    <Unicode>die ursach aber, worumb sy also</Unicode>
                </TextEquiv>
            </TextLine>
            <TextLine id="r2l18" custom="readingOrder {index:18;}">
                <Coords points="2654,2907 2666,2908 2677,2918 2694,2917 2697,2922 2704,2918 2708,2923 2718,2924 2724,2852 2712,2851 2706,2855 2691,2837 2674,2848 2660,2844"/>
                <Baseline points="2666,2884 2710,2888"/>
                <TextEquiv>
                    <Unicode>.</Unicode>
                </TextEquiv>
            </TextLine>
            <TextLine id="r2l19" custom="readingOrder {index:19;}">
                <Coords points="1260,3020 1410,2968 1663,3044 1718,2997 1967,2988 2118,3056 2177,3016 2394,3072 2516,3006 2736,3012 2767,2936 2627,2909 2517,2961 2202,2907 2078,2954 1768,2888 1263,2898"/>
                <Baseline points="1272,2952 1346,2957 1420,2964 1494,2968 1568,2972 1643,2976 1717,2980 1791,2982 1865,2984 1939,2986 2014,2988 2088,2990 2162,2992 2236,2992 2310,2994 2385,2994 2459,2996 2533,2997 2607,2998 2681,3000 2756,3002"/>
                <TextEquiv>
                    <Unicode>gehalten, seye, weilen sy nicht gewußt</Unicode>
                </TextEquiv>
            </TextLine>
            <TextLine id="r2l20" custom="readingOrder {index:20;}">
                <Coords points="1273,3084 1396,3075 1466,3134 1596,3088 2101,3143 2723,3090 2667,3011 2595,3058 2163,3030 2076,3077 1896,2999 1493,3041 1384,2981 1275,3025"/>
                <Baseline points="1284,3064 1355,3070 1426,3076 1498,3080 1569,3084 1641,3086 1712,3089 1783,3090 1855,3092 1926,3094 1998,3094 2069,3096 2140,3096 2212,3096 2283,3098 2355,3098 2426,3100 2497,3102 2569,3103 2640,3105 2712,3108"/>
                <TextEquiv>
                    <Unicode>Ob mehr verhanden sein mochtend.</Unicode>
                </TextEquiv>
            </TextLine>
            <TextLine id="r2l21" custom="readingOrder {index:21;}">
                <Coords points="1251,3216 1486,3178 1671,3188 1742,3244 2010,3209 2185,3257 2271,3214 2399,3266 2785,3270 2790,3162 2552,3183 2298,3094 1927,3173 1740,3103 1256,3112"/>
                <Baseline points="1264,3170 1339,3173 1415,3177 1490,3182 1566,3185 1642,3188 1717,3192 1793,3194 1868,3197 1944,3200 2020,3203 2095,3205 2171,3208 2246,3212 2322,3214 2398,3218 2473,3221 2549,3225 2624,3229 2700,3234 2776,3238"/>
                <TextEquiv>
                    <Unicode>dann man sich an vnderschidenlisen orthen</Unicode>
                </TextEquiv>
            </TextLine>
            <TextLine id="r2l22" custom="readingOrder {index:22;} person {offset:18; length:7;}">
                <Coords points="1259,3328 1719,3313 2142,3364 2227,3326 2335,3386 2396,3349 2517,3384 2663,3359 2666,3280 1742,3245 1670,3189 1262,3251"/>
                <Baseline points="1270,3294 1339,3296 1408,3299 1477,3302 1546,3303 1615,3306 1684,3308 1753,3310 1822,3312 1891,3315 1961,3318 2030,3320 2099,3323 2168,3326 2237,3328 2306,3331 2375,3334 2444,3337 2513,3342 2582,3344 2652,3348"/>
                <TextEquiv>
                    <Unicode>gekundet, Als der Benaust ge¬</Unicode>
                </TextEquiv>
            </TextLine>
            <TextLine id="r2l23" custom="readingOrder {index:23;} person {offset:17; length:4;}">
                <Coords points="1275,3444 1434,3415 1667,3491 1870,3432 2168,3494 2351,3451 2501,3530 2573,3488 2706,3520 2711,3402 2645,3387 1280,3334"/>
                <Baseline points="1286,3404 1356,3406 1427,3409 1497,3412 1568,3414 1639,3416 1709,3419 1780,3422 1850,3425 1921,3428 1992,3432 2062,3435 2133,3437 2203,3441 2274,3444 2345,3448 2415,3451 2486,3455 2556,3459 2627,3463 2698,3468"/>
                <TextEquiv>
                    <Unicode>hauwen, seye der Hans auff darby gsin,</Unicode>
                </TextEquiv>
            </TextLine>
            <TextLine id="r2l24" custom="readingOrder {index:24;} person {offset:13; length:12;}">
                <Coords points="1275,3526 1467,3573 1977,3549 2323,3620 2591,3573 2745,3600 2748,3522 2502,3531 2435,3471 2288,3525 2002,3465 1919,3508 1815,3459 1658,3496 1438,3418 1278,3443"/>
                <Baseline points="1286,3520 1358,3520 1431,3522 1503,3523 1576,3524 1648,3527 1721,3530 1793,3533 1866,3536 1938,3540 2011,3543 2083,3546 2156,3550 2228,3552 2301,3556 2373,3558 2446,3561 2518,3564 2591,3566 2663,3568 2736,3568"/>
                <TextEquiv>
                    <Unicode>vnd habe der Hanns Heinen streich ge¬</Unicode>
                </TextEquiv>
            </TextLine>
            <TextLine id="r2l25" custom="readingOrder {index:25;}">
                <Coords points="1271,3692 1780,3656 2166,3733 2272,3675 2528,3721 2657,3696 2661,3578 2517,3622 2063,3560 1776,3611 1653,3556 1274,3588"/>
                <Baseline points="1282,3642 1350,3642 1418,3642 1486,3644 1555,3644 1623,3647 1691,3648 1760,3652 1828,3654 1896,3656 1965,3659 2033,3662 2101,3664 2169,3666 2238,3668 2306,3670 2374,3672 2443,3672 2511,3674 2579,3674 2648,3674"/>
                <TextEquiv>
                    <Unicode>than, er der Christen seye näher by</Unicode>
                </TextEquiv>
            </TextLine>
            <TextLine id="r2l26" custom="readingOrder {index:26;} person {offset:25; length:5;}">
                <Coords points="1274,3789 2746,3804 2747,3755 2616,3698 2366,3750 2000,3744 1729,3661 1658,3706 1551,3662 1433,3726 1277,3681"/>
                <Baseline points="1286,3754 1358,3756 1431,3758 1503,3760 1576,3762 1648,3765 1721,3768 1793,3770 1866,3772 1938,3774 2011,3776 2083,3778 2156,3781 2228,3782 2301,3784 2373,3786 2446,3788 2518,3790 2591,3790 2663,3792 2736,3792"/>
                <TextEquiv>
                    <Unicode>dem Bendicht gsin als er Hanns, der</Unicode>
                </TextEquiv>
            </TextLine>
            <TextLine id="r2l27" custom="readingOrder {index:27;} person {offset:0; length:5;}">
                <Coords points="1261,3912 1368,3879 1485,3944 1678,3888 2000,3964 2103,3912 2192,3951 2674,3918 2676,3827 2480,3790 2279,3867 1888,3788 1748,3851 1625,3777 1447,3831 1264,3781"/>
                <Baseline points="1272,3864 1341,3870 1411,3876 1480,3881 1550,3885 1620,3888 1689,3891 1759,3894 1828,3895 1898,3896 1968,3896 2037,3898 2107,3898 2176,3898 2246,3898 2316,3898 2385,3896 2455,3896 2524,3896 2594,3896 2664,3898"/>
                <TextEquiv>
                    <Unicode>Hanns seye ganz beschulag, vnd habe</Unicode>
                </TextEquiv>
            </TextLine>
            <TextLine id="r2l28" custom="readingOrder {index:28;}">
                <Coords points="1259,3987 1303,3976 1433,4036 1661,3998 1763,4063 1878,4004 1955,4060 2065,4017 2144,4038 2148,3920 2002,3964 1916,3917 1777,3959 1680,3888 1577,3960 1521,3917 1467,3946 1367,3881 1262,3912"/>
                <Baseline points="1270,3974 1313,3978 1356,3981 1399,3983 1442,3986 1486,3988 1529,3990 1572,3992 1615,3994 1658,3996 1702,3996 1745,3998 1788,4000 1831,4000 1874,4002 1918,4002 1961,4004 2004,4006 2047,4006 2090,4008 2134,4010"/>
                <TextEquiv>
                    <Unicode>kein hand angeleget.</Unicode>
                </TextEquiv>
            </TextLine>
            <TextLine id="r2l29" custom="readingOrder {index:29;} person {offset:16; length:4;}">
                <Coords points="1253,4153 1374,4110 1538,4187 1621,4118 2355,4174 2631,4137 2794,4210 2796,4046 2482,4051 2410,4099 2305,4032 1808,4075 1654,4003 1416,4062 1256,3984"/>
                <Baseline points="1264,4102 1340,4105 1416,4108 1492,4110 1568,4114 1644,4117 1720,4119 1796,4122 1872,4124 1948,4126 2024,4128 2100,4130 2176,4130 2252,4132 2328,4132 2404,4132 2480,4131 2556,4130 2632,4128 2708,4125 2784,4122"/>
                <TextEquiv>
                    <Unicode>zwar zuvor habe Hans den vnbekant</Unicode>
                </TextEquiv>
            </TextLine>
            <TextLine id="r2l30" custom="readingOrder {index:30;} place {offset:19; length:8;}">
                <Coords points="1264,4287 1416,4225 1715,4284 1806,4239 2306,4250 2374,4305 2700,4247 2702,4159 2448,4209 2184,4133 1938,4175 1825,4115 1712,4156 1625,4119 1489,4188 1406,4124 1267,4144"/>
                <Baseline points="1276,4214 1346,4216 1417,4218 1488,4220 1558,4224 1629,4226 1700,4228 1770,4230 1841,4232 1912,4234 1983,4236 2053,4238 2124,4240 2195,4242 2265,4242 2336,4244 2407,4244 2477,4244 2548,4242 2619,4241 2690,4240"/>
                <TextEquiv>
                    <Unicode>abgeleibten by dem Tschopen ergriffen</Unicode>
                </TextEquiv>
            </TextLine>
            <TextLine id="r2l31" custom="readingOrder {index:31;}">
                <Coords points="1245,4343 1775,4380 1944,4345 2155,4399 2278,4348 2666,4377 2692,4308 2572,4260 2365,4305 2315,4255 1886,4281 1827,4238 1580,4278 1417,4226 1247,4285"/>
                <Baseline points="1256,4322 1327,4324 1398,4328 1469,4330 1540,4334 1612,4336 1683,4338 1754,4340 1825,4342 1896,4344 1968,4346 2039,4348 2110,4350 2181,4350 2252,4351 2324,4352 2395,4352 2466,4352 2537,4352 2608,4350 2680,4350"/>
                <TextEquiv>
                    <Unicode>mit der Linken hand, vnd mit der</Unicode>
                </TextEquiv>
            </TextLine>
            <TextLine id="r2l32" custom="readingOrder {index:32;}">
                <Coords points="1252,4436 1471,4485 1560,4456 1657,4509 1729,4460 1879,4501 2021,4469 2087,4524 2163,4496 2379,4541 2621,4477 2622,4434 2492,4382 2132,4410 2070,4368 1690,4351 1530,4405 1254,4344"/>
                <Baseline points="1262,4440 1329,4444 1396,4446 1464,4448 1531,4452 1599,4454 1666,4454 1733,4456 1801,4458 1868,4459 1936,4460 2003,4461 2070,4462 2138,4462 2205,4464 2273,4464 2340,4466 2407,4466 2475,4468 2542,4468 2610,4470"/>
                <TextEquiv>
                    <Unicode>Rechten gezuckt, vnd gesagt, Ich </Unicode>
                </TextEquiv>
            </TextLine>
            <TextLine id="r2l33" custom="readingOrder {index:33;}">
                <Coords points="1233,4569 1419,4618 1677,4593 1874,4659 2006,4590 2596,4601 2646,4539 2557,4496 2246,4553 2169,4502 2077,4543 2006,4486 1825,4543 1449,4465 1352,4524 1234,4497"/>
                <Baseline points="1244,4556 1313,4560 1383,4563 1452,4566 1522,4568 1592,4572 1661,4574 1731,4577 1800,4578 1870,4581 1940,4582 2009,4584 2079,4585 2148,4586 2218,4586 2288,4588 2357,4588 2427,4588 2496,4588 2566,4588 2636,4586"/>
                <TextEquiv>
                    <Unicode>will hauwen, seye aber nicht bei</Unicode>
                </TextEquiv>
            </TextLine>
            <TextLine id="r2l34" custom="readingOrder {index:34;}">
                <Coords points="1229,4722 1724,4688 2031,4760 2118,4692 2317,4745 2646,4720 2647,4648 2547,4679 2376,4609 2196,4663 2066,4602 1873,4660 1666,4593 1582,4647 1307,4587 1231,4620"/>
                <Baseline points="1240,4682 1309,4684 1379,4686 1449,4688 1519,4689 1589,4690 1658,4692 1728,4694 1798,4694 1868,4696 1938,4696 2007,4698 2077,4698 2147,4699 2217,4700 2287,4702 2356,4702 2426,4704 2496,4705 2566,4706 2636,4708"/>
                <TextEquiv>
                    <Unicode>schechen und der abgeleibte ihme</Unicode>
                </TextEquiv>
            </TextLine>
            <TextLine id="r2l35" custom="readingOrder {index:35;}">
                <Coords points="1243,4862 1378,4867 1487,4808 1703,4835 1853,4807 1950,4834 2075,4810 2077,4749 1921,4768 1800,4702 1707,4758 1630,4733 1560,4757 1514,4717 1411,4762 1300,4702 1246,4734"/>
                <Baseline points="1256,4788 1296,4790 1337,4790 1377,4792 1418,4794 1458,4796 1499,4796 1539,4798 1580,4798 1620,4800 1661,4800 1701,4802 1742,4802 1782,4803 1823,4804 1863,4804 1904,4804 1944,4804 1985,4804 2025,4804 2066,4804"/>
                <TextEquiv>
                    <Unicode>damahlen entrunnen.</Unicode>
                </TextEquiv>
            </TextLine>
            <TextLine id="r2l36" custom="readingOrder {index:36;}">
                <Coords points="1097,5047 1699,5015 1936,5094 2052,5025 2176,5076 2389,5027 2517,5091 2636,5046 2613,4929 1881,4962 1097,4890"/>
                <Baseline points="1106,5024 1182,5022 1258,5020 1334,5020 1410,5018 1486,5018 1562,5019 1638,5020 1714,5020 1790,5022 1866,5022 1942,5023 2018,5024 2094,5024 2170,5024 2246,5024 2322,5024 2398,5022 2474,5020 2550,5018 2626,5014"/>
                <TextEquiv>
                    <Unicode>Betreffend den mehreren bericht, so</Unicode>
                </TextEquiv>
            </TextLine>
            <TextLine id="r2l37" custom="readingOrder {index:37;}">
                <Coords points="1220,5170 1800,5126 1924,5168 2110,5136 2175,5198 2557,5140 2638,5184 2672,5049 2418,5111 2135,5034 1983,5093 1767,5043 1383,5088 1292,5018 1220,5056"/>
                <Baseline points="1230,5140 1301,5137 1373,5136 1444,5134 1516,5134 1587,5134 1659,5134 1730,5134 1802,5134 1873,5136 1945,5136 2016,5138 2088,5138 2159,5140 2231,5140 2302,5142 2374,5142 2445,5142 2517,5140 2588,5139 2660,5138"/>
                <TextEquiv>
                    <Unicode>die Herrn Doctores vnd Schurer geben</Unicode>
                </TextEquiv>
            </TextLine>
            <TextLine id="r2l38" custom="readingOrder {index:38;}">
                <Coords points="1200,5312 1488,5245 1588,5304 1663,5260 1902,5303 2112,5246 2247,5312 2402,5263 2561,5327 2674,5290 2674,5186 2574,5165 2198,5212 2133,5158 2029,5205 1580,5161 1406,5220 1200,5177"/>
                <Baseline points="1210,5254 1282,5254 1355,5254 1428,5254 1500,5254 1573,5254 1646,5254 1718,5254 1791,5254 1864,5256 1937,5256 2009,5256 2082,5256 2155,5256 2227,5256 2300,5256 2373,5256 2445,5256 2518,5256 2591,5256 2664,5256"/>
                <TextEquiv>
                    <Unicode>sollend ist derselbige durch sy schrifftlich</Unicode>
                </TextEquiv>
            </TextLine>
            <TextLine id="r2l39" custom="readingOrder {index:39;}">
                <Coords points="1190,5405 1429,5437 1719,5378 2166,5435 2699,5369 2698,5318 2566,5337 2412,5267 2292,5337 2059,5277 1796,5311 1502,5269 1449,5308 1373,5266 1190,5328"/>
                <Baseline points="1200,5376 1274,5376 1348,5374 1423,5374 1497,5374 1572,5374 1646,5374 1720,5374 1795,5374 1869,5374 1944,5374 2018,5374 2092,5374 2167,5374 2241,5374 2316,5372 2390,5372 2464,5370 2539,5368 2613,5366 2688,5364"/>
                <TextEquiv>
                    <Unicode>hoff gesetzt, vnd hierby ligend ze ver¬</Unicode>
                </TextEquiv>
            </TextLine>
            <TextLine id="r2l40" custom="readingOrder {index:40;}">
                <Coords points="1178,5503 1941,5469 2722,5544 2741,5373 2348,5446 2239,5400 1878,5448 1672,5378 1568,5434 1325,5406 1178,5456"/>
                <Baseline points="1188,5492 1265,5486 1342,5482 1419,5480 1496,5478 1574,5478 1651,5478 1728,5478 1805,5480 1882,5480 1960,5482 2037,5483 2114,5484 2191,5484 2268,5484 2346,5484 2423,5482 2500,5478 2577,5474 2654,5469 2732,5462"/>
                <TextEquiv>
                    <Unicode>nemmen. Actum 22. novembris sob</Unicode>
                </TextEquiv>
            </TextLine>
            <TextEquiv>
                <Unicode>100
Aber verneren Oberkeitlichen.
bevelch, den driten Jungeren bruder
Christen zuset genannt allhar zu beschicken
vnnd weiters zubefragen, welcher
weder seiner bruderen das einte oder
iedere wehr geführt, Ist solchem
statt beschechen, vnnd hatter hierauff
diseren bericht von sich gegeben.
sy habind beide wehr gehabt, der Ben
Richt aber habe den schmeleren Tagen,
mit einem rothen Pläzlirenden an dem
gefeß vnd einem stich blatt (dann
das ander blatt by dem haus usger
fallen) geführt vnd seyender Hanns
nicht by dem bredicht, sonder bis ihme
Christen by dem Scheierlin bliben.
die ursach aber, worumb sy also
.
gehalten, seye, weilen sy nicht gewußt
Ob mehr verhanden sein mochtend.
dann man sich an vnderschidenlisen orthen
gekundet, Als der Benaust ge¬
hauwen, seye der Hans auff darby gsin,
vnd habe der Hanns Heinen streich ge¬
than, er der Christen seye näher by
dem Bendicht gsin als er Hanns, der
Hanns seye ganz beschulag, vnd habe
kein hand angeleget.
zwar zuvor habe Hans den vnbekant
abgeleibten by dem Tschopen ergriffen
mit der Linken hand, vnd mit der
Rechten gezuckt, vnd gesagt, Ich 
will hauwen, seye aber nicht bei
schechen und der abgeleibte ihme
damahlen entrunnen.
Betreffend den mehreren bericht, so
die Herrn Doctores vnd Schurer geben
sollend ist derselbige durch sy schrifftlich
hoff gesetzt, vnd hierby ligend ze ver¬
nemmen. Actum 22. novembris sob</Unicode>
            </TextEquiv>
        </TextRegion>
        <TextRegion orientation="0.0" type="heading" id="TextRegion_1686832530837_1989" custom="readingOrder {index:1;} structure {type:heading;}">
            <Coords points="3164,746 5185,805 5130,1783 3157,1655 3158,1416"/>
            <TextLine id="r3l1" custom="readingOrder {index:0;}">
                <Coords points="3154,879 3181,883 3194,873 3221,887 3237,878 3273,885 3305,853 3331,860 3356,848 3345,777 3308,781 3297,774 3272,803 3226,797 3208,817 3179,815 3146,826"/>
                <Baseline points="3164,872 3190,869 3216,867 3242,863 3268,857 3294,853 3320,849 3346,846"/>
                <TextEquiv>
                    <Unicode>10l</Unicode>
                </TextEquiv>
            </TextLine>
            <TextLine id="r4l1" custom="readingOrder {index:1;}">
                <Coords points="3709,1062 4218,1058 4353,1119 4507,1064 4754,1069 5036,1151 5116,1135 5120,979 4933,1029 4709,943 4595,1008 4439,948 4181,990 4028,898 3876,1014 3711,1007"/>
                <Baseline points="3720,1040 3789,1038 3858,1036 3928,1036 3997,1036 4067,1037 4136,1038 4205,1040 4275,1042 4344,1045 4414,1048 4483,1050 4552,1053 4622,1056 4691,1058 4761,1062 4830,1064 4899,1066 4969,1066 5038,1068 5108,1068"/>
                <TextEquiv>
                    <Unicode>eo lochmahlige erleütherung</Unicode>
                </TextEquiv>
            </TextLine>
            <TextLine id="r4l2" custom="readingOrder {index:2;}">
                <Coords points="3783,1181 4128,1162 4327,1210 4681,1179 4842,1208 4845,1096 4582,1084 4498,1148 4308,1093 4144,1114 4047,1062 3967,1097 3927,1059 3786,1061"/>
                <Baseline points="3794,1160 3845,1158 3897,1158 3949,1160 4001,1160 4053,1162 4105,1162 4157,1165 4209,1166 4261,1169 4313,1170 4364,1172 4416,1174 4468,1176 4520,1178 4572,1178 4624,1180 4676,1180 4728,1180 4780,1180 4832,1180"/>
                <TextEquiv>
                    <Unicode>vber die an dem entleibten</Unicode>
                </TextEquiv>
            </TextLine>
            <TextLine id="r4l3" custom="readingOrder {index:3;}">
                <Coords points="4192,1247 4202,1244 4210,1245 4214,1240 4216,1240 4220,1232 4230,1230 4221,1186 4207,1189 4192,1184 4180,1189"/>
                <Baseline points="4200,1234 4220,1230"/>
                <TextEquiv>
                    <Unicode>3</Unicode>
                </TextEquiv>
            </TextLine>
            <TextLine id="r4l4" custom="readingOrder {index:4;} person {offset:0; length:19;}">
                <Coords points="3775,1266 3935,1351 4061,1270 4274,1348 4805,1306 5020,1337 5028,1152 4900,1142 4749,1222 4585,1238 4507,1190 4385,1242 4285,1181 4194,1253 3999,1179 3778,1191"/>
                <Baseline points="3786,1256 3847,1260 3908,1264 3969,1266 4031,1270 4092,1273 4153,1276 4215,1280 4276,1283 4337,1286 4399,1288 4460,1291 4521,1294 4582,1296 4644,1298 4705,1299 4766,1300 4828,1302 4889,1302 4950,1304 5012,1304"/>
                <TextEquiv>
                    <Unicode>Lienhard Buggesperg befundene</Unicode>
                </TextEquiv>
            </TextLine>
            <TextLine id="r4l5" custom="readingOrder {index:5;}">
                <Coords points="3748,1394 3816,1420 3928,1415 3963,1439 3995,1416 4052,1407 4112,1425 4156,1419 4155,1315 4113,1319 4051,1275 3937,1349 3870,1317 3833,1340 3794,1318 3747,1329"/>
                <Baseline points="3758,1394 3783,1390 3809,1387 3835,1385 3861,1384 3887,1382 3913,1382 3939,1382 3964,1382 3990,1382 4016,1384 4042,1384 4068,1384 4094,1385 4120,1386 4146,1386"/>
                <TextEquiv>
                    <Unicode>wunden.</Unicode>
                </TextEquiv>
            </TextLine>
            <TextLine id="line_1686832519992_1981" custom="readingOrder {index:6;}">
                <Coords points="3841,1663 3935,1665 3981,1635 4030,1636 4195,1543 4282,1580 4316,1569 4320,1722 4162,1693 4120,1707 3956,1695 3941,1706 3841,1699"/>
                <Baseline points="3864,1701 3877,1699 3902,1697 3928,1694 3953,1693 3979,1691 4004,1689 4030,1688 4055,1688 4081,1688 4106,1687 4131,1686 4157,1686 4182,1687 4208,1688 4233,1688 4259,1688 4284,1688 4310,1686"/>
                <TextEquiv>
                    <Unicode>Quaestio</Unicode>
                </TextEquiv>
            </TextLine>
            <TextEquiv>
                <Unicode>10l
eo lochmahlige erleütherung
vber die an dem entleibten
3
Lienhard Buggesperg befundene
wunden.
Quaestio</Unicode>
            </TextEquiv>
        </TextRegion>
        <TextRegion orientation="0.0" type="paragraph" id="TextRegion_1686832519682_1977" custom="readingOrder {index:2;}">
            <Coords points="3157,1655 5130,1783 5093,2444 3153,2330"/>
            <TextLine id="r4l7" custom="readingOrder {index:0;} place {offset:14; length:10;}">
                <Coords points="3481,1897 4045,1877 4316,1966 4411,1919 4823,1951 4885,1904 5042,1922 5044,1838 4249,1776 3834,1830 3665,1715 3485,1721"/>
                <Baseline points="3492,1864 3569,1864 3646,1864 3723,1866 3800,1868 3877,1868 3954,1870 4031,1873 4108,1876 4185,1878 4262,1880 4339,1884 4416,1886 4493,1889 4570,1890 4647,1892 4724,1892 4801,1894 4878,1894 4955,1892 5032,1890"/>
                <TextEquiv>
                    <Unicode>Ob die an dem Guggisperg befund</Unicode>
                </TextEquiv>
            </TextLine>
            <TextLine id="r4l8" custom="readingOrder {index:1;}">
                <Coords points="3516,2002 4253,2014 4368,2076 4688,2004 4969,2055 4970,1957 4811,1981 4742,1917 4576,1953 4418,1917 4339,1975 4026,1876 3890,1961 3517,1918"/>
                <Baseline points="3526,1992 3597,1992 3669,1994 3741,1994 3812,1996 3884,1998 3956,2000 4027,2002 4099,2004 4171,2006 4243,2007 4314,2008 4386,2010 4458,2012 4529,2012 4601,2012 4673,2014 4744,2014 4816,2012 4888,2012 4960,2010"/>
                <TextEquiv>
                    <Unicode>dene wunden, vnd sich mit einem</Unicode>
                </TextEquiv>
            </TextLine>
            <TextLine id="r4l9" custom="readingOrder {index:2;}">
                <Coords points="3511,2115 3654,2154 4146,2114 4975,2150 4976,2060 4653,2103 4528,2019 4376,2075 4215,2021 4106,2070 3997,2017 3894,2056 3797,1997 3512,2072"/>
                <Baseline points="3522,2112 3594,2110 3666,2110 3738,2110 3810,2110 3882,2112 3954,2112 4026,2114 4098,2116 4170,2118 4243,2120 4315,2122 4387,2124 4459,2126 4531,2128 4603,2130 4675,2130 4747,2130 4819,2130 4891,2130 4964,2128"/>
                <TextEquiv>
                    <Unicode>waffen verhebt werden mogen.</Unicode>
                </TextEquiv>
            </TextLine>
            <TextLine id="r4l10" custom="readingOrder {index:3;}">
                <Coords points="4377,2208 4404,2201 4428,2211 4461,2197 4504,2210 4548,2199 4567,2212 4581,2204 4606,2207 4604,2152 4574,2157 4546,2131 4532,2136 4521,2126 4496,2149 4465,2140 4445,2149 4426,2141 4376,2162"/>
                <Baseline points="4386,2192 4412,2194 4438,2196 4464,2195 4491,2193 4517,2191 4543,2190 4569,2188 4596,2190"/>
                <TextEquiv>
                    <Unicode>wechen.</Unicode>
                </TextEquiv>
            </TextLine>
            <TextLine id="r4l11" custom="readingOrder {index:4;}">
                <Coords points="3500,2231 3714,2240 3876,2317 4064,2236 4977,2308 4979,2206 4823,2170 4389,2209 4272,2132 4111,2198 3878,2127 3728,2185 3607,2113 3502,2163"/>
                <Baseline points="3510,2224 3582,2222 3655,2222 3728,2222 3801,2224 3874,2225 3947,2226 4020,2228 4093,2230 4166,2232 4239,2234 4311,2237 4384,2240 4457,2242 4530,2244 4603,2245 4676,2246 4749,2248 4822,2249 4895,2250 4968,2250"/>
                <TextEquiv>
                    <Unicode>oder ob solche mit er wahren</Unicode>
                </TextEquiv>
            </TextLine>
            <TextLine id="line_1686832517277_1975" custom="readingOrder {index:5;}">
                <Coords points="3493,2257 3534,2273 3566,2254 3605,2272 3648,2251 3684,2252 3701,2266 3756,2263 3830,2303 3879,2286 3880,2357 3842,2371 3494,2350"/>
                <Baseline points="3504,2334 3530,2337 3556,2339 3582,2340 3608,2340 3634,2340 3660,2340 3687,2339 3713,2337 3739,2336 3765,2335 3791,2334 3817,2334 3843,2334 3870,2336"/>
                <TextEquiv>
                    <Unicode>beschechen.</Unicode>
                </TextEquiv>
            </TextLine>
            <TextLine id="line_1686832519992_1980" custom="readingOrder {index:6;}">
                <Coords points="3841,1699 3941,1706 3920,1724 3842,1716"/>
                <Baseline points="3852,1704 3864,1701"/>
                <TextEquiv>
                    <Unicode>Quaestio</Unicode>
                </TextEquiv>
            </TextLine>
            <TextEquiv>
                <Unicode>Ob die an dem Guggisperg befund
dene wunden, vnd sich mit einem
waffen verhebt werden mogen.
wechen.
oder ob solche mit er wahren
beschechen.
Quaestio</Unicode>
            </TextEquiv>
        </TextRegion>
        <TextRegion orientation="0.0" type="heading" id="TextRegion_1686832516995_1971" custom="readingOrder {index:3;} structure {type:heading;}">
            <Coords points="3153,2330 5093,2444 5084,2606 3152,2527"/>
            <TextLine id="line_1686832514877_1969" custom="readingOrder {index:0;}">
                <Coords points="4646,2588 4657,2584 4684,2590"/>
                <TextEquiv>
                    <Unicode>Obwolen in dergleichen feinlichen</Unicode>
                </TextEquiv>
            </TextLine>
            <TextLine id="line_1686832514877_1967" custom="readingOrder {index:1;}">
                <Coords points="3776,2454 3937,2366 3962,2382 4076,2362 4159,2430 4214,2427 4271,2473 4439,2478 4442,2539 4390,2566 4288,2573 3780,2552"/>
                <Baseline points="3844,2555 3856,2553 3888,2548 3920,2543 3952,2540 3984,2535 4016,2533 4048,2530 4080,2527 4112,2526 4144,2525 4176,2524 4208,2524 4240,2524 4272,2526 4304,2527 4336,2528 4368,2528 4400,2531 4432,2534"/>
                <TextEquiv>
                    <Unicode>Responsio</Unicode>
                </TextEquiv>
            </TextLine>
            <TextLine id="line_1686832517276_1974" custom="readingOrder {index:2;}">
                <Coords points="3494,2350 3842,2371 3827,2377 3719,2366 3690,2387 3639,2383 3615,2404 3568,2409 3531,2389 3495,2392"/>
                <TextEquiv>
                    <Unicode>beschechen.</Unicode>
                </TextEquiv>
            </TextLine>
            <TextEquiv>
                <Unicode>Obwolen in dergleichen feinlichen
Responsio
beschechen.</Unicode>
            </TextEquiv>
        </TextRegion>
        <TextRegion orientation="0.0" type="paragraph" id="TextRegion_1686832514552_1963" custom="readingOrder {index:4;}">
            <Coords points="3152,2527 5084,2606 4906,5826 3131,5800"/>
            <TextLine id="line_1686832514877_1968" custom="readingOrder {index:0;}">
                <Coords points="3379,2655 3740,2602 3914,2650 4024,2598 4502,2653 4646,2588 4684,2590 5033,2669 4975,2739 3858,2675 3377,2710"/>
                <Baseline points="3388,2692 3469,2687 3551,2684 3632,2682 3714,2680 3796,2680 3877,2680 3959,2682 4040,2684 4122,2686 4204,2690 4285,2694 4367,2696 4448,2701 4530,2706 4612,2709 4693,2714 4775,2717 4856,2722 4938,2725 5020,2728"/>
                <TextEquiv>
                    <Unicode>Obwolen in dergleichen feinlichen</Unicode>
                </TextEquiv>
            </TextLine>
            <TextLine id="r4l15" custom="readingOrder {index:1;}">
                <Coords points="3469,2829 4210,2825 4299,2872 4558,2819 4747,2909 4955,2856 4957,2782 4777,2797 4667,2726 4498,2762 4428,2701 4190,2757 4114,2695 3655,2763 3472,2722"/>
                <Baseline points="3480,2794 3553,2798 3626,2798 3699,2800 3772,2802 3846,2804 3919,2806 3992,2807 4065,2808 4138,2810 4212,2812 4285,2814 4358,2816 4431,2818 4504,2821 4578,2824 4651,2827 4724,2832 4797,2835 4870,2839 4944,2844"/>
                <TextEquiv>
                    <Unicode>hals gricht kundtschaffen die Medici und</Unicode>
                </TextEquiv>
            </TextLine>
            <TextLine id="r4l16" custom="readingOrder {index:2;}">
                <Coords points="3486,2929 3976,2925 4028,2963 4301,2931 4470,3007 4633,2937 4870,2960 4872,2880 4658,2914 4325,2848 4128,2896 3905,2815 3782,2867 3691,2810 3637,2849 3489,2815"/>
                <Baseline points="3496,2910 3564,2912 3632,2914 3700,2916 3768,2918 3837,2918 3905,2920 3973,2922 4041,2924 4109,2926 4178,2926 4246,2928 4314,2930 4382,2932 4450,2934 4519,2934 4587,2937 4655,2939 4723,2941 4791,2944 4860,2946"/>
                <TextEquiv>
                    <Unicode>wund artzet gemeinlich mehr auff</Unicode>
                </TextEquiv>
            </TextLine>
            <TextLine id="r4l17" custom="readingOrder {index:3;}">
                <Coords points="3488,3044 3667,3081 3995,3028 4328,3119 4429,3071 4895,3059 4897,2983 4800,2950 4218,3020 4004,2937 3732,2999 3559,2931 3491,2952"/>
                <Baseline points="3500,3026 3569,3028 3638,3028 3707,3030 3776,3032 3846,3034 3915,3035 3984,3036 4053,3038 4122,3041 4192,3044 4261,3044 4330,3047 4399,3050 4468,3051 4538,3053 4607,3054 4676,3056 4745,3058 4814,3060 4884,3060"/>
                <TextEquiv>
                    <Unicode>die qualitet vnnd eigenschafft der</Unicode>
                </TextEquiv>
            </TextLine>
            <TextLine id="r4l18" custom="readingOrder {index:4;}">
                <Coords points="3477,3156 4467,3167 4583,3236 4884,3158 4887,3058 4754,3133 4629,3072 4159,3130 4043,3069 3819,3113 3479,3062"/>
                <Baseline points="3488,3138 3557,3139 3626,3140 3695,3142 3764,3142 3834,3144 3903,3146 3972,3150 4041,3151 4110,3154 4180,3156 4249,3159 4318,3162 4387,3164 4456,3166 4526,3168 4595,3170 4664,3172 4733,3172 4802,3174 4872,3174"/>
                <TextEquiv>
                    <Unicode>wurden, als der waffen sehend</Unicode>
                </TextEquiv>
            </TextLine>
            <TextLine id="r4l19" custom="readingOrder {index:5;}">
                <Coords points="3481,3273 4158,3272 4388,3338 4552,3280 4889,3286 4890,3205 4747,3181 4587,3238 4324,3241 4096,3163 3728,3241 3482,3177"/>
                <Baseline points="3492,3254 3561,3256 3630,3258 3700,3261 3769,3262 3839,3264 3908,3266 3977,3266 4047,3267 4116,3268 4186,3268 4255,3268 4324,3270 4394,3270 4463,3270 4533,3270 4602,3270 4671,3270 4741,3272 4810,3272 4880,3272"/>
                <TextEquiv>
                    <Unicode>damit man müssen möge, Ob todt</Unicode>
                </TextEquiv>
            </TextLine>
            <TextLine id="r4l20" custom="readingOrder {index:6;}">
                <Coords points="3476,3425 3585,3373 4124,3381 4286,3459 4432,3392 4877,3413 4898,3334 4316,3342 4154,3272 3873,3345 3725,3273 3633,3325 3478,3274"/>
                <Baseline points="3488,3362 3558,3366 3628,3368 3698,3370 3768,3372 3838,3374 3908,3374 3978,3376 4048,3376 4118,3376 4188,3378 4258,3378 4328,3378 4398,3378 4468,3380 4538,3380 4608,3382 4678,3384 4748,3386 4818,3388 4888,3390"/>
                <TextEquiv>
                    <Unicode>sich aber nicht todtlich, gehauwen oder</Unicode>
                </TextEquiv>
            </TextLine>
            <TextLine id="r4l21" custom="readingOrder {index:7;}">
                <Coords points="3461,3534 3912,3545 4181,3478 4352,3572 4398,3527 4841,3540 4856,3410 4277,3460 4123,3385 4082,3419 3889,3375 3744,3452 3621,3386 3463,3426"/>
                <Baseline points="3472,3482 3540,3482 3609,3482 3677,3480 3746,3480 3815,3480 3883,3482 3952,3482 4020,3483 4089,3484 4158,3486 4226,3487 4295,3489 4363,3490 4432,3492 4501,3494 4569,3497 4638,3500 4706,3502 4775,3504 4844,3506"/>
                <TextEquiv>
                    <Unicode>gestochen, schifftig oder nicht giftig, was</Unicode>
                </TextEquiv>
            </TextLine>
            <TextLine id="r4l22" custom="readingOrder {index:8;}">
                <Coords points="3445,3642 3537,3621 3610,3666 3707,3606 3841,3657 4073,3592 4789,3647 4789,3561 4688,3511 4610,3578 4543,3534 4344,3573 4184,3481 4065,3551 3447,3532"/>
                <Baseline points="3456,3594 3522,3596 3588,3598 3654,3600 3720,3600 3786,3600 3852,3600 3918,3600 3984,3600 4050,3600 4117,3600 4183,3600 4249,3600 4315,3600 4381,3602 4447,3604 4513,3605 4579,3608 4645,3610 4711,3614 4778,3620"/>
                <TextEquiv>
                    <Unicode>fur zumaßen, sole oder vnedlen</Unicode>
                </TextEquiv>
            </TextLine>
            <TextLine id="r4l23" custom="readingOrder {index:9;}">
                <Coords points="3455,3745 3733,3728 3830,3798 3977,3736 4516,3716 4855,3787 4855,3693 4703,3637 4476,3675 4333,3615 4047,3665 3784,3625 3665,3697 3455,3633"/>
                <Baseline points="3466,3712 3535,3716 3604,3720 3673,3722 3742,3723 3811,3724 3880,3724 3949,3724 4018,3724 4087,3722 4156,3722 4225,3722 4294,3720 4363,3720 4432,3720 4501,3721 4570,3722 4639,3724 4708,3726 4777,3730 4846,3734"/>
                <TextEquiv>
                    <Unicode>verwundet seyend, vnd aber by disem</Unicode>
                </TextEquiv>
            </TextLine>
            <TextLine id="r4l24" custom="readingOrder {index:10;}">
                <Coords points="3471,3829 3561,3891 3630,3855 3732,3901 3974,3830 4396,3835 4514,3889 4594,3839 4706,3895 4792,3853 4793,3755 4548,3796 4479,3746 4396,3798 4273,3731 3975,3742 3772,3803 3472,3745"/>
                <Baseline points="3482,3822 3547,3824 3612,3826 3677,3828 3742,3828 3807,3828 3872,3828 3937,3828 4002,3828 4067,3828 4132,3828 4197,3828 4262,3830 4327,3830 4392,3830 4457,3832 4522,3833 4587,3835 4652,3838 4717,3841 4782,3844"/>
                <TextEquiv>
                    <Unicode>leidigen fahl das dubium vorfillt,</Unicode>
                </TextEquiv>
            </TextLine>
            <TextLine id="r4l25" custom="readingOrder {index:11;}">
                <Coords points="3412,3998 3533,3938 3825,3984 4062,3935 4837,3955 4838,3859 4794,3853 4679,3913 4602,3849 4491,3899 4400,3837 4285,3907 4126,3836 3991,3877 3881,3844 3782,3908 3414,3853"/>
                <Baseline points="3422,3932 3492,3933 3562,3934 3632,3934 3703,3936 3773,3936 3843,3936 3914,3938 3984,3938 4054,3940 4125,3940 4195,3940 4265,3942 4335,3942 4406,3942 4476,3944 4546,3944 4617,3944 4687,3944 4757,3946 4828,3946"/>
                <TextEquiv>
                    <Unicode>In demme psamirt werden kan. Es</Unicode>
                </TextEquiv>
            </TextLine>
            <TextLine id="r4l26" custom="readingOrder {index:12;}">
                <Coords points="3456,4078 3535,4106 3638,4057 3926,4046 4256,4098 4799,4086 4831,4009 4755,4026 4599,3955 4498,4013 4069,3935 3857,4004 3789,3952 3457,3993"/>
                <Baseline points="3466,4040 3533,4040 3601,4041 3669,4042 3736,4042 3804,4044 3872,4044 3939,4046 4007,4048 4075,4050 4143,4052 4210,4052 4278,4054 4346,4056 4413,4058 4481,4058 4549,4060 4616,4060 4684,4061 4752,4062 4820,4062"/>
                <TextEquiv>
                    <Unicode>möchte der bekante thäter socium</Unicode>
                </TextEquiv>
            </TextLine>
            <TextLine id="line_1686832514877_1966" custom="readingOrder {index:13;}">
                <Coords points="3780,2552 4288,2573 4262,2576 4187,2631 4085,2635 4003,2590 3890,2581 3862,2599 3782,2578"/>
                <Baseline points="3792,2566 3824,2560 3844,2555"/>
                <TextEquiv>
                    <Unicode>Responsio</Unicode>
                </TextEquiv>
            </TextLine>
            <TextLine id="r4l27" custom="readingOrder {index:14;}">
                <Coords points="3472,4176 3646,4171 3773,4242 3978,4170 4231,4215 4428,4162 4697,4197 4745,4116 4664,4064 4367,4126 4131,4077 4063,4123 3924,4128 3870,4085 3802,4124 3739,4084 3473,4115"/>
                <Baseline points="3482,4154 3544,4155 3607,4156 3669,4158 3732,4159 3795,4160 3857,4161 3920,4162 3982,4162 4045,4164 4108,4164 4170,4164 4233,4166 4295,4166 4358,4168 4421,4170 4483,4170 4546,4172 4608,4174 4671,4176 4734,4180"/>
                <TextEquiv>
                    <Unicode>criminis seinen leiblichen bruder</Unicode>
                </TextEquiv>
            </TextLine>
            <TextLine id="r4l28" custom="readingOrder {index:15;}">
                <Coords points="3444,4309 3555,4289 3646,4333 3708,4285 3849,4280 3905,4326 4193,4300 4354,4349 4489,4294 4675,4319 4732,4293 4733,4230 4241,4221 4146,4181 4080,4233 3895,4185 3737,4242 3687,4194 3627,4226 3446,4175"/>
                <Baseline points="3454,4264 3517,4266 3580,4270 3644,4272 3707,4274 3771,4276 3834,4276 3897,4278 3961,4278 4024,4280 4088,4280 4151,4282 4214,4282 4278,4282 4341,4282 4405,4282 4468,4284 4531,4284 4595,4284 4658,4284 4722,4286"/>
                <TextEquiv>
                    <Unicode>haben, welcher by diser that sich</Unicode>
                </TextEquiv>
            </TextLine>
            <TextLine id="r4l29" custom="readingOrder {index:16;}">
                <Coords points="3426,4407 3548,4456 3700,4392 3871,4438 3978,4392 4360,4461 4508,4392 4602,4438 4719,4367 4610,4294 4519,4362 4287,4321 4078,4359 3849,4280 3633,4343 3427,4342"/>
                <Baseline points="3436,4376 3499,4378 3563,4380 3626,4382 3690,4382 3754,4384 3817,4384 3881,4386 3944,4386 4008,4386 4072,4386 4135,4386 4199,4386 4262,4388 4326,4388 4390,4390 4453,4392 4517,4394 4580,4395 4644,4398 4708,4402"/>
                <TextEquiv>
                    <Unicode>auch mit bloßem wehr befunden.</Unicode>
                </TextEquiv>
            </TextLine>
            <TextLine id="r4l30" custom="readingOrder {index:17;}">
                <Coords points="3266,4665 3454,4610 3552,4664 3803,4608 3945,4656 4044,4608 4805,4653 4808,4535 4764,4519 3933,4496 3859,4539 3697,4491 3604,4529 3474,4420 3272,4482"/>
                <Baseline points="3280,4570 3355,4577 3431,4581 3507,4584 3582,4588 3658,4590 3734,4592 3809,4594 3885,4594 3961,4596 4037,4596 4112,4598 4188,4600 4264,4602 4339,4604 4415,4606 4491,4609 4566,4614 4642,4619 4718,4626 4794,4634"/>
                <TextEquiv>
                    <Unicode>Als gebend wir hierüber bescheide, daß die</Unicode>
                </TextEquiv>
            </TextLine>
            <TextLine id="r4l31" custom="readingOrder {index:18;}">
                <Coords points="3460,4720 3792,4739 3884,4799 4017,4720 4547,4765 4617,4734 4722,4796 4847,4750 4850,4663 4485,4694 4406,4618 4263,4686 4042,4609 3955,4664 3874,4633 3802,4676 3561,4674 3462,4626"/>
                <Baseline points="3470,4704 3538,4704 3606,4704 3675,4704 3743,4706 3812,4706 3880,4708 3948,4708 4017,4710 4085,4710 4154,4712 4222,4713 4290,4716 4359,4718 4427,4720 4496,4724 4564,4726 4632,4730 4701,4733 4769,4737 4838,4742"/>
                <TextEquiv>
                    <Unicode>bere er mich von dem kleinen wehr</Unicode>
                </TextEquiv>
            </TextLine>
            <TextLine id="r4l32" custom="readingOrder {index:19;}">
                <Coords points="3433,4846 3470,4838 3505,4857 3534,4839 3608,4879 3633,4878 3679,4835 3711,4861 3758,4831 3807,4836 3808,4789 3786,4776 3674,4748 3629,4751 3599,4730 3566,4748 3533,4727 3488,4728 3435,4754"/>
                <Baseline points="3444,4814 3469,4816 3494,4816 3519,4816 3545,4816 3570,4818 3595,4818 3621,4819 3646,4820 3671,4820 3696,4820 3722,4820 3747,4820 3772,4820 3798,4820"/>
                <TextEquiv>
                    <Unicode>beschechen.</Unicode>
                </TextEquiv>
            </TextLine>
            <TextLine id="r4l33" custom="readingOrder {index:20;}">
                <Coords points="4071,4842 4165,4834 4254,4861 4312,4839 4369,4858 4541,4835 4753,4889 4757,4801 4712,4810 4624,4761 4523,4748 4465,4792 4429,4789 4331,4743 4265,4743 4232,4710 4121,4771 4074,4771"/>
                <Baseline points="4082,4824 4115,4823 4148,4822 4181,4822 4214,4822 4247,4822 4280,4822 4313,4824 4346,4826 4379,4826 4413,4829 4446,4830 4479,4833 4512,4835 4545,4836 4578,4839 4611,4842 4644,4843 4677,4846 4710,4847 4744,4848"/>
                <TextEquiv>
                    <Unicode>von der vnderen</Unicode>
                </TextEquiv>
            </TextLine>
            <TextLine id="r4l34" custom="readingOrder {index:21;}">
                <Coords points="3438,4994 3525,4941 3616,5001 3748,4943 4042,4996 4279,4933 4339,4984 4434,4937 4716,5020 4823,4972 4826,4864 4661,4929 4358,4866 4027,4902 3656,4859 3590,4898 3532,4839 3442,4845"/>
                <Baseline points="3450,4924 3518,4926 3586,4928 3654,4928 3722,4928 3791,4930 3859,4930 3927,4931 3995,4932 4063,4934 4132,4934 4200,4936 4268,4938 4336,4940 4404,4942 4473,4944 4541,4949 4609,4952 4677,4957 4745,4963 4814,4968"/>
                <TextEquiv>
                    <Unicode>ist vnser meinung, welche wir nicht</Unicode>
                </TextEquiv>
            </TextLine>
            <TextLine id="r4l35" custom="readingOrder {index:22;}">
                <Coords points="3421,5090 3698,5042 3934,5102 3995,5050 4199,5077 4257,5033 4769,5090 4770,5012 4434,4949 4345,4985 4279,4933 4200,4981 4140,4945 3888,5008 3778,4943 3647,5001 3535,4953 3423,4990"/>
                <Baseline points="3432,5026 3498,5032 3564,5036 3630,5039 3697,5042 3763,5042 3829,5044 3896,5044 3962,5042 4028,5042 4095,5042 4161,5040 4227,5040 4293,5040 4360,5040 4426,5042 4492,5044 4559,5046 4625,5049 4691,5055 4758,5062"/>
                <TextEquiv>
                    <Unicode>affirmative sondern dubitatirte,</Unicode>
                </TextEquiv>
            </TextLine>
            <TextLine id="r4l36" custom="readingOrder {index:23;}">
                <Coords points="3418,5199 3508,5161 3600,5197 3696,5137 3904,5190 4262,5166 4367,5220 4496,5166 4581,5239 4768,5188 4769,5092 4597,5131 4169,5060 3948,5103 3714,5059 3419,5093"/>
                <Baseline points="3428,5148 3494,5150 3561,5152 3627,5152 3694,5154 3760,5154 3827,5154 3893,5153 3960,5152 4026,5152 4093,5152 4159,5152 4226,5152 4292,5152 4359,5154 4425,5156 4492,5158 4558,5161 4625,5164 4691,5169 4758,5176"/>
                <TextEquiv>
                    <Unicode>gebend daß eben daßelbige wehr</Unicode>
                </TextEquiv>
            </TextLine>
            <TextLine id="r4l37" custom="readingOrder {index:24;}">
                <Coords points="3442,5278 4259,5310 4327,5262 4454,5334 4557,5282 4775,5298 4750,5234 4380,5229 4281,5186 3444,5188"/>
                <Baseline points="3454,5252 3519,5254 3585,5258 3650,5260 3716,5262 3782,5264 3847,5264 3913,5266 3978,5266 4044,5266 4110,5266 4175,5266 4241,5266 4306,5268 4372,5268 4437,5268 4503,5270 4569,5272 4634,5274 4700,5277 4766,5282"/>
                <TextEquiv>
                    <Unicode>die vff das Hoff bein ergangene</Unicode>
                </TextEquiv>
            </TextLine>
            <TextLine id="r4l38" custom="readingOrder {index:25;}">
                <Coords points="3425,5383 3734,5370 3849,5431 3948,5393 4056,5455 4185,5387 4248,5443 4483,5391 4743,5426 4796,5368 4650,5303 4465,5351 4198,5285 4024,5342 3427,5319"/>
                <Baseline points="3436,5358 3503,5362 3570,5364 3638,5366 3705,5368 3773,5370 3840,5370 3907,5370 3975,5372 4042,5372 4110,5372 4177,5372 4244,5374 4312,5376 4379,5378 4447,5380 4514,5385 4581,5388 4649,5394 4716,5401 4784,5410"/>
                <TextEquiv>
                    <Unicode>wurden auch wol verrichten können.</Unicode>
                </TextEquiv>
            </TextLine>
            <TextLine id="r4l39" custom="readingOrder {index:26;}">
                <Coords points="3396,5519 3643,5490 3704,5541 3932,5551 4025,5470 4092,5522 4280,5476 4415,5527 4519,5485 4692,5543 4811,5514 4812,5389 4246,5443 4065,5381 3993,5431 3730,5444 3667,5390 3398,5386"/>
                <Baseline points="3406,5468 3475,5472 3545,5476 3615,5478 3684,5480 3754,5480 3824,5480 3893,5480 3963,5480 4033,5478 4103,5478 4172,5478 4242,5478 4312,5478 4381,5478 4451,5480 4521,5484 4590,5487 4660,5492 4730,5499 4800,5506"/>
                <TextEquiv>
                    <Unicode>In betrachtung, daß ein wehr under</Unicode>
                </TextEquiv>
            </TextLine>
            <TextLine id="r4l40" custom="readingOrder {index:27;}">
                <Coords points="3388,5638 3495,5618 3617,5675 3705,5612 3846,5598 4133,5677 4385,5602 4676,5611 4677,5523 4522,5492 4444,5545 4367,5504 4268,5550 4103,5536 4028,5478 3919,5553 3475,5493 3389,5534"/>
                <Baseline points="3398,5592 3461,5590 3524,5589 3588,5588 3651,5588 3715,5586 3778,5586 3841,5586 3905,5586 3968,5586 4032,5586 4095,5586 4158,5588 4222,5588 4285,5588 4349,5590 4412,5590 4475,5591 4539,5592 4602,5592 4666,5594"/>
                <TextEquiv>
                    <Unicode>schidenliche wurden große vnnd</Unicode>
                </TextEquiv>
            </TextLine>
            <TextLine id="r4l41" custom="readingOrder {index:28;}">
                <Coords points="4200,5762 4236,5775 4271,5754 4423,5816 4553,5783 4557,5742 4421,5705 4333,5657 4278,5683 4258,5679 4231,5701 4207,5691"/>
                <Baseline points="4212,5748 4237,5749 4263,5750 4288,5753 4314,5757 4339,5759 4365,5762 4390,5766 4416,5769 4441,5771 4467,5773 4492,5774 4518,5774 4544,5774"/>
                <TextEquiv>
                    <Unicode>kleine.</Unicode>
                </TextEquiv>
            </TextLine>
            <TextEquiv>
                <Unicode>Obwolen in dergleichen feinlichen
hals gricht kundtschaffen die Medici und
wund artzet gemeinlich mehr auff
die qualitet vnnd eigenschafft der
wurden, als der waffen sehend
damit man müssen möge, Ob todt
sich aber nicht todtlich, gehauwen oder
gestochen, schifftig oder nicht giftig, was
fur zumaßen, sole oder vnedlen
verwundet seyend, vnd aber by disem
leidigen fahl das dubium vorfillt,
In demme psamirt werden kan. Es
möchte der bekante thäter socium
Responsio
criminis seinen leiblichen bruder
haben, welcher by diser that sich
auch mit bloßem wehr befunden.
Als gebend wir hierüber bescheide, daß die
bere er mich von dem kleinen wehr
beschechen.
von der vnderen
ist vnser meinung, welche wir nicht
affirmative sondern dubitatirte,
gebend daß eben daßelbige wehr
die vff das Hoff bein ergangene
wurden auch wol verrichten können.
In betrachtung, daß ein wehr under
schidenliche wurden große vnnd
kleine.</Unicode>
            </TextEquiv>
        </TextRegion>
    </Page>
</PcGts>
