5472 7296
1119 3290 2776 3533 diser Conding, der inn ao 1631. mit
1146 3433 2763 3651 synem vatter einem gebornen pundtner
1153 3588 2755 3785 zum underfahnen angenommen, ist wegen
1109 3739 2778 3914 ubertrettung ihr gn ernstlich ußgangenen
1090 3840 2675 4043 und inn ao 1657 offentlich verlesenen
1136 3975 2746 4186 verbotts wider, das so hoch schädliche hartzen
1142 4130 2740 4344 und anzepfen der cannen inn ihr zu
1142 4251 2690 4462 höltzeren von Laupen alhar gebracht
1132 4393 2806 4605 und durch mich denn grichtschryber ver
1164 4536 2775 4744 mag rachtzedels vom 28. julii 1660. juni
1153 4671 2681 4898 abwesen herren Großweibels In
1131 4815 2811 5070 gegenwart vorgemelter beider herren,
1166 4963 2826 5209 herren eynunger kuhns und hrn Marx Morbots
1145 5091 2836 5338 examiniert und seines verbrechens befragt
1748 5273 2764 5463 der Ist nun hierüber Inn
1107 5358 1708 5490 worden.
1115 5402 2507 5622 Dise runde bekandtnus gerichten
1152 5540 2830 5801 daß ja leider seit publicierung disers ihme
1184 5666 2827 5928 nit unbekannt gewesenen die ußschmeitzung
2572 6033 2808 6186 straff
1117 721 2691 1035 angekund und ernstlich yngescherpfft
1098 879 2744 1139 worden, so bald offermelter Herenschwand
1104 1024 2730 1286 mit herren großweibel werde abge
1120 1168 2636 1380 schaffet haben, solle er sich ohn verwylt
1101 1288 2714 1539 mit syner frauwen vortmachen, vnnd
1088 1442 2703 1676 by pern deß meyneydts vnd zusamen
1099 1606 2779 1846 gebung alten vnd einens, Ihr gnaden
1066 1723 2734 1956 land und gebiet ohne zuvor erhaltene
1080 1824 2752 2116 gnad nit betreffen. Acte eoden die 28. julii.
2386 2043 2712 2210 1660.
1728 2323 2364 2706 hher
1418 2815 2610 3067 Dasus Conding
1446 3015 2056 3242 Der Hartzer
2698 2210 2706 2212 1660.
3292 669 5082 973 uff sich tragenden mandats er sich uß anlas wie
3300 843 5046 1098 er praetextiert, daß etliche Burger von ihme
3311 942 5093 1219 hart begert, gelusten lassen im Rodelfinger
3275 1070 5007 1312 wald fürgebend ußgeheis deß Meyers
3254 1179 5107 1463 daselbst denne auch für sich selbsten im Frießen
3301 1294 5110 1575 wyl wald zueren tag zu hartzen, diser füler
3295 1447 5068 1709 aber seye ihme sehr leid, bette ihr in inn
3292 1555 5115 1821 betrachtung seines uff sich tragenden 60 järig
3318 1718 5021 1930 alters, daß er sich guttwillig inn ihr gn
3298 1799 5057 2064 band begeben und den weiblen underwegs
3324 1958 5055 2199 nit ußgerissen (wie er sonsten wohl thun
3303 2101 4959 2337 konnen) auch das Zeughus Jederweylen
3315 2250 4928 2465 mit hartz versechen, inn gnaden ihne
3311 2454 3788 2623 anzesechen
3282 2638 4991 2862 Als nun dise bekantnus ihr an fürbracht
3332 2765 4930 2987 worden, habend dieselben dem hern vogt
3289 2865 5038 3100 von Laupen (der sonst keinem bericht disers
3335 3006 4998 3220 Condings verbrechens halb mit geschickt bei
3244 3131 5055 3379 felchlich zugeschriben, denn Meyer von Frieß
3338 3305 4990 3501 wyl, der bemelten Conding nacher Laupen
3232 3353 3322 3482 2
3349 3435 4992 3631 geschickt, alhar für mich den grichtschryber,
3314 3576 5022 3786 vmb bericht gebung inn was faler er Conding
3351 3701 4950 3929 eigentlich gerichten, auch was fur schaden er
3346 3834 5089 4052 verursachet, ze halten, welches den 7. augusti
3345 3997 5010 4196 1660 beschechen unnd hatt bemelter Meyer
3297 4131 4934 4343 Harb Schorri genannt mir vermeldet.
3265 4255 5003 4451 daß wegen grober schwuren, die sein Condings
3336 4376 5038 4562 Er sein sonst zeügisches altes wybli) drussen
3297 4485 5016 4705 ußgelassen, von 1000 connenschies Gott
3348 4597 5059 4774 beware uns neben anderen lychtfertigen
3342 4740 5097 4935 worten und angehabten gezenck truncknen
3337 4884 5083 5058 weib vnd Im zorn, weilen sy vermeint ein
3357 4992 5011 5198 hartzer Bieli verloren ze haben, er verneren
3405 5141 4936 5341 achet worden sich zu Ihnen ze begeben
3423 5282 4980 5464 y von solchem unwesen abzumahnen,
3369 5409 5094 5596 entlichen aber und weilen sy auch morndrist
3368 5523 4937 5738 mit disem gezenck vortgesetzt, auch
