5472 7296
991 1929 1187 2170 18.
1160 5151 2749 5391 Ist by verkauffung eines schafft inn der
1112 5332 2752 5525 Schal daß er selbigen gestolen, bekantlich ge¬
1211 5426 2798 5636 macht vnd darüber Inn die gefangenschafft
1195 5539 2855 5775 gelegt, den 18. maii 166 durch hern großweibel
1184 5665 2799 5872 examiniert werden, der hatt guttwillig be¬
1178 5784 2845 5989 ekennt, daß er noch sechs andere schafft under
1131 5926 2372 6126 schidenlichen persohnen genommen
1170 5991 2799 6273 Ist für 2 monat lang ins schällenwerk
1374 6173 1454 6256 hi
1122 6105 2809 6379 doch anlegung eines rings nach artten, erkennt,
1500 757 2392 1027 Jacob
2509 722 2930 1195 issi
1749 972 2602 1173 ussem enger gebiet
1287 1000 2977 1475 Uff dem 6. tag aprilis 166. Ist diser
1277 1256 2959 1569 vom kranchtahl alhargebrachte Religions
2085 1143 2132 1158 ussem enger gebiet
1272 1364 2917 1682 lesterer nach angehörten berechtigungs
1271 1515 2950 1812 vrkund, von ihr in dahin verfellt worden,
1259 1657 2884 1924 daß er ußgeschmeitzt, gezeichnet, vnnd
1298 1779 2846 2083 mit dem eydt verwisen werden solle,
1297 1921 2913 2236 welches auch an Ihme eodem die erstattet
1265 2044 1712 2269 worden.
1676 3116 2849 3413 hristen Schären uß dem
1438 3280 2113 3521 Griggispreng
1236 3658 2812 3930 ieweilen diser Scharen sich so eythenig
1250 3807 2886 4031 erzeigt, daß er sich entschlossen verwerb
1244 3948 2656 4178 mit seiner ehefrn nit hußzehalten,
1203 4088 2866 4352 Ister vermag Raths befelchs von 30. Marti
1233 4234 2796 4464 1661 durch hern großweibel doch sel
1229 4365 2910 4611 hoffer inn dem chorhus mit dem eydt
1237 4538 2015 4709 verwisen worden.
1160 5141 1199 5152 Ist by verkauffung eines schafft inn der
1470 4857 2616 5090 Daniel Parni, Bolliger
1355 5032 2802 5241 Alchor Hs Jarnis deß Gotten sel sohn
1491 4708 1499 4711 verwisen worden.
3710 980 4822 1199 Statt vom Ranel
3874 1154 4362 1375 von Eschi
3128 846 3235 967 3
3249 1432 5008 1628 Als diser känel sich mit dem dritten
3411 1616 4998 1786 Käler vergessen. Ist er vermög ihr en
3437 1723 5031 1914 reiterierten befelchs durch herren Groß¬
3423 1846 4958 2025 weibel dachselhoffer im chorhus mit
3335 1932 3400 1995 .
3406 1984 5052 2178 dem endt, jedoch vff gnad hin verweisen
3428 2095 4920 2344 worden. Acten 27. maii 1667.
3856 2580 5009 2817 lande Cordet sonst mansfeld
3751 2743 4693 2951 genannt ein baßgyger.
3352 2968 5023 3177 iser hatt sich mit ußgelassenen ungebürlichen
3402 3078 5073 3320 und ehrürigen worten gegen herren unentz
3350 3237 5086 3415 Stürler landtvogt zu Morger vergessen, ist
3389 3362 4906 3573 alhie yngelegt vnd den 17. Junii 1661
3348 3469 5011 3693 durch herren großweibel uff empfangenen
3338 3602 5049 3826 Raths befelch mit dem eydt verwisen worden.
3765 3991 4818 4184 Vndre Amaron von
3748 4149 4716 4359 segnens hinder Morsee.
3301 4384 4973 4600 Nach dem diser amarion wegen erzeigter
3380 4517 4895 4720 eysonigkeit und frolsüchtigkeit, hievor ins
3356 4649 5015 4857 Schallenwerck erkennt worden, diser straff
4604 4801 4826 4896 bim thoren.
3357 4793 4967 5000 aber entgangen zu und augusti, ob erkennt
3365 4900 4971 5128 inn verhafftung genommen und durch mihr
3354 5057 4979 5249 rathsherren müller examiniert worden, hatt entlich
3367 5181 4943 5390 mahlen und oberen erkantnus vom 27. augusti
3371 5323 5009 5542 166 vermögen, daß er mit dem eydt verwysen,
3354 5470 4999 5679 und in die grentzen gegen deß Bischoffs gebiet
3343 5587 4853 5797 durch den profosen gefurt werden solle.
3342 5752 5000 5960 deme statt beschechen und hatt auch den eydt
3343 5841 4500 6075 pstiert und ußgeschworen.
