5472 7296
906 630 1138 754 170.
1206 2701 1214 2781 Mohren ihro bald nachman, habe er
1102 3046 1216 3138 Mr Bartlene Meyer hat er zwar
1273 900 2770 1270 fruchtenn, Hansen Jacob Bellmund
1277 1058 2625 1320 habe er synem furgeben nach
1303 1173 2727 1487 gefugen schabziger hinderlegt,
1315 1274 2736 1566 Vermeint denselben darmit ge¬
1289 1368 1675 1525 bezahlen.
1262 1530 2663 1791 Genhardt wyten schuld betreffend
1260 1629 2662 1894 hat selbiger sich erklärt ihme
1274 1749 1987 1909 noch zenkarten.
1255 1840 2634 2116 Item hr. Gotschels Kuher be¬
1274 1978 2608 2250 trebend wegen synen d. 9 t
1252 2053 2702 2339 schricht er denselben keineswegen
1225 2154 2069 2374 schadlos gehalten.
1224 2277 2678 2605 Christen schumacher von Brittel
1257 2451 2707 2720 welle er umb syne 20 lb 13 ß 4 d.
1266 2553 2326 2758 auch ordenlich bezahlen.
1213 2631 2693 2921 Mohren ihro bald nachman, habe er
1253 2795 2660 3002 mit versprochen, vnd sye Ihme
1254 2881 1831 3031 mit schuldig.
1216 3020 2681 3245 Mr Bartlene Meyer hat er zwar
1229 3123 2636 3340 in seinem bewegen versproden,
1229 3213 2686 3405 vmb seine forderende 23 Var
1233 3302 2664 3494 und nach ze bezahlen, er aber hat
1220 3385 2638 3588 ander nit als auf bergehaft,
1232 3471 2730 3650 an Ihne komen wollen. Ist hierüber
1249 3545 2671 3767 als ein ein zahlbahrer eydlich wisen worden.
1207 3729 2693 3935 Transtylen dieserhalte beuzwirth danie
1197 3859 2725 4075 Schreyer, welcher von schulden wegen
1189 3958 2618 4124 hie vor yngelegt worden, und dan
1201 4049 2560 4250 rüber ausschuleren mußen,
1197 4144 2547 4314 uf anhalten eyner fridenn
1186 4228 2550 4399 yntrit inn ihr alitand und
1181 4307 2540 4510 Hebiet anderst nit erlanget.
1157 4424 2623 4582 dam, wo fehr er syne gleubigere
1158 4498 2548 4687 bevorderst vnclagbahr machen
1164 4594 2552 4744 werde, Alls ist er aus befelch
1138 4684 2557 4839 Ihr G. durch her Großnbeibel
1155 4761 2524 4919 die Hoff Pittenmahlen die
1128 4863 2492 5002 Statt betretten, examinirt
1140 4955 2529 5119 worden, ob dan er solchem statt
1166 5046 2544 5220 gethan vnd seine Creditores ge¬
1156 5136 1527 5259 stillet
1120 5221 2546 5402 daruff er sich also beantwortet.
1110 5335 2494 5504 Er seye zubar Frantz Baret noch
1171 5430 2503 5593 200 r schuldig, derselbige aber
1115 5517 2528 5689 dle mit vff Ihne, wie es sich dan
2358 5606 2532 5734 auch
626 3570 1205 3769 Daniel Schreyer.
1219 3478 1220 3503 ander nit als auf bergehaft,
1212 3138 1217 3139 Mr Bartlene Meyer hat er zwar
1204 3764 1213 3850 Transtylen dieserhalte beuzwirth danie
1187 3858 1206 3982 Schreyer, welcher von schulden wegen
1172 3982 1197 4098 hie vor yngelegt worden, und dan
1130 4474 1161 4542 dam, wo fehr er syne gleubigere
1123 4688 1146 4798 Ihr G. durch her Großnbeibel
1128 4890 1131 4926 Statt betretten, examinirt
3460 1127 4919 1399 auch uß einer her fürgelegten schrifften
3493 1292 4938 1494 erschinnen, daß er ihne zer zahlung
3474 1358 4436 1562 mit nächtigen wollen.
3423 1507 4985 1750 Berners, hat er angeben, er sye einem
3459 1636 4959 1834 von Ihrerten Frantz williemet genant
3459 1725 4983 1950 zu gelegen stößen zu bezahlen schuldig
3477 1808 4865 2026 37. B. derselbige aber seze auch nit
3469 1895 3844 2040 an Ihne
3402 2014 4839 2254 Betreffend mr Wilhelm Kurtzen
3402 2142 4807 2305 den hoffner, sye derselbige mit
3445 2247 4818 2387 und neben seinem vatter und
3426 2322 4807 2495 Hans Durs, in einer zu gunsten
3411 2421 4867 2601 den von Riggisperg sel uff greichtet
3413 2526 4876 2693 handschrifft, welcher zu haus vndt
3424 2587 4781 2766 wenig Augspurger dißmahlen in
3397 2684 4819 2867 handen habe, für ihne burg, und
3394 2787 4742 2940 belangte sich das Capital vff
3448 2889 4813 3037 2800 lb, darvon drey darvon veren
3405 2959 4819 3122 fallen Zinsen machend 42 lb.
3401 3050 4859 3221 und der seithar uffgeloffene costen
3394 3127 4803 3303 bringt 30 lb, dargegen aber
3386 3219 4711 3383 besiche er kurt die kentschafften
3388 3308 4792 3481 zum weißen entz neben etlichen
3411 3387 4746 3543 mebiken, so alles zukommen, vff
3406 3490 4752 3657 2500 käme, brächte also, was er
3385 3589 4695 3748 nach jedem diser syner degen
3345 3681 4728 3844 burgen schuldig were 150 lb, da
3363 3771 4754 3944 zwar sein Schreyers vatters
3380 3859 4783 4036 als der einte burg, sich nit erklagt,
3342 3959 4724 4094 Inr kurtz aber by syner anvor
3378 4038 4733 4212 derung verharret und zu einicher
3374 4116 4836 4285 gestundung sich nit begnemmen wollen.
3269 4309 4761 4528 Mr Eßertlome Meyer, welcher
3330 4451 4738 4599 Ihme auch furgestelt worden
3319 4544 4806 4703 hat geworderet bey 12 d 16 bz und
3294 4647 4676 4800 darneben sich erklärt, daß er
3329 4733 4702 4927 Ihme niemahlen gestundung
3343 4840 3571 4964 gelehr
3347 4933 4783 5136 Lehr gedachter Schreyer hat auch an¬
3363 5060 4725 5220 geben, er sye dem wirth zu zimmer
3333 5151 4725 5296 leüthen, neben einem Sonnigen
3333 5219 4737 5370 lären faß S. F. Bert dem costen
3341 5327 4624 5442 schuldig worden. Er habe aber
4646 5378 4690 5413 8
3325 5392 4750 5535 hm gegen darin empfangen halb.
3296 5458 4733 5608 habziger et 26. das pfund, were alß
3314 5548 4792 5674 dise zum vast bezalt ußert disem vnd
3263 5623 4673 5778 dem Krodi costen, so 30 lb bringt, sye er
3295 5696 4151 5838 verners nit schuldig.
4401 5745 4676 5865 keme
3106 859 3325 1030 170
