5472 7296
1310 859 2909 1133 es Peter, als er aber nichts geantwortet,
1307 1012 2840 1213 habind sy weiters gelesen, da komme aber
1300 1116 2820 1334 mahl einer, den sich zum dritten mahl an¬
1280 1222 2820 1463 geschrauwen, aber keinen bescheid erhalten
1294 1349 2892 1622 konnen, entlichen lige einer vff den laden
1296 1468 2772 1654 hinein gesehen, darüber seye der Hanns
1310 1587 2770 1784 mit dem wehr hinaus gangen, vnd
1283 1708 2809 1933 gefragten, wan er der Peter seye, solle
1301 1828 2825 2040 er es gezeigen, habind kein liecht ge¬
1288 1923 2752 2106 habt, doch habe Hans ihne by dem Stock
1301 2067 2763 2260 ergriffen, vnd gefragt, wer er seye.
1298 2166 2781 2343 der aber nichts antworten wollen, vnd
1304 2298 2818 2490 ob das liecht kommen, seye er ihme wider
1289 2424 2778 2634 rumb ertrunnen durch das thürli, dan
1281 2503 2768 2719 habe er das Thielin machen Jeherren
1273 2654 2685 2821 sete vor dem Hans vffhin geloffen,
1275 2746 2823 2965 zum st�ckli hernach zum Roßstall, darauf
1276 2871 2822 3085 habind sy einandern zugeruff und gesagt
1272 2970 2739 3176 Es seye aber einer da, setzind gut den
1271 3100 2712 3266 wehren vnd der Lanternen vmb den
1281 3209 2692 3404 stock gangen, entlichen sich bedunckt
1284 3334 2615 3516 by schind jemand by dem Jachen
2598 3360 2663 3500 .
1273 3432 2763 3616 habind nochmahlen umb gottes willen
1286 3569 2799 3758 betten, Er solle reden, solches aber nicht
1272 3696 2716 3836 gethan, wie er nun keinen bescheide
1254 3797 2691 3969 geben, vnd vber dem hausen wollen
1265 3901 2748 4074 seye er gefallen, vermeine der schaden
1270 4020 2738 4206 seye damahlen beschechen, Entlichen seye
1265 4139 2735 4303 er in einen weger kommen, da habind
1248 4246 2611 4429 sy nochmahlen gesagt, er solle doch
1267 4361 2674 4556 reden, er aber seye us dem Weyer
1269 4495 2711 4654 noch ein wenig gangen, nider gefallen
1233 4586 2712 4755 und gebliben. Sein bruder Hanns
1235 4706 2587 4865 habe zwar das wehr aus gehabt,
1244 4811 2611 4989 aber nicht verletzet. Sy habind
1230 4952 2603 5117 samptlich, deren Siben gsin, liben
1214 5028 2590 5229 Vertelin getruncken, vnnd ein
1230 5151 2574 5321 viertelin dem nachbarn gegeben.
1195 5269 2439 5454 Actum 13. novembris decembris
955 709 1128 873 98.
3221 792 3364 951 97
3785 925 5065 1153 Beschauw bericht iendar
3745 1103 5065 1292 Ouggissergs leichnam betreffend.
3688 1260 5092 1540 Acta den 125 Covembris ob
3586 1538 5027 1753 In dem entleibten sind auff ein¬
3516 1690 5011 1877 genommenem Augenscheinerey wunden
3535 1798 4287 1945 rotbar worden.
3688 1489 3787 1502 Acta den 125 Covembris ob
3506 1941 5069 2221 Die einte an dem hindern theil deß haupts
3502 2123 4944 2318 ohngefahr halber hand breit, die hant
3498 2271 4999 2411 sampt dem jaar von dem clanio oder
3489 2364 4835 2541 genschalen abgesondert, vnd zwar
3492 2481 4851 2661 durch einen hieb, doch alß daß die
3457 2600 4465 2762 hant noch angehencket.
3465 2792 4903 3009 Sie zweite vnd dritte sind sich, der
3494 2941 4867 3125 einte todtlich, vnd nach art der
3457 3054 4908 3236 Criminal Aussag, Cathal, in den hertz
3482 3167 4722 3333 casten rumwertz zwischen der
4723 3237 4770 3292 .
3480 3271 4777 3425 sechst vnd Sibenden Rint, da dann
3480 3391 4869 3561 durch das mittelfahl, das die brust
3453 3503 4926 3675 theillet, in das pericardium, Ja in das
3446 3622 4731 3778 hertz selbsten, wie vns durch die
4746 3670 4801 3758 e
3432 3721 4831 3904 sonder-Nadel solches bescheidenlich zu
3478 3831 4819 3992 erkennen worden. Aber das
3457 3954 4839 4113 daß das gewäßer, worin das
3428 4067 4802 4236 herren schwimmet, sampt dem gebluet
3425 4159 4867 4349 sich so bald erzeiget, darumb er dan
3401 4291 4429 4451 so sein lötzlich gestorben etc.
3374 4393 4963 4586 die deute wunden ist an sich selbsten nicht
3441 4510 4670 4667 lathal gewesen, dieweil der
3441 4607 4796 4761 dagen vff dem großen hafft bei¬
3429 4694 4763 4886 sich geweltzet, vnd nicht in die
3444 4824 4670 4979 cavitet oder hohle deß leibs
3438 4938 4694 5119 penetiert. Actum die
3434 5045 4810 5220 ex anno ut supra erwahr
3392 5155 4649 5316 heit zu steine also von vns
3414 5253 4508 5450 eigenhändig vnderzeichnet.
4037 5401 4545 5538 Wilhelm
3400 5465 3691 5673 Abg
3710 5536 4776 5729 Dabis Leerber verordnete
3662 5675 4429 5807 der beschauw.
3275 1995 3397 2155 .
3281 2819 3395 2947 e
