5472 7296
1255 948 2820 1249 ihnne vexiert, daruff er alsbald geant,
1290 1094 2802 1312 worttet, Es komme diseren klag von ge
1276 1217 2809 1442 wüßer uffwysung har uff befragung
1287 1318 2795 1568 nern, wer dan sy uffgewisen anderort
1291 1400 2775 1654 tete er, die Martenen vnd die von Erlach
1262 1506 2758 1768 habend sich uff einem abend in ihrem
1254 1637 2770 1832 deren von erlad stubl mit einander
1269 1727 2796 1958 deßwegen underredt und seie dise wäber
1287 1841 2745 2041 sonderlich von der Martenen hierzu
1288 1946 2771 2167 angewisen worden, wie er dan ihro der
1278 2053 2774 2273 Martenen solches selbs verwißen. Es seye
1264 2165 2753 2388 zwar nit minder, dan daß syn allerley
1277 2265 2760 2487 anlaß gesucht ihnne und fahl ze bringen
1268 2368 2749 2585 In deme spa, ja sich zum erber begeben
1260 2484 2762 2671 ihrem ern der doch damahlen nicht alda
1273 2590 2760 2791 gsin nachgefragt und in dem soll alles
1268 2696 2769 2904 er und andere han gsin, kommen, ob wollen
1269 2784 1493 2859 nit nicht
1277 2799 2775 3003 er ihro geredt, Ja als er einen abtritt ge-
1249 2910 2663 3077 nahmen, seye syn ihmme nach gangen, in
1245 2992 2752 3178 massen er sy vortgewisen sagend, so habe
1245 3127 2712 3275 nichts acta geschaffen, seche wohl, daß ihr
1234 3205 2731 3364 hr nicht alda seye. Item ein andermahl
1250 3298 2692 3481 als er hern liches sel frauw underwegs
1251 3388 2739 3568 angetroffen, die ihme ihres herren sel lieder
1245 3491 2698 3653 liches lebwesen, vnd daß er viel vnge¬
1245 3593 2655 3750 legenheiten abgebe geklagt, deme er
1231 3673 2715 3852 byfahl gethan, sy auch solches ihrem heise
1234 3784 2738 3952 vorgehalten, welches dan es wider ihnne
1222 3885 2723 4050 für ungutt uffgenohmen und deßwegen
1246 3978 2733 4138 an einander komen, so aber verspruchet
1198 4109 2718 4251 und sy widerumb deßemen worden, auch
1238 4177 2703 4358 sich mit einanderen instig gemacht, als
1212 4281 2714 4456 er von solchem spruchen nacher hauß gangen.
1218 4394 2662 4555 und an seiner schwöster thüren get
1202 4484 2707 4652 klopffet, seie dise unverschambte magt,
1175 4613 2673 4751 zuruck geloffen und ihre frutige
1199 4693 2696 4865 angezeigt, was er gemacht, sein hr
1184 4791 2674 4963 jage die fr mit dem dägen im Hanß
1171 4889 2671 5064 harumb, Inmassen ihnne solches ver¬
1167 4984 2686 5175 ursachet dahin ze gechen, es seiend aber
1164 5074 2686 5236 schon her und fr inder und alles still
1172 5167 2658 5383 gewesen, also daß sy nur gesucht, ihnne
1153 5272 2623 5488 zum fahl zu bringen. Darüber er syn
1158 5389 2690 5596 auch hefftig bescholten, Vnd als er vff ein
1163 5492 2639 5687 andere zeit von Seedorff in die statt
1132 5579 2651 5790 kommen und in sein hauß gangen seit
1154 5695 2639 5908 Dise wybspersohn in der stuben gsein,
2433 5795 2568 5962 zu
847 639 1081 768 156.
3051 851 3296 995 157.
3390 1079 5011 1281 zu dero er gesagt, waß die leüth gedencken
3418 1207 4956 1360 werden, daß sy alhier thue, sy sölle sich
3419 1286 4960 1462 nacher hauß begeben, und wylen sya nicht
3426 1387 5003 1553 gehnden wollen, habe er syn mit der cannen
3419 1492 5004 1654 die stagen knab Jagen müeßen, sy habe 3 t
3412 1570 4924 1752 sochen von ihro fallen laßen, daß es nicht zu
3421 1677 4963 1858 melden, darumb er syn als ein unflat be
3403 1785 4834 1961 schalten, habe sye zur anderwort geben, es
3442 1884 4967 2066 eyend eben, so fürnemme leüth, als er seyn
3413 1984 4932 2166 by ihre gewesen. vorgangene gantze nacht
3411 2079 4840 2275 seye syn zu schnaden gsin und alda von
3396 2197 4909 2353 underschidenlichen persohnen übel ver
3370 2306 4857 2470 derbt worden, so fehr seie es, daß er sich
3391 2410 4918 2576 mit ihro uff dem bancktvöglin vergeßen,
3399 2518 4911 2693 er wolle daruff sterben, daß es nicht seye, er
3411 2599 4852 2782 were wohl der leichtverdigste gsell, wan
3393 2717 4873 2883 er sich mit einer solchen tirnen vergeßen
3372 2792 4847 3001 lette, also daß er die fleischliche ver
3380 2905 4917 3103 muschung mit ihro gentzlich vernemmet.
3368 3003 4826 3179 und vermeldet er seie unschuldig gott
3374 3103 4865 3270 wüße es, sye ser auch uff einandere
3355 3203 4849 3367 zeit vor seinem hauß die statt abgangen
3365 3297 4898 3471 und habe ihme alle faule zugeschrouben
3394 3410 4875 3576 so er aber nicht, sonder sein haußman ge-
3363 3507 4858 3642 gehört und im hinauff geschen, ebenmäßig
3385 3586 4869 3746 welches er verstanden und daruff syn
3379 3685 4874 3816 mit einem stecken, biß in der fr von
3357 3752 4894 3925 puternauw hauß gesagt, wie dan solches
3378 3863 4095 4014 jr mannel gesehen.
3558 3954 3646 4025 2
3385 3991 4869 4183 Hierüber wurde ihmme vorgehalten, daß
3411 4100 4866 4277 rei underschidenliche grund obhanden
3342 4182 4827 4360 die anstag gebind, daß er sich mit ihre
3349 4282 4851 4455 vergeßen, als erstlichen, daß syn so lan
3374 4386 4866 4552 miliariter mit ihme geredt und viel
3372 4479 4857 4623 particulariteten ihme anzeigt, daruß
3391 4574 4839 4745 sein sondere gemeintschafft gnugsam
3367 4681 4846 4835 abgenehmen, vmb so viel desto mehr
3367 4761 4790 4941 wylen er sy angebührend orthen nicht
3326 4866 3795 5027 verleydet.
3243 4974 4847 5143 r Zum anderen, habe sye ein solche wey
3339 5084 4839 5254 willige bekantnuß gethan, daß sy land
3348 5175 4764 5334 zu anzeigung der warheit den todt
3350 5270 4737 5436 selbsten nicht geschochen, sittenmahl dise
3345 5364 4754 5526 entzige anklagen, da deß todts wurden
3350 5460 4707 5618 gemacht, da sy dan alle umbstandt
3288 5538 4775 5729 deß orths und hergangenheit erzelt.
4369 5668 4635 5884 den
