5472 7296
1203 676 2769 1006 Hans Tereinias zuget auch vor 2 jahren habe er
1303 835 2061 1001 syne roß drin gehabt,
1228 934 2826 1292 Eendicht Schwytzer zuget er seye vnderwylen mit
1257 1122 2725 1397 synen roßen, aber mit dem vych nit, darin ge
1282 1248 2844 1569 Joseph Kunp. Es seye gangen, wie es zeige können
1280 1391 2811 1644 und gmogen sy habind deßwegen müßen buß geben,
1305 1507 2269 1688 er aber zeige es selbs gethan,
1252 1634 2808 1964 Aggli Brömmer und Uli Schnider sunder
1274 1787 2804 2054 Dietrich seye zwar nit hur, aber andere jahr mit
1324 1912 2243 2108 synen roßen darinn gfahren.
1280 2068 2855 2363 Hanns und Peter Heini Hagend hönigs abes hund
1345 2222 2855 2440 sy es nit aber veren 3 roß im gmein holtz gesetzen
1300 2308 2770 2527 Dietrich habe fürgeben, es seye ihm verwilliget
1294 2458 2836 2650 ans Schwangen habe die roß nit im Bunn aberm
1293 2537 2107 2719 der Sannhalden gesechen,
1278 2723 2779 2967 Alle Laderach, heür zwar nit, aber etliche jahr
1310 2866 2778 3053 zuvor habe er dietrichs roß in der sachelden
1281 2964 2116 3166 und Bummholtz gesehen.
1321 3083 2812 3277 der kilchmeyer saget, Dietrich habe im Bund
1326 3200 2845 3400 holtz, stets biß uff den boden abetzen laßen ußerten
1312 3308 2103 3477 hür zuuor alle jahr.
1511 3407 1553 3537 d
1317 3428 2120 3633 Im anhalholtz seithen 2
2139 3422 2819 3645 jahren, daher nit solast
1329 3572 2069 3723 wie ein Ganenholtz
1270 3696 2798 3937 Bendicht Ballmer der taurner saget, die sein
1341 3837 2802 4022 habe nach der unschlachung durch syne roß den
1300 3956 2817 4135 saamen gbetzen laßen, obwohl andere als Hanns
1300 4062 2831 4239 Ballmer zu Wyden, der syner 5 roß im geschlag
1305 4171 2748 4361 Im forst gehabt umb 30 ß gestrafft worden.
908 527 1085 680 74.
1159 4554 2813 4820 Er habe im Insulscholtz jederwylen syne schweyen
1434 4710 2788 4867 eintzig getriben, da doch solches zu erhaltung
1329 4797 2266 4991 deß saamens vollen gsin.
1272 4932 2878 5133 Der kilchmeyer saget solches und seye in den part
1312 5061 2851 5229 cular holtzeren der saamen eines manns hoch, aber
1325 5155 2044 5345 in ihr genen holtz nit.
1312 5248 2344 5440 söliche trybung bestätigend auch
1310 5337 2618 5521 Ballmer der forster Bendicht Ballmer
1303 5464 2362 5659 Es zwennas. Joseph Kunp
1302 5536 2442 5779 Nigli Branner Uli Schindler
3101 2798 3218 2974 2
3069 740 3260 864 75.
3442 718 5000 936 Hans Zeum, dieseich habe sy vor 2 Jahren dem triben
3451 871 5041 1068 Peter Heini Hanns Schwengen, Hans Wenger zugend
3450 1042 3725 1171 es auch
3454 1098 4969 1316 Uli Läderach bestätiget es auch und habe einen
3466 1235 4317 1414 eignen hirten darzu gehabt,
3471 1296 5044 1497 er Insul Karrer, so by 15 jahren dem hauß dienet
3463 1420 5030 1622 züget ermelter Dietrich habe syne schwyn in die
3467 1517 4976 1705 Sonnhalden getriben und einen eignen hirten darzu
3464 1624 5043 1820 gehabt, die herren Eschiffeli deren holtz nechst an die
3414 1699 5026 1889 Sonnhalden stoßt habind nit wollen zu laßen, daß
3459 1806 5054 1987 er dieselbe hinab trybe, damit ihr saamen nit darden
3414 1909 5056 2073 verderbt werde, maßen auch ihres holtz gar schon und
3443 2030 3923 2211 dickh seye etc.
3423 2561 3569 2619 E
3701 2274 4436 2496 Ludwig Dietriss
3832 2467 4353 2630 verantwortung.
3424 2619 3606 2751 E
3460 2632 4930 2848 Betreffend den ersten ohne fürgehaltenen klag
3456 2755 5017 2925 onneten ist er bekant, daß er sich bemelten stuckh Erdtrichs
3458 2871 4977 3042 von 12 jucherten angemaßget und selbiges ußgerütet,
3443 2967 4975 3149 darvon vertauscht und verkaufft, der meinung, daß
3501 3066 4949 3240 öliches in synem lechen gut vergriffen seye, deßwegen
3467 3177 4978 3365 er sich auch us den interlacher urbar wie auch uff
3465 3279 4970 3457 einen, Im gwelb ligenden kauffbrieff von Ao 1608
3470 3380 4954 3563 umb 4 mit dinckel bodenzinß, weliche er perlichen
3462 3502 4334 3654 entrichten müße, berüfft.
3477 3617 3576 3741 12
3443 3651 4966 3834 sach erdaurung aber deß einen und anderen habend
3469 3755 4955 3907 mehren der nit kinden können, daß dises stuckh 12 aucherten
3480 3847 4928 4006 in disem leichen begriffen und der benige dahar
3474 3925 4924 4109 so bemelter Dietrich für dise 12 aucherten zgelten
3468 4015 4951 4170 machen will, ußert dem insulholtz gelegen, hingegen
3432 4103 4970 4278 disers ußgerütet stucken, sich zuverthalb den marchen de
3462 4212 5026 4405 Insel holtzes gantz heiter und undisputierlich befindt
3437 4411 4988 4606 Den anderen puncten belangend wegen deß vergrabnen
3473 4531 5022 4711 großen, mit dem onsul tragen gezeichneten Marchsteinen
3472 4614 5021 4793 beantwortet, er sich, diewylen solicher mit synem erdrich
3476 4724 4937 4897 aller orten umbgeben und nit mehr dienstlich gsin
3476 4816 5016 4986 habe ihmme schon hievor Mehren könner Zeender, vnd hr.
3448 4911 5005 5043 Marlot sel soliches verwilliget, es habe auch syn schwagen
3673 5010 3728 5090 2
3441 5005 5019 5177 Uli Hürtz, welicher denselben yngegraben, ihmme fürgeben
3467 5102 5045 5254 er seye by mehren bauwherren hackbrett gsin und mit
3487 5204 5013 5340 ihmme von disem Marchsten gredt, also das man man
3438 5299 4985 5464 ihmme einen leib brott gebe, wolle er wohl disen stein
3485 5397 4955 5559 hinweg thun, Immaßen er ihme nit nur einen leibe
3471 5487 5031 5648 brott geben, sondern auch ein mas haber geben meinende
3453 5580 4953 5741 daß soliches nit schaden werde. Wylen diser Marchstein
3496 5666 5028 5839 nit wyber dienen konnen. Wie sich aber hingegen Uli Kurtz
3466 5767 4930 5931 verantwortet, ist us syner yngebnen schrifft no 3 gesechen
