5472 7296
579 4915 870 5091 1
613 5073 1135 5230 Anna Wolff
1269 918 2862 1208 Es seye die wachtlenen zu ihmme hinand
1285 1078 2787 1297 kommen, vnd habe 2 tronen von ihme
1309 1169 2786 1396 entlehnen wollen, ein gwüße schuld
1282 1281 2810 1521 zu bezahlen, als er ihre solches ußge
1287 1373 2757 1597 schlagen, habe sy a die wachtlenen der
1293 1502 2809 1720 wartenen widerbracht, die Romann
1317 1611 2804 1821 seie drußen, daruff die Martenen ein
1318 1714 2788 1912 bedul geschriben und selbigen an hrn Jacob
1300 1815 2776 2033 Bürlers haußthüren geschlagen, wüße wohlen
1296 1921 2726 2122 das niemandts anders solches gethan,
1291 2005 2774 2232 als sy an sittenmahl sa gleiche wortt
1282 2117 2784 2321 wie im zedul geschriben, ihmme mund
1282 2214 2800 2471 sich zugeschrauwen. Als die Wadtlenen
1278 2331 2770 2545 rußen gewesen, seiend ettlich herren
1277 2454 2771 2645 und auch drey seiner Hansen by ihmme
1274 2539 2756 2760 gsin, da seie das geschrey ergangen, die
1272 2656 2695 2841 vymannin seye by ihme drußen.
1271 2827 2678 3026 aß er dan dem Wolffgang Jost mit
2669 2915 2730 3017 .
1257 2950 2751 3135 weinend angen sölle angezeigt haben,
1252 3013 2736 3221 er habe sich mit ihro der Martenen
1212 3120 2749 3362 underschidenliche mahl vergeßen, so
1232 3241 2671 3434 wohl in deß heüthen hauß, als in
1229 3354 2585 3528 kein gemeinen pfandtstahl, seie
1214 3436 2704 3647 disers ein erdichtete boden, dan wan er
1231 3560 2595 3712 etwas dergleichen gethan, were er
1212 3629 2700 3857 nicht so einfaltig, solches einem solchen
1205 3764 2656 3958 gesellen ze offenbahren, er habe deß
1198 3875 2667 4082 eüthen hauß sein lebtag niemahlen
1194 3980 2578 4177 betretten, wüße auch uns nie, wo
1129 4097 1873 4290 Diser stall seye.
1147 4325 2669 4538 Also daß er frutig die fleischliche ge
1182 4448 2714 4611 maintschafften und fernere frequenta
1162 4554 2665 4731 tion, als wider vermeldet, gentzlich
1171 4664 1728 4837 vernemet.
1142 4842 2678 5078 Über diß ist ihmme weitters vorgehalten
1193 5007 2658 5181 worden, daß er gantz verdächtig falle
1204 5098 2641 5275 nit Ann Wolff, sich auch vermischet
1143 5203 2658 5412 huch aben, sittenmahl die sy namen
1150 5294 2637 5509 sein jenige fr selbsten bekent, als
1163 5402 2590 5605 s uff ein zeit hinaußin sein.
1122 5557 2506 5732 matten gangen, habe sy es uß sein.
2037 5673 2420 5860 Prutzigs
912 676 1125 834 164.
3047 791 3271 962 165.
3390 1020 5013 1235 frütige Hemach mit den kleider am armen
3417 1162 4987 1350 tragend sachen heraus kommen, ands in dem
3418 1260 4911 1444 bett zwo lincken gefunden, wie in der
3411 1365 4916 1559 hrgrichtlichen schrifft lit E. holz mit
3411 1480 4795 1669 wysblegen a Wolff gezeichnet zu sechen.
3373 1593 4878 1785 bolches hat brütig gentlich verneret,
3411 1695 4997 1875 wan schon sein frauw, das rede thüge syn
3374 1816 4945 1977 ihme schandtlich unrecht, man solle nur
3388 1896 4903 2078 Dises Anneli Wolff gegen ihmme stellen,
3374 2006 4919 2181 und confrontieren. Hatt preuet auch
3367 2112 4897 2279 disers furetens halb nichts bekennen
3407 2220 4593 2399 wollen. Actum 30. maii 1663.
