5472 7296
1220 716 2771 993 Inn mahlen und oberen schloß signauwe
1247 905 2770 1150 begeben, von dem herren vogt daselbst
1237 1014 2774 1273 alsbald gfencklich angenomen worden.
1218 1165 2790 1424 Der auch darüber ihre enthaltung einhen
1233 1327 2722 1572 berichtet, ist dieselbe uß deren befelch
1167 1441 2578 1684 durch Ihr in diener die Proffosen
1257 1597 2704 1847 alhar gebracht, ein gutte zytt Inn
1233 1743 2601 1980 der vorgrichtlichen gefangenschafft
1264 1871 2755 2085 theils wegen Ihrer sonderer erbs Incon
1265 2004 2713 2214 moditet, theils dann auch damit sy mit
1223 2135 2676 2371 den angebnen persohnen desto besser
1282 2275 2741 2497 confrontiert werden konnen enthalten
1281 2432 2745 2665 hernach inn die obere gefangenschafft
1285 2573 2598 2780 gelegt worden, Nach dem nun
2621 2600 2722 2798 s
1274 2703 2782 2912 sowohl by werender ihrer enthaltung
2117 2832 2173 2933 8
1302 2853 2789 3054 so wohl vor einem ehrsammen ehergricht
1290 2979 2810 3181 alhie, als hernach den 24. wintermonet
1261 3118 2700 3328 und vierten Christmonet uß ihr
1278 3260 2787 3478 befelch durch die woledlen gestrengen
1272 3392 2613 3586 Ehrenvesten, hoch vnd wolgeachten
1235 3528 2726 3716 fürsichtig und wysen herren herren
1287 3645 2627 3867 Wilhelm von dießbach, deß taglichen
1240 3780 2734 4016 Dem Beat Ludwig von Mulenen, wie
1303 3907 2695 4128 auch hrn Steffan d Samel vnd herren
1249 4056 2713 4261 Niclaus Dachselhoffer Großweibel
1180 4177 2740 4444 Deß Grossen Rahts der Statt Bern
1297 4322 2722 4595 ernstwortig, auch mit der marter
1294 4494 2677 4725 vnderschidenlich examiniert worden,
1250 4630 2788 4919 Ist sy endtlich inn volgende bekantnus
1282 4828 1736 5062 gerahten.
1106 5034 2817 5324 Erstlich, daß sy mit herrn Drund frutig fleisch
1310 5197 2799 5431 liche gemeinschafft gehabt, auch by ihme
1311 5287 2776 5543 ein unehliches kind gezüget, so aber nit
1291 5443 2749 5701 mehr inn leben sonder gestorben seyen
1303 5644 2810 5896 seine auch mit herren es sammel frenden
1224 5835 2728 6060 wrych und das im jungst fürgangenen
3018 3433 3083 3554 5
2981 2004 3117 2180 4
3017 5036 3133 5174 8.
3038 1347 3111 1467 3
3284 753 5030 973 Kriegswesen zu Guthwyl ihres vermeinens
3342 893 5026 1099 Im wirtshus zur kronen, zu welcher baht sy
3318 1010 4536 1255 von ihme angereitzt worden.
3307 1138 5004 1414 Verners mit Bärauwer Hanns Damalen
3323 1322 4936 1572 zu Trubwonhafft, dem horgrichtlichen
3357 1436 5052 1637 bericht nach ein eheman, von dem sy ein unehlich
3292 1539 4998 1739 kind bekommen, welches by 5 wochen glebt
3322 1669 4300 1911 hernach aber gestorben.
3285 1851 4938 2099 So habe sy auch mit Christen wolegger von
3312 1993 5044 2229 Marpach ein unehliches kind gezüget, welches
3356 2110 4850 2358 er guttwillig angenommen und nit lassen,
3354 2263 5006 2480 wollen. Seye hierinn von niemanden
3358 2413 4270 2630 zred gestellt worden.
3311 2567 5000 2798 Als sy nun vber solches absterben Ihrer vn¬
3381 2711 5077 2916 ehlichen kinden befragt worden, wie sy dann
3366 2829 5040 3049 mit denselben umbgangen, hatt sy höchlich be
3353 2997 4949 3206 tenweret, sy seye Jederwylen ein trunner
3332 3095 4337 3323 mutter an denselben gsin
3326 3322 5054 3557 Item mit Peter Berger einem eheman habe
3351 3484 5027 3688 sy sich zum anderen mahl fleischlich vergessen,
3296 3625 5035 3807 das erste mahl zu signauw ammarit, welch
3335 3725 4972 3947 sy vom wirtshus inn syn schuren gefürt
3335 3876 4958 4137 Wyters habe sy unzucht getriben mit
3341 4046 5006 4264 Joseph Sempach von Signauw, der habe
3364 4169 3932 4356 keine kinder
3291 4337 5021 4617 Denne mit Gorius Siber, der seinem be¬
3358 4528 4914 4720 ekannten fäler inn der chorgrichtlichen
3376 4661 4707 4875 gefangenschafft bereits abbüßt.
3343 4823 4830 5091 Wie auch mit herren Johannes vff den
3308 5014 5014 5231 Jungeren, desserhalb sy sich vff Ihre bekante
3320 5151 4856 5356 uns vor horgricht berüfft, auch mit
3375 5277 4906 5498 mehreren umbstenden, daß er sy berürt
3298 5397 4085 5614 die tacht bestätiget.
