5472 7296
984 628 1228 797 128.
1355 916 2902 1256 und wol bescheiden Andres Macher
1376 1098 2860 1349 in Erben Grichtskignannt, Niclaus
1367 1196 2888 1473 Roth, aman Veter Kuntzi zur wyl
1326 1302 2807 1517 Daniel Kirchen zu Ried, Greis zu
1347 1416 2850 1639 großen höchstetten, Marti Läderach
1344 1530 2830 1744 zu Trunstein Marti Bigler zu
1327 1620 2845 1832 Rychingen grichts zu Worb Friderin
1356 1729 2892 1970 Lentz konnen zu Biblen, Ulrich Schin
1262 1842 2852 2040 dach zu Erlischwand uß dem Frecht
1326 1937 2807 2174 Biblen. Hanns Curibuel zu Eychi
1336 2042 2783 2225 Marti Steyman zu Konolfingen
1328 2136 2777 2324 vß dem Gricht lwalckringen vnd
1292 2237 2784 2407 Konolfingen, dann Leitschi comman
1306 2335 2784 2508 zu setzigen Hanns Böglen komen
1314 2436 2727 2608 en Linderthal Heinrich Graff
1305 2538 2777 2719 Amman Hans Kneburt von Opp
1283 2647 2810 2868 lingen Peter macher zum Behel
1319 2776 2830 2949 all drey uß dem grecht leichtracht
1283 2866 2823 3051 Ullrich Galli bendicht stucken haus
1240 2972 2727 3196 erntender all drey uß dem gricht
1282 3070 2741 3260 Dießbach beedicht citantzen und
1261 3182 2706 3384 Niglans Wyler uß dem Gricht
1278 3299 2659 3474 Minsingen, Ulrich Adam von
1278 3401 2774 3562 wider wichtracht Hanns macher
1280 3495 2736 3655 und Hans Jenni beid des Grichts
1276 3586 2785 3776 zu Jenigen Actum von jahr und
1274 3688 1940 3864 tag vorstaht.
1241 3936 2728 4200 Andere Landtag vnnd wider
1325 4088 2728 4322 Hanns Augspurger gefeltes verkendt,
1188 4377 2725 4653 Ich Hans Laderach Freyweybel
1220 4547 2655 4753 im Anderen theil deß Landtgrichts
1153 4676 2652 4853 Ronolfingen ihm kund offentlich
1190 4797 2685 4952 hiemit, daß als ich in namen vnd
1200 4876 2674 5072 anstat der hochgeachten woledlen
1184 4989 2691 5181 gestrengen from fürnen, her¬
1145 5089 2713 5286 zichtig und Hochwysen herren herren
1137 5208 2712 5375 Schultheißen und rath der stett Bern
1173 5346 2637 5495 meiner hochgeehrten gnedig gebiet
1147 5407 2635 5584 konden herren und Oberen zu
2430 5521 2720 5718 gedacht
3119 774 3363 977 129.
3502 1064 5117 1295 Jedochtem Konolfingen by dem Landtstull
3534 1218 4984 1421 an seyen Landtstraß zu Gricht das
3508 1339 4969 1535 und in offenem landtag recht hielt
3529 1443 5000 1639 vor mir vnd den nachgemelten vier
3505 1567 4999 1749 und zwentzig geschwornen hiehar er
3512 1687 4998 1879 namset vnd beruff erschinnen ist der
3466 1801 5010 1992 hochgeacht, Ehren, vnd nohtwes furmen
3481 1928 5047 2105 fersichtig und hochweise herr hr. sammel
3486 2041 4974 2212 Frisching deß täglichen rahts der statt
3382 2138 4987 2327 dern und keiner diser landtgrichts
3475 2235 4949 2421 aus bruelch und geheiß hochgedacht
3454 2348 4921 2521 meiner gnädigen hergen und oberen.
3490 2466 4899 2610 sich durch herren ihme mit urtheil
3486 2554 4834 2746 und recht erkenten fürsprechen den
3468 2666 4931 2802 Ehrsamen vnd wolbetheiden Andres
3449 2772 4978 2955 Maoher deß grichts signauw abermals
3464 2881 4188 3065 verfürsprechende.
3453 3092 4919 3358 Nachdem nun der Erste Landtag gegen
3405 3256 4930 3433 Hanns Augspurger von die balds hausen
3413 3362 4862 3544 grichts ubirgen ordenlich verführt,
3441 3478 4865 3649 vnd hievor mehrmahlen gebrechlich
3439 3575 4804 3757 gewesen, das von kurtze wegen der
3428 3683 4847 3849 Erst und ander Landtag vff einem
3428 3775 4798 3956 tag gehalten, wie dan solches Ihr
3410 3864 4932 4044 gnaden salung zu gibt auch die sonnen
3413 3960 4838 4128 noch in guten höchenst hiemit mit
3427 4065 4878 4225 urtheil und recht gutfunden worden.
3394 4168 4798 4348 daß mit dem Anderen Landtag
3421 4265 4879 4435 auch noch us heut vort gesetzt werden.
3414 4361 4801 4520 sölle. Hatte wolgedachter mehr
3398 4439 4844 4605 Perner Frisching, in namen inghl.
3396 4547 4817 4722 vnd oltren an eine Vrtheil zu er¬
3371 4641 4881 4821 fahren begehrt, weßen er sich wegen
3357 4728 4832 4936 disers durch Hanns Augspurger an
3392 4845 4838 5019 Anna Scherterleib Zwischen tag vnd
3381 4934 4903 5091 nacht im wirtshauß zu Schwigen wider
3363 5025 4774 5185 begangenen thodschlags halber da die
3388 5118 4855 5274 raach von dero Eheman vnd verkanten
3367 5197 4862 5370 ihr er überlaßen worden, abermahlen
3379 5312 4886 5486 zu verhalten habe, wardt vff beschechenen
3376 5394 4848 5561 recht hatz vnd nun des Richters einfrag
4609 5524 4753 5639 vff
