5472 7296
1253 977 2839 1294 hiervber befragte vatter nichts wüßen wollen.
1308 1136 2791 1330 nochmahlen daruff verharrend, so wohl als
1255 1194 2809 1434 Gott lebe, er habe seits seiner ern schid
1300 1296 2760 1533 digung mit niemandts als seiner fru
1271 1415 2757 1613 der Rymannin ze thun gehabt, an diser
1288 1511 2758 1744 anklag seie niemand als die Martenen
1269 1602 2827 1865 schuldig, derowegen er ihro auch getreütet,
1142 1797 2775 2082 Den dritten Puncken betreffend, daß er
1254 1987 2718 2183 gewichen und sein schuld dardurd an tagen
1263 2098 2693 2300 geben, seie es also fergangen, daß meh
1280 2192 2747 2384 eines ehrsammen Thorgrichts ursaden ge¬
1268 2298 2793 2510 nohmen, ihnne citieren gelaßen un
1267 2400 2719 2603 viertten mahl, da ihnne doch das bott
1268 2522 2708 2698 niemahlen bezogen, sittenmahl der
1260 2617 2760 2830 Thorweybel sich nicht hinauß begeben
1280 2721 2789 2929 sonder solches dem aman zu ostermundig
1268 2810 2711 3021 übergeben, der solches nicht angelegt,
1250 2916 2733 3137 wylen er in einer ander kilchoren ge-
1258 3023 2744 3212 seßen, inmassen mehr die horrichter
1254 3107 2742 3316 wegen seines nicht erscheinenschäfftig
1257 3231 2715 3403 wider ihnne erzürnt worden, deßen
1246 3329 2695 3507 er doch nichts vermögen, derowegen man
1231 3426 2639 3592 ihnne gewahrnet, sonderlich sein
1236 3517 2712 3704 Schwager fr Reinhard und daß zum
1225 3617 2723 3801 grottenmahl, wie er solches gangsammen
1237 3724 2667 3902 bewysen wolle, mit dem grund, sy
1238 3817 2722 3999 wollend schon mit dem verzeichnen und
1211 3914 2656 4109 theillen fürfahren, aber nur damit
1226 4013 2736 4205 er sein zeit und vortheil nemmen können.
1220 4131 2644 4321 er habe ihmme die sach gar schwartz
1201 4233 2692 4410 gemacht und stechs angehalten er solle
1211 4334 2640 4503 sich vortmachen. Es habe ihme auc
1909 4430 1998 4513 A.
1929 4428 2656 4582 ultscher der bestet
1205 4442 1895 4592 Mr Christoffel
1123 4529 2700 4699 beck gewarnet, er solle für sich sech
1159 4638 2705 4817 dan er uff der schutzenmatten ettliche
2540 4792 2659 4846 e
1184 4733 2538 4901 herren erzürnt und wan sein
1171 4833 2692 5017 schwagers nicht starck angehalten hette,
1188 4953 2657 5090 were er nicht gen sichen. Er habe
1145 5013 2541 5213 ihr gn herren schuldtheißen
1145 5133 2661 5329 ad selhoffer den erdrußen angehen
1167 5227 2644 5443 troffen gebetten, man wolte disere
1159 5356 2638 5537 persohn an sich erworth biß zur ent-
1162 5470 2637 5662 ebindung geschaffen, der meinung
1127 5600 2624 5770 daß nach solchen er sich gegen ihre
1097 5687 2545 5857 stellen könne, damit aber in
2273 5761 2619 5900 zubersehen.
889 645 1133 814 160
4980 959 5039 1084 .
3372 925 4982 1196 zwüschen er nicht in den gefangenschafften
3389 1081 5038 1280 herumb gezogen werde, habe er sich geüßeret,
3289 1184 5041 1388 Als erst mercken möchen, daß ein 10 starcker
3413 1264 5026 1448 befelch an die herren ambtleüth solle abgangen.
3404 1381 5026 1593 sein, habe er zu antag gebung seiner un
3406 1495 4942 1689 schuld ein sicher gleit begehrt, endtlichen
3413 1613 4586 1825 sich selbs in sein matten begeben.
3381 1798 4976 2000 Dem anderen ist ihme vorgehalten worden.
3281 1915 5052 2123 daß er sein dißmahlige frauw die Romanung
3407 2036 4928 2186 außbraucht, eher vnd vor er von seiner
3363 2110 4916 2291 fr Susanna Stettlerin gescheiden gewesen.
3413 2196 4959 2395 welchen ehebruch von Rymann abbüeßt
3366 2296 4986 2491 und ihro auch vberbotten worden, sich seinen im
3387 2415 4876 2584 wenigsten mehr anzunehmen, ihnne
3366 2506 4925 2703 deßwegen zu Convendieren, sind die Thor¬
3387 2623 4887 2822 grichtlichen verzeichneten kundtschafft sagen.
3399 2720 4974 2906 ihme vorgeleßen worden, so gezeichnet mit den
3405 2819 4960 3038 und endossiert mit Ryebley syn, wie auch
3352 2944 4947 3116 Litera C. pao 7. daruff dan die erkantnus
3325 3046 4900 3234 Lit. B ervolget. Darüber ihmme zeiter
3365 3147 4920 3342 stechen geben worden, daß eß disen ußsagen.
3366 3267 4898 3431 heiter am tag und bewysen sey, daß er
3370 3357 4933 3550 syn frequentiert, by ihro übernacht gelegen
3392 3466 4837 3648 und daß so wohl hier in der statt als
4829 3560 4900 3618 .
3349 3586 4868 3745 drussen in seiner matten, Neben dem
3341 3676 4948 3859 daß sy solches selbsten bekent, solches beruwet
3374 3777 4766 3968 und die ehebrinder straffe gestanden.
3385 3892 4899 4075 müeße deßwegen überzuget stechen, daß
3389 3989 4910 4165 er im ehebruch fähler diß orths begriffen.
3345 4107 4863 4260 Hierüber gabe er zur andtwortt er
3378 4199 4836 4360 gestechen war, daß seith vielen jahren
3373 4279 4888 4461 dahar er kundsame mit ihro gehabt, ja
3385 4386 4843 4541 auch schon zur zeit deß irn von sell,
3351 4474 4842 4662 hoffen sel und seye auch zu underschiden
3363 4589 4762 4750 lichen mahlen dahin gangen, daß hauß
3345 4679 4798 4854 Errequentirt, und auch laut deß Josten
4513 4774 4588 4839 a
3374 4760 4847 4924 ußag, als er von Murtten spat konnen
3346 4870 4712 5017 und nit mehr uß der statt kommen
3343 4972 4854 5123 konnen, da zu nacht geeßen, vnd vber
3364 5040 4726 5209 nacht gelegen, sy seye aber in der
3318 5151 4824 5284 Londer stuben, vnd er in der hinderen
3357 5228 4810 5396 gelegen, sy seye auch zweymahl druffen
3357 5323 4826 5491 by ihme zu Seedorff gsin, aber in allen
3371 5415 4750 5582 ehren vnd habe kein fleischliche ge¬
3352 5500 4720 5659 gmeintschafft mit ihre gehabt. Es
3322 5597 4778 5763 könne nicht sein, daß vor der ehe
4375 5706 4800 5853 schedigung
3059 797 3219 1001 167
2942 1875 3119 2072 1
2847 2127 3241 2312 Kymanin
