5472 7296
887 664 1121 787 186.
1284 936 2708 1262 Dierre Bonet Ire Gerhardt von
1291 1131 2772 1390 Dießbachs kucher hat dem anderen
1304 1252 2847 1509 mahl sein ußag von sich geben, daß erste
1323 1393 2811 1607 mahl als den 5. junii zuget er, daß er
1294 1485 2811 1720 auch in dem wirtshuß wohlan, sonen
1277 1595 2727 1820 gewesen, in einem sonderbahren
1291 1730 2794 1977 gmach gelegen, wüße nit was durch die
1297 1829 2788 2098 nacht fürgangen, aber wie er anstag
1267 1941 2804 2185 uffgestanden, habe er gheißen ein liecht
1293 2081 2806 2296 ech und damit sein volckeßen können
1302 2162 2745 2392 darüber seie er hinab gangen, vnd
1278 2292 2773 2542 die hußthüren inwendig zugeschloßen,
1276 2413 2696 2640 gefund die eruffgethan, als er
1307 2500 2704 2715 widerumb zruck komen vnnd
1275 2631 2726 2851 de receniert seie Jean Boner zu ihmme
1250 2729 2751 2947 kommen, bald hernach auch der knecht
1253 2849 2721 3048 der Jenige frömbde herr knab seit
1273 2961 2684 3165 bin feiner geseßen, deme Boner
1257 3073 2729 3301 brot und fleiß zu eßen geben von
1250 3183 2722 3385 deme an seien sy mit einanderen
1253 3305 2294 3477 gahn zuerdon komen.
1177 3453 2663 3621 Das andere mahl als den 23. Junii
1237 3573 2717 3773 das er sich erluteret, daß an Honeg
1258 3666 2676 3875 zu ihme kommen, wie es angefangen,
1261 3779 2673 3968 tagen, sein nit alsbald zu ihme ge
1232 3874 2697 4062 seßen, sonder nachdem er ein mas
1248 3983 2691 4169 wenn reichen laßen vnd fast halb
1230 4083 2719 4278 mit seinem knechten selbige getruncken.
1203 4198 2667 4381 seie Boner mutzig komen vnd in
1207 4301 2608 4451 einer viertel stundt hernach
1165 4411 2653 4538 Boners Knecht, von Wannen aber
1148 4511 2673 4687 Bonen kommen, wüße er nit, er habe
1192 4611 2656 4804 gehört, daß er den knecht gefragt,
1185 4721 2621 4886 wie er die sachen beschaffen be¬
1152 4822 2652 4989 funden, der geandtworttet er habe
1186 4927 2660 5113 zwo ern angetroffen, die gemolchen
1178 5039 2541 5181 wie er aber decerniert und
1135 5084 2622 5300 Boner zu ihme kommen, habe das
1172 5206 2654 5419 liecht noch gebrennen, obschon es
1153 5335 2052 5525 angefangen tagen,
1133 5411 2628 5619 Wüße nit zu welcher stundt bonen
1134 5511 2588 5747 und sein knecht zu erst ußem huß
1133 5630 2585 5837 gangen, wie sy aber mit einander
1142 5719 2556 5973 nacher Zuerdon gangen, seie es
2280 5791 2573 5942 hueber
2873 2053 3141 2211 20
3429 1129 4998 1303 heiter tag gewesen, wie er der ge
3429 1249 4884 1435 zug luß dem huß gangen, vnd die
3459 1359 4951 1550 thüren beschloßen gefunden, seie es
3451 1474 4186 1652 noch nit tag gsin.
3071 855 3307 1003 187.
3509 1993 3595 2016 Eprena der Banwark zuget, daß in
3448 1749 4846 1954 er zyt halber, wan der ermorte
3772 1875 4591 2062 gesechen worden.
3405 2012 4913 2245 Eprena der Banwark zuget, daß in
3407 2177 4898 2354 verrichtung seines diensts er den
3387 2274 4828 2462 Dauid Lang mit einem steckli in
3403 2362 4908 2565 derhand angetroffen, den er gefragt
3421 2488 4952 2671 wohin er wolle, daruff er geandtwortet.
3402 2602 4863 2759 nacher fuerdon seinem beduncken
3402 2718 4856 2912 nach ware er sehr lustig und sein gsin
3396 2805 4481 2991 wie der tag angebrochen.
3363 2951 4904 3152 Deß Castlani von St. Martin knecht und
3404 3097 4744 3281 sein gspan zeigend sy habind ihne
3421 3214 4865 3394 auß, wie der tag angebrochen unnd
3373 3306 4777 3499 man gelt können zellen gesechen
3364 3412 4809 3622 für ihres mr haus nach für über
3368 3546 4295 3716 nacher pronant gechen.
3366 3669 4802 3898 Uber dise kundtschafftsage, daß nammlich
3367 3833 4779 4001 an dem tag da laus ermordt worden.
3374 3912 4738 4095 ein soll man ihnne am anbrechend
3338 4033 4609 4200 tag noch gesechen und diewylen
3296 4111 4713 4299 Dierre Concel zuget, daß Jean Boner
3341 4236 4781 4399 vnd sein Knecht zu quonant berecht
3334 4324 4686 4481 Seicunert vnd von dannen mit
3327 4442 4783 4621 einanderen mit ihrem sy nacher
3314 4543 4702 4731 ieferten gangen, erbonnet auch zum
3312 4649 4619 4824 ersten zum Hans hinaus gangen
3306 4708 4719 4923 vnd die Hans thuren Inwendig be¬
3302 4863 4723 5028 schloßen gefunden, ward durch die
3322 4957 4618 5124 underrichter zu offerten erkent,
3267 5071 4729 5238 daß Jean Boner und sein knecht der
3275 5153 4652 5340 beklagten morthat ledig sein sollend.
3277 5281 3986 5455 Den 5. junii 1663.
