4032 3024
1268 473 2003 626 Drne hatt Margertt Rochli
1301 568 2007 666 von Bernn so mitt im in die
1297 628 2003 740 Statt khommen von der popirnn
1297 688 2007 803 har unnd sunst nitt wytter anzeigt
1307 740 1998 838 unnd sy sige usz diser statt in
1318 797 2001 899 der fischen von irem vatter unnd
1307 847 1995 946 fründen thommen für unnd f
1317 910 1992 1013 im Emnvnthall gedient ✳ unnd fr
1336 967 2008 1074 Zunst vill grosser franckheyt
1335 1020 2000 1117 shopff unnd wùsse wäder gu
1336 1076 1999 1173 noch bosz vonn im noch von
1341 1134 2002 1222 sinem thuͦn ✳ unnd lassenn
1433 1292 2006 1428 Ulli Dietzig von Haszlr
1343 1387 2012 1498 Ist uff frytag 14. octobris 11552
1373 1447 2007 1535 oben vff allen Eshyen vber vs espr
1379 1503 1968 1586 den zum Egkfenster uff der
1364 1555 1999 1632 liffen hand, so man die Stäf
1381 1592 2010 1686 vffkhompt, hinder dem Tischli
1378 1652 1996 1731 geden dem jären brab und
1368 1692 1987 1787 uff der frouw₎ zur glogs
1437 1739 2012 1843 s gsprungen durch das
1407 1797 1920 1882 ach vff den estelich
1406 1810 2025 1930 vnd dandasey vnuerseit
1387 1895 1985 1980 hinweg entrunmen
1417 1950 1988 2029 als der weibel frautz
1409 2000 1991 2096 vorman inn usz desi
1400 2035 1705 2135 krsten glassen
1414 2101 2020 2184 sampt lorent gut, so
1419 2147 2031 2239 an der passe vor der
1409 2197 2019 2297 kefy für gwartet, gan
1403 2257 2012 2370 Karßly, zegichten, für
1425 2318 1579 2407 wöllen
2164 436 2810 566 Cristina poss von Sigrist
2171 525 2776 608 wyl byderen Er ei
2145 574 2796 692 Ehid chept ist morndes
2169 629 2809 741 am sambstag, ledig uss
2156 702 2674 817 glassen 15. ortob. 1652
2229 814 2791 926 Ir beiderhandl Ist
2229 884 2640 976 In der trucken
2246 1148 2787 1281 Jacob von Erer pùr¬
2238 1232 2780 1329 ich us fryburg piet ✳
2308 1293 2788 1399 wonsafft zu Lomppn
2114 1433 2739 1558 Zinstag 1 Nouembris 152.
2154 1509 2736 1616 versentiben z großw Pastors
2151 1578 2727 1678 Venditt frutig der burgr¬
2299 1655 2732 1755 Im der kefy anzöugt
2155 1730 2735 1836 Sy willi hidler sye ein metzlyh
2167 1790 2763 1892 zhns esen ✳ appollonij guempt
2155 1850 2750 1941 die Zeig Im 2 oder 3 frei
2153 1913 2736 2002 zulychen verheissen, So
2177 1958 2729 2050 der, das Er sen mantell
2159 2026 2720 2125 zu pfand hinder sy leite
2162 2092 2719 2175 den heit Er dertrassen, aber
2162 2146 2722 2239 sy heig im nüt kichen, er
2174 2209 2769 2291 sye in willis Huß einmal
2159 2260 2775 2349 übernacht clag₎ und hab morn
2167 2311 2772 2409 des dem Hans Ulrich Nuß¬
2178 2376 2771 2455 boum gtumelet, do heif
2173 2423 2722 2510 sy gschrüw₎ und klast se
2161 2473 2789 2556 hatte gelt verlorn und wäre
2163 2529 2784 2622 der trag hinden vffthan, die
2163 2593 2747 2694 nägel us den sparsen zobn
