4032 3024
1232 457 1960 577 mutter heigs allweg vor im verlougnet
1232 528 1933 624 bis jetz heig er vernom das sys vor
1250 596 1948 680 dem tschachtlan anzogenn als obstatt
1246 694 1945 809 Zu lettst ✳ als sy angebenn dr
1255 762 1969 857 soig sy wöllenn heerenn ei tranck
1279 817 1942 907 nachenn ✳ das sy um̄ das lottst
1268 871 1942 959 ehind ✳ ouch kàue ✳ da thuyr sy im
1279 923 1936 1015 unrechtt ✳ dann ers gheissenn zuͦ
1272 973 1957 1069 Eprenn hiech₎ aber der Lanns Schäre
1273 1038 1959 1122 heigs gmachtt ✳ unnd ers nit gwüst
1283 1084 1946 1179 bis ers im keller in schafftt fùnd
1293 1148 1914 1249 so ers gheissenn usz schuttenn
2038 427 2674 530 vff mentas 12. derem 1552
2062 494 2720 602 presentib. her Schwinckhart, des
2042 547 2689 641 Lats Jacob Guders der burffen
2049 604 2743 715 h groszw: pastors und der weib
2111 689 2352 774 gfneilich
2068 694 2124 766 l
2181 714 2662 833 Jacob Hansse zu Marstley
2057 797 2727 933 des Eesten, das Er sol pridt hen¬
2069 878 2739 985 hätte er gwust, das sen Stieff
2068 937 2732 1027 dochter Im das letst khind wöl¬
2071 985 2616 1081 l eeben er wolts zwüsch
2087 1005 2696 1127 flu nider gsturtzt han wil
2059 1077 2730 1171 er nit beckhantlich sen, Suders
2076 1142 2703 1228 spricht ✳ nach dem im anzoigt
2071 1192 2722 1258 worden, sy wöll ims sen heis
2076 1228 2732 1324 Ers erst in wollis bfürt, hattes
2086 1287 2649 1367 wol mogen uber deln abstrt
2075 1296 2713 1431 aber es sye im nie zwillen es
2112 1389 2644 1474 Die muter heig vor Im
2068 1432 2688 1523 gwust, das die dochter des
2083 1472 2646 1564 lenste Einds schwanger gs
2083 1522 2727 1610 dani sy (die muter) heis Ims
2101 1585 2197 1666 sseir
2133 1620 2730 1696 dernach als er gan wallis wolt
2082 1659 2722 1745 hiesse duncter Inn der dochter
2164 1700 2676 1787 vber zeholffn, das Er thun
2105 1743 2710 1819 vnd Iro die Kleider vff einem
2095 1780 2714 1878 ross vberhen ffergset, do seiten
2101 1840 2700 1902 Sy beide, die dochter das zter
2107 1862 2734 1966 bringen, das sy vnder dem pur
2113 1934 2319 2025 teltrige,
2167 1959 2751 2073 des ronwe brunn fressichs¬
2121 2033 2725 2109 halb, ist er nit anred das
2128 2071 2644 2158 er jenen darby ssin ✳ als er
2131 2113 2655 2194 gnon-een noch blsse worde
2106 2148 2710 2242 Aber sin stieffdochter, vnd farm¬
2138 2204 2683 2283 na dochter habent inn gricht
2126 2252 2668 2324 vnd ein Salat drus germacht
2129 2254 2726 2377 michel oberstag sye olch dar
2128 2351 2266 2447 by 9s
2155 2370 2738 2486 der tränckern halb heig es
2305 2435 2750 2536 als in dem sun
2100 2474 2310 2554 die gstalt
2104 2507 2729 2605 mer die gestilenn by Inen
2105 2541 2766 2656 grichsnet ✳ hab alsz farnis
2123 2614 2699 2700 sine wyb für die eestilen
2119 2648 2700 2753 eintranck gmacht, oder
