<?xml version="1.0" encoding="UTF-8" standalone="yes"?>
<PcGts xmlns="http://schema.primaresearch.org/PAGE/gts/pagecontent/2013-07-15" xmlns:xsi="http://www.w3.org/2001/XMLSchema-instance" xsi:schemaLocation="http://schema.primaresearch.org/PAGE/gts/pagecontent/2013-07-15 http://schema.primaresearch.org/PAGE/gts/pagecontent/2013-07-15/pagecontent.xsd">
    <Metadata>
        <Creator>prov=University of Rostock/Institute of Mathematics/CITlab|PLANET AI GmbH/Gundram Leifert/gundram.leifert@planet-ai.de:name=German_Kurrent_XVI-XVIII_M1(htr_id=19584)::::v=2.6.7
prov=University of Rostock/Institute of Mathematics/CITlab|PLANET AI GmbH/Tobias Gruening/tobias.gruening@planet-ai.de:name=de.uros.citlab.module.baseline2polygon.B2PSeamMultiOriented:v=2.6.7
prov=READ-COOP:name=PyLaia@TranskribusPlatform:version=0.5.8:model_id=38044:lm=none:date=08_11_2021_09:26
prov=READ-Coop:name=PyLaia@Transkribus:version=0.5.8:model_id=38044:lm=none:date=08_11_2021_09:26
prov=University of Rostock/Institute of Mathematics/CITlab|PLANET AI GmbH/Tobias Gruening/tobias.gruening@planet-ai.de:name=de.uros.citlab.module.baseline2polygon.B2PSeamMultiOriented:v=2.6.7</Creator>
        <Created>2021-08-09T15:46:11.024+02:00</Created>
        <LastChange>2022-09-09T17:19:11.782+02:00</LastChange>
        <TranskribusMetadata docId="1334763" pageId="52352366" pageNr="25" tsid="114633893" status="IN_PROGRESS" userId="9570" imgUrl="https://files.transkribus.eu/Get?id=XOPVJHSNSQQOXFGJWWABSOVN&amp;fileType=view" xmlUrl="https://files.transkribus.eu/Get?id=NGIIXHJVTAPBJDKEYYYKATYO" imageId="22024872"/>
    </Metadata>
    <Page imageFilename="Foto 23.07.21, 9 17 08 AM.jpg" imageWidth="4032" imageHeight="3024">
        <ReadingOrder>
            <OrderedGroup id="ro_1687514135218" caption="Regions reading order">
                <RegionRefIndexed index="0" regionRef="r1"/>
                <RegionRefIndexed index="1" regionRef="r2"/>
            </OrderedGroup>
        </ReadingOrder>
        <TextRegion orientation="0.0" id="r1" custom="readingOrder {index:0;}">
            <Coords points="1322,480 1322,2474 2018,2474 2018,480"/>
            <TextLine id="r1l1" custom="readingOrder {index:0;}">
                <Coords points="1313,514 1427,533 1490,506 1527,544 1614,511 1711,539 1825,525 1954,570 1978,559 1983,473 1896,446 1810,476 1682,440 1656,459 1609,435 1550,455 1499,431 1406,458 1363,422 1317,437"/>
                <Baseline points="1322,504 1354,504 1386,506 1419,506 1451,507 1484,507 1516,508 1548,509 1581,510 1613,512 1646,513 1678,514 1710,515 1743,518 1775,519 1808,523 1840,526 1872,530 1905,533 1937,537 1970,543"/>
                <TextEquiv>
                    <Unicode>prediget heige vs sig ind grnd ße</Unicode>
                </TextEquiv>
            </TextLine>
            <TextLine id="r1l2" custom="readingOrder {index:1;}">
                <Coords points="1323,561 1375,556 1443,588 1627,578 1677,600 1719,574 1806,571 1924,611 1940,558 1875,560 1812,524 1710,541 1613,509 1534,535 1496,505 1425,533 1325,508"/>
                <Baseline points="1332,554 1361,556 1391,557 1421,558 1451,559 1481,560 1511,561 1540,562 1570,563 1600,564 1630,565 1660,566 1690,567 1720,570 1749,571 1779,573 1809,576 1839,579 1869,582 1899,585 1929,588"/>
                <TextEquiv>
                    <Unicode>lüt inderpredig gsn namlich</Unicode>
                </TextEquiv>
            </TextLine>
            <TextLine id="r1l3" custom="readingOrder {index:2;}">
                <Coords points="1327,616 1433,656 1481,620 1534,645 1566,617 1756,625 1780,644 1848,622 1943,672 1975,669 1978,605 1931,619 1862,581 1723,573 1678,599 1510,571 1434,588 1329,557"/>
                <Baseline points="1335,611 1366,611 1398,612 1429,612 1461,612 1493,612 1524,613 1556,614 1588,614 1619,615 1651,615 1683,617 1714,619 1746,620 1778,623 1809,626 1841,629 1873,632 1904,636 1936,641 1968,647"/>
                <TextEquiv>
                    <Unicode>anderthalben man vnnd Ein Ross</Unicode>
                </TextEquiv>
            </TextLine>
            <TextLine id="r1l4" custom="readingOrder {index:3;}">
                <Coords points="1316,686 1433,710 1570,665 1687,698 1742,671 1781,703 1823,690 1927,727 1957,706 1997,731 2000,652 1944,673 1852,623 1765,652 1717,625 1593,637 1561,618 1531,645 1478,622 1423,654 1369,616 1318,623"/>
                <Baseline points="1326,674 1359,673 1392,672 1425,671 1458,671 1491,669 1524,669 1558,669 1591,669 1624,671 1657,671 1690,672 1723,674 1756,676 1790,678 1823,681 1856,684 1889,688 1922,692 1955,696 1989,701"/>
                <TextEquiv>
                    <Unicode>koff ✳ unnd wir er usz der prod</Unicode>
                </TextEquiv>
            </TextLine>
            <TextLine id="r1l5" custom="readingOrder {index:4;}">
                <Coords points="1323,747 1358,761 1404,728 1437,751 1516,729 1574,760 1645,725 1705,728 1744,765 1853,737 1918,781 2003,774 2004,738 1968,713 1854,718 1825,691 1750,713 1593,677 1518,681 1491,705 1325,695"/>
                <Baseline points="1332,729 1365,728 1398,726 1431,725 1464,725 1497,725 1530,723 1563,723 1596,725 1629,725 1663,726 1696,728 1729,729 1762,731 1795,734 1828,736 1861,740 1894,743 1927,747 1960,752 1994,758"/>
                <TextEquiv>
                    <Unicode>kfommen Frige vr zn Eeinem gesprochen</Unicode>
                </TextEquiv>
            </TextLine>
            <TextLine id="r1l6" custom="readingOrder {index:5;}">
                <Coords points="1322,800 1396,781 1456,805 1533,779 1612,815 1720,782 1865,831 1919,802 1960,844 1980,837 1983,764 1930,787 1864,780 1834,759 1742,761 1704,727 1557,762 1479,732 1437,754 1324,749"/>
                <Baseline points="1332,783 1364,782 1396,782 1428,780 1460,780 1492,780 1524,780 1556,780 1588,780 1620,781 1652,782 1684,783 1716,785 1748,786 1780,789 1812,792 1844,795 1876,798 1908,802 1940,806 1973,812"/>
                <TextEquiv>
                    <Unicode>das ist erlogenn dann kein rosse</Unicode>
                </TextEquiv>
            </TextLine>
            <TextLine id="r1l7" custom="readingOrder {index:6;}">
                <Coords points="1333,855 1549,844 1702,895 1792,847 1888,881 1993,874 1993,845 1908,810 1866,832 1717,794 1587,812 1543,779 1473,813 1399,783 1336,792"/>
                <Baseline points="1343,843 1375,842 1407,842 1439,842 1471,842 1503,842 1535,842 1567,843 1599,843 1631,844 1663,845 1695,846 1727,847 1759,848 1791,850 1823,853 1855,854 1887,857 1919,860 1951,863 1983,866"/>
                <TextEquiv>
                    <Unicode>Koff vnnd kein halben man sye an</Unicode>
                </TextEquiv>
            </TextLine>
            <TextLine id="r1l8" custom="readingOrder {index:7;}">
                <Coords points="1322,918 1358,909 1401,941 1459,909 1572,931 1639,901 1978,941 1979,876 1898,889 1778,851 1681,868 1642,849 1531,878 1458,837 1400,872 1323,857"/>
                <Baseline points="1332,906 1363,906 1395,905 1427,905 1459,903 1491,903 1523,903 1555,903 1587,903 1619,903 1651,903 1682,904 1714,905 1746,906 1778,907 1810,908 1842,909 1874,911 1906,913 1938,915 1970,918"/>
                <TextEquiv>
                    <Unicode>derpredig gsin Sunders mer</Unicode>
                </TextEquiv>
            </TextLine>
            <TextLine id="r1l9" custom="readingOrder {index:8;}">
                <Coords points="1334,975 1357,965 1372,976 1392,972 1421,945 1478,985 1491,974 1523,975 1547,952 1629,960 1627,916 1605,911 1574,932 1532,917 1506,934 1472,908 1444,905 1407,930 1385,930 1357,910 1332,912"/>
                <Baseline points="1343,963 1368,960 1393,957 1418,954 1443,954 1468,953 1493,953 1518,953 1543,953 1568,953 1593,952 1619,950"/>
                <TextEquiv>
                    <Unicode>Dann hwon man</Unicode>
                </TextEquiv>
            </TextLine>
            <TextLine id="r1l10" custom="readingOrder {index:9;}">
                <Coords points="1362,1105 1554,1108 1614,1083 1698,1115 1794,1082 1928,1112 1995,1086 1996,1025 1958,1009 1859,1056 1739,1026 1657,1055 1363,1053"/>
                <Baseline points="1371,1077 1401,1076 1432,1076 1463,1074 1494,1074 1524,1074 1555,1074 1586,1073 1617,1073 1647,1073 1678,1074 1709,1074 1740,1075 1770,1076 1801,1077 1832,1077 1863,1079 1893,1080 1924,1082 1955,1083 1986,1086"/>
                <TextEquiv>
                    <Unicode>wene aber anzeigtt er sige</Unicode>
                </TextEquiv>
            </TextLine>
            <TextLine id="r1l11" custom="readingOrder {index:10;}">
                <Coords points="1337,1146 1546,1137 1582,1166 1714,1130 1833,1133 1941,1169 1995,1157 1995,1086 1927,1113 1803,1083 1718,1106 1686,1074 1549,1108 1337,1108"/>
                <Baseline points="1347,1134 1380,1134 1414,1133 1447,1133 1481,1131 1515,1131 1548,1130 1582,1130 1616,1128 1649,1128 1683,1128 1716,1128 1750,1128 1784,1128 1817,1129 1851,1130 1885,1131 1918,1133 1952,1135 1986,1139"/>
                <TextEquiv>
                    <Unicode>abermalen in uwer miner g herr</Unicode>
                </TextEquiv>
            </TextLine>
            <TextLine id="r1l12" custom="readingOrder {index:11;}">
                <Coords points="1352,1207 1386,1215 1452,1185 1521,1213 1654,1213 1822,1183 1934,1210 1955,1188 1997,1194 1997,1156 1774,1144 1720,1168 1628,1141 1581,1166 1481,1132 1431,1156 1396,1138 1351,1154"/>
                <Baseline points="1361,1188 1392,1188 1423,1187 1455,1186 1486,1185 1517,1185 1549,1185 1580,1185 1611,1185 1643,1185 1674,1185 1705,1185 1737,1185 1768,1185 1799,1185 1831,1185 1862,1185 1893,1185 1925,1185 1956,1185 1988,1184"/>
                <TextEquiv>
                    <Unicode>gfencknuß glegenn von wagenn</Unicode>
                </TextEquiv>
            </TextLine>
            <TextLine id="r1l13" custom="readingOrder {index:12;} place {offset:18; length:7;}">
                <Coords points="1334,1255 1424,1240 1525,1267 1604,1245 1642,1272 1667,1252 1868,1275 1950,1239 2004,1262 2004,1199 1954,1189 1925,1210 1819,1185 1753,1214 1710,1191 1650,1215 1526,1215 1436,1186 1334,1212"/>
                <Baseline points="1343,1241 1375,1241 1408,1239 1440,1239 1473,1239 1506,1238 1538,1238 1571,1238 1603,1238 1636,1238 1669,1238 1701,1238 1734,1238 1766,1238 1799,1238 1832,1238 1864,1238 1897,1238 1929,1238 1962,1239 1995,1239"/>
                <TextEquiv>
                    <Unicode>das der Amman von biglors by</Unicode>
                </TextEquiv>
            </TextLine>
            <TextLine id="r1l14" custom="readingOrder {index:13;}">
                <Coords points="1340,1316 1425,1286 1536,1326 1588,1293 1639,1324 1685,1306 1748,1332 1791,1298 1998,1307 1998,1258 1968,1238 1867,1275 1776,1255 1641,1271 1463,1245 1386,1273 1341,1255"/>
                <Baseline points="1350,1287 1383,1289 1417,1289 1450,1289 1484,1289 1518,1289 1551,1290 1585,1290 1619,1290 1652,1291 1686,1292 1719,1292 1753,1292 1787,1292 1820,1293 1854,1293 1888,1293 1921,1293 1955,1292 1989,1292"/>
                <TextEquiv>
                    <Unicode>im gsprochenn ✳ min herrn werde</Unicode>
                </TextEquiv>
            </TextLine>
            <TextLine id="r1l15" custom="readingOrder {index:14;}">
                <Coords points="1347,1363 1384,1375 1440,1345 1485,1374 1622,1359 1648,1375 1677,1347 1733,1375 1794,1354 1997,1367 1998,1306 1901,1326 1792,1297 1748,1332 1662,1305 1638,1323 1587,1293 1536,1327 1468,1318 1425,1285 1347,1311"/>
                <Baseline points="1355,1344 1386,1343 1418,1343 1450,1343 1481,1343 1513,1344 1545,1344 1576,1346 1608,1346 1640,1347 1672,1349 1703,1349 1735,1350 1767,1350 1798,1352 1830,1352 1862,1352 1893,1352 1925,1350 1957,1350 1989,1349"/>
                <TextEquiv>
                    <Unicode>balld inn krieg müss ob er on</Unicode>
                </TextEquiv>
            </TextLine>
            <TextLine id="r1l16" custom="readingOrder {index:15;}">
                <Coords points="1357,1401 1418,1391 1460,1428 1527,1435 1708,1425 1745,1401 1823,1435 1872,1410 1969,1428 1996,1422 1997,1368 1794,1353 1733,1374 1677,1348 1646,1378 1576,1384 1440,1345 1357,1369"/>
                <Baseline points="1365,1397 1396,1397 1427,1398 1458,1398 1489,1398 1520,1399 1551,1400 1583,1401 1614,1401 1645,1403 1676,1404 1707,1404 1738,1406 1769,1406 1801,1406 1832,1407 1863,1407 1894,1407 1925,1406 1956,1405 1988,1404"/>
                <TextEquiv>
                    <Unicode>it darin wolle daruff geantwur</Unicode>
                </TextEquiv>
            </TextLine>
            <TextLine id="r1l17" custom="readingOrder {index:16;}">
                <Coords points="1342,1459 1391,1451 1492,1487 1639,1459 1716,1459 1791,1492 2016,1476 2017,1433 1904,1411 1823,1436 1747,1401 1715,1427 1343,1433"/>
                <Baseline points="1352,1452 1384,1452 1417,1451 1450,1451 1483,1452 1515,1452 1548,1454 1581,1454 1614,1455 1646,1457 1679,1458 1712,1460 1745,1461 1777,1463 1810,1464 1843,1466 1876,1466 1908,1467 1941,1467 1974,1467 2007,1467"/>
                <TextEquiv>
                    <Unicode>er heige mitt im Krigghschaff</Unicode>
                </TextEquiv>
            </TextLine>
            <TextLine id="r1l18" custom="readingOrder {index:17;} place {offset:22; length:4;}">
                <Coords points="1351,1542 1438,1508 1471,1541 1822,1511 2003,1543 2004,1495 1938,1472 1720,1492 1645,1456 1460,1485 1406,1455 1352,1460"/>
                <Baseline points="1361,1511 1392,1509 1424,1508 1455,1508 1487,1508 1519,1508 1550,1508 1582,1508 1614,1509 1645,1509 1677,1511 1709,1512 1740,1512 1772,1514 1804,1515 1835,1515 1867,1516 1899,1517 1930,1517 1962,1517 1994,1517"/>
                <TextEquiv>
                    <Unicode>So hatt der Amman von Bige</Unicode>
                </TextEquiv>
            </TextLine>
            <TextLine id="r1l19" custom="readingOrder {index:18;}">
                <Coords points="1381,1586 1547,1573 1573,1594 1610,1573 1674,1594 1705,1568 1792,1569 1855,1598 1910,1575 1945,1592 2020,1578 2020,1555 1976,1537 1821,1510 1695,1542 1383,1521"/>
                <Baseline points="1391,1551 1423,1553 1456,1554 1488,1556 1521,1557 1553,1558 1586,1560 1619,1560 1651,1562 1684,1563 1716,1563 1749,1565 1781,1565 1814,1566 1847,1568 1879,1569 1912,1569 1944,1571 1977,1572 2010,1574"/>
                <TextEquiv>
                    <Unicode>zu im gstit nin herrn fringen</Unicode>
                </TextEquiv>
            </TextLine>
            <TextLine id="r1l20" custom="readingOrder {index:19;}">
                <Coords points="1352,1630 1778,1620 1809,1648 1852,1615 1919,1643 2004,1623 2006,1573 1858,1598 1792,1569 1704,1568 1674,1592 1353,1579"/>
                <Baseline points="1361,1608 1392,1607 1424,1607 1456,1608 1487,1608 1519,1608 1551,1610 1582,1610 1614,1611 1646,1613 1678,1613 1709,1614 1741,1616 1773,1616 1804,1618 1836,1619 1868,1620 1899,1620 1931,1622 1963,1623 1995,1623"/>
                <TextEquiv>
                    <Unicode>sich woll darinn daruff noch vire</Unicode>
                </TextEquiv>
            </TextLine>
            <TextLine id="r1l21" custom="readingOrder {index:20;}">
                <Coords points="1349,1690 1406,1661 1727,1698 1861,1672 1913,1713 2005,1700 2007,1653 1890,1644 1852,1616 1809,1648 1760,1620 1736,1640 1682,1622 1351,1629"/>
                <Baseline points="1359,1658 1390,1658 1422,1659 1454,1659 1486,1661 1518,1662 1550,1664 1582,1665 1614,1667 1646,1668 1678,1670 1709,1671 1741,1673 1773,1674 1805,1674 1837,1676 1869,1676 1901,1676 1933,1676 1965,1676 1997,1674"/>
                <TextEquiv>
                    <Unicode>geantwurtt eeschisse einen herren</Unicode>
                </TextEquiv>
            </TextLine>
            <TextLine id="r1l22" custom="readingOrder {index:21;}">
                <Coords points="1352,1739 1520,1723 1571,1753 1601,1730 1701,1724 1730,1744 2018,1724 2016,1704 1903,1705 1863,1674 1733,1698 1625,1691 1604,1669 1558,1692 1514,1663 1381,1669 1355,1651"/>
                <Baseline points="1362,1712 1394,1712 1426,1712 1459,1712 1491,1713 1523,1713 1556,1715 1588,1716 1620,1716 1653,1718 1685,1719 1717,1721 1750,1722 1782,1722 1814,1724 1847,1724 1879,1724 1911,1724 1944,1724 1976,1724 2009,1722"/>
                <TextEquiv>
                    <Unicode>in zrudloch unnd uff das der amm</Unicode>
                </TextEquiv>
            </TextLine>
            <TextLine id="r1l23" custom="readingOrder {index:22;} place {offset:4; length:7;}">
                <Coords points="1364,1783 1502,1797 1542,1774 1635,1803 1741,1777 1798,1812 1846,1782 2015,1784 2016,1725 1816,1726 1715,1753 1640,1730 1579,1746 1556,1723 1365,1740"/>
                <Baseline points="1373,1769 1404,1767 1436,1767 1467,1766 1499,1766 1531,1767 1562,1767 1594,1769 1626,1770 1657,1772 1689,1773 1721,1773 1752,1775 1784,1776 1816,1777 1847,1778 1879,1778 1911,1776 1942,1776 1974,1775 2006,1772"/>
                <TextEquiv>
                    <Unicode>von Bihlorn uch min horren fu</Unicode>
                </TextEquiv>
            </TextLine>
            <TextLine id="r1l24" custom="readingOrder {index:23;}">
                <Coords points="1358,1840 1414,1825 1485,1856 1518,1828 1627,1852 1727,1831 1796,1868 1878,1831 1985,1837 1987,1782 1847,1781 1801,1810 1736,1776 1634,1803 1545,1782 1523,1798 1359,1788"/>
                <Baseline points="1368,1814 1398,1815 1428,1817 1459,1818 1489,1819 1520,1821 1550,1823 1581,1824 1611,1826 1642,1827 1672,1829 1702,1830 1733,1830 1763,1832 1794,1832 1824,1832 1855,1832 1885,1832 1916,1832 1946,1830 1977,1829"/>
                <TextEquiv>
                    <Unicode>bracht er hätte gsprochen er täte</Unicode>
                </TextEquiv>
            </TextLine>
            <TextLine id="r1l25" custom="readingOrder {index:24;}">
                <Coords points="1359,1874 1459,1905 1698,1881 1769,1912 1833,1886 1870,1916 1929,1921 2004,1888 2005,1834 1877,1831 1801,1866 1723,1830 1634,1851 1566,1828 1483,1855 1414,1827 1359,1840"/>
                <Baseline points="1367,1866 1398,1868 1429,1869 1461,1871 1492,1872 1524,1874 1555,1875 1586,1877 1618,1878 1649,1880 1681,1881 1712,1881 1743,1883 1775,1883 1806,1883 1838,1883 1869,1882 1900,1881 1932,1880 1963,1877 1995,1874"/>
                <TextEquiv>
                    <Unicode>mikten herrn vff duesen das sie</Unicode>
                </TextEquiv>
            </TextLine>
            <TextLine id="r1l26" custom="readingOrder {index:25;}">
                <Coords points="1358,1943 1428,1956 1461,1933 1560,1932 1593,1963 1644,1941 1734,1956 1770,1935 1907,1935 1974,1968 2005,1952 2007,1886 1880,1917 1832,1887 1767,1910 1683,1881 1501,1904 1360,1877"/>
                <Baseline points="1368,1922 1399,1922 1430,1922 1462,1923 1493,1924 1525,1925 1556,1926 1588,1928 1619,1929 1651,1931 1682,1932 1713,1934 1745,1934 1776,1935 1808,1935 1839,1935 1871,1935 1902,1935 1934,1935 1965,1934 1997,1932"/>
                <TextEquiv>
                    <Unicode>doch nitt erfund sige er darumb</Unicode>
                </TextEquiv>
            </TextLine>
            <TextLine id="r1l27" custom="readingOrder {index:26;}">
                <Coords points="1353,1975 1429,2009 1488,1982 1625,2011 1677,1986 1805,2019 1880,1991 2011,2022 2013,1973 1925,1937 1877,1966 1840,1937 1597,1960 1548,1932 1430,1955 1355,1935"/>
                <Baseline points="1362,1965 1394,1968 1426,1970 1458,1973 1490,1974 1522,1976 1554,1978 1586,1980 1618,1982 1650,1983 1682,1985 1714,1986 1746,1988 1778,1989 1810,1989 1842,1990 1874,1991 1906,1991 1938,1991 1970,1991 2003,1991"/>
                <TextEquiv>
                    <Unicode>am halßysen gstandenn unnd ii</Unicode>
                </TextEquiv>
            </TextLine>
            <TextLine id="r1l28" custom="readingOrder {index:27;}">
                <Coords points="1346,2041 1437,2057 1503,2027 1612,2073 1797,2079 1827,2062 1976,2072 2007,2061 2008,2036 1943,2029 1900,1993 1747,2025 1691,1988 1624,2011 1497,1982 1459,2006 1348,1983"/>
                <Baseline points="1356,2025 1388,2027 1420,2028 1452,2030 1484,2031 1516,2033 1548,2034 1580,2036 1612,2036 1644,2039 1677,2040 1709,2041 1741,2042 1773,2043 1805,2045 1837,2046 1869,2047 1901,2048 1933,2049 1965,2051 1998,2052"/>
                <TextEquiv>
                    <Unicode>der eyd nitt gebenn wordenn</Unicode>
                </TextEquiv>
            </TextLine>
            <TextLine id="r1l29" custom="readingOrder {index:28;}">
                <Coords points="1361,2208 1484,2188 1567,2224 1724,2195 1887,2216 2015,2191 2016,2126 1890,2133 1801,2110 1729,2140 1646,2124 1615,2147 1581,2129 1538,2160 1461,2161 1399,2103 1363,2108"/>
                <Baseline points="1371,2186 1402,2183 1434,2181 1466,2180 1498,2180 1529,2180 1561,2181 1593,2181 1625,2183 1656,2184 1688,2185 1720,2187 1752,2187 1783,2189 1815,2190 1847,2190 1879,2190 1910,2189 1942,2187 1974,2186 2006,2183"/>
                <TextEquiv>
                    <Unicode>Donne Jnn wytter gfragtt</Unicode>
                </TextEquiv>
            </TextLine>
            <TextLine id="r1l30" custom="readingOrder {index:29;}">
                <Coords points="1374,2234 1430,2262 1480,2237 1850,2274 2021,2243 2022,2210 1960,2189 1920,2215 1768,2218 1723,2196 1612,2218 1478,2187 1430,2214 1375,2211"/>
                <Baseline points="1382,2235 1413,2232 1445,2231 1476,2231 1508,2231 1539,2232 1571,2234 1602,2237 1634,2239 1665,2242 1697,2246 1728,2247 1760,2250 1791,2252 1823,2254 1854,2255 1886,2255 1917,2255 1949,2253 1980,2250 2012,2246"/>
                <TextEquiv>
                    <Unicode>vr sunst meinen gfangen syge gsin</Unicode>
                </TextEquiv>
            </TextLine>
            <TextLine id="r1l31" custom="readingOrder {index:30;}">
                <Coords points="1362,2299 1698,2295 1869,2332 1939,2305 1994,2327 2017,2325 2020,2269 1974,2255 1888,2285 1863,2265 1667,2269 1647,2248 1606,2269 1491,2233 1407,2260 1365,2229"/>
                <Baseline points="1371,2286 1402,2285 1434,2283 1466,2283 1498,2283 1530,2283 1562,2285 1594,2287 1626,2288 1658,2291 1690,2293 1721,2295 1753,2297 1785,2300 1817,2301 1849,2304 1881,2305 1913,2306 1945,2307 1977,2307 2009,2307"/>
                <TextEquiv>
                    <Unicode>daruff geantwurtt Ja er sige zu</Unicode>
                </TextEquiv>
            </TextLine>
            <TextLine id="r1l32" custom="readingOrder {index:31;} place {offset:0; length:7;} place {offset:11; length:14;}">
                <Coords points="1364,2339 1526,2376 1600,2348 1648,2347 1676,2377 1716,2350 1954,2381 2027,2364 2028,2336 1941,2306 1876,2332 1762,2305 1702,2321 1635,2292 1520,2321 1494,2299 1366,2307"/>
                <Baseline points="1373,2337 1405,2336 1437,2337 1469,2337 1502,2337 1534,2339 1566,2340 1598,2341 1631,2343 1663,2344 1695,2346 1727,2348 1760,2350 1792,2351 1824,2353 1856,2355 1889,2357 1921,2358 1953,2360 1985,2361 2018,2363"/>
                <TextEquiv>
                    <Unicode>wittenn im Luerener biett durh</Unicode>
                </TextEquiv>
            </TextLine>
            <TextLine id="r1l33" custom="readingOrder {index:32;}">
                <Coords points="1363,2407 1447,2387 1579,2415 1614,2396 1685,2417 1720,2402 1762,2431 1921,2411 1943,2430 1979,2426 1982,2372 1927,2382 1881,2364 1845,2381 1769,2350 1695,2380 1648,2347 1460,2368 1366,2339"/>
                <Baseline points="1374,2385 1403,2387 1433,2387 1463,2388 1493,2388 1523,2390 1553,2391 1582,2392 1612,2394 1642,2395 1672,2396 1702,2399 1732,2399 1762,2401 1791,2402 1821,2403 1851,2405 1881,2406 1911,2406 1941,2408 1971,2408"/>
                <TextEquiv>
                    <Unicode>den amman sanndtweg gfangen</Unicode>
                </TextEquiv>
            </TextLine>
            <TextLine id="r1l34" custom="readingOrder {index:33;}">
                <Coords points="1378,2436 1593,2478 1797,2467 1867,2502 1919,2476 1992,2509 2023,2504 2029,2409 1761,2431 1623,2397 1580,2414 1456,2389 1380,2402"/>
                <Baseline points="1386,2432 1417,2433 1449,2434 1480,2435 1512,2437 1543,2439 1575,2442 1606,2445 1638,2447 1669,2449 1701,2451 1732,2454 1764,2457 1795,2459 1827,2460 1858,2462 1890,2463 1921,2463 1953,2463 1984,2463 2016,2462"/>
                <TextEquiv>
                    <Unicode>wordenn unnd sige im zig gsin er fi</Unicode>
                </TextEquiv>
            </TextLine>
            <TextEquiv>
                <Unicode>prediget heige vs sig ind grnd ße
lüt inderpredig gsn namlich
anderthalben man vnnd Ein Ross
koff ✳ unnd wir er usz der prod
kfommen Frige vr zn Eeinem gesprochen
das ist erlogenn dann kein rosse
Koff vnnd kein halben man sye an
derpredig gsin Sunders mer
Dann hwon man
wene aber anzeigtt er sige
abermalen in uwer miner g herr
gfencknuß glegenn von wagenn
das der Amman von biglors by
im gsprochenn ✳ min herrn werde
balld inn krieg müss ob er on
it darin wolle daruff geantwur
er heige mitt im Krigghschaff
So hatt der Amman von Bige
zu im gstit nin herrn fringen
sich woll darinn daruff noch vire
geantwurtt eeschisse einen herren
in zrudloch unnd uff das der amm
von Bihlorn uch min horren fu
bracht er hätte gsprochen er täte
mikten herrn vff duesen das sie
doch nitt erfund sige er darumb
am halßysen gstandenn unnd ii
der eyd nitt gebenn wordenn
Donne Jnn wytter gfragtt
vr sunst meinen gfangen syge gsin
daruff geantwurtt Ja er sige zu
wittenn im Luerener biett durh
den amman sanndtweg gfangen
wordenn unnd sige im zig gsin er fi</Unicode>
            </TextEquiv>
        </TextRegion>
        <TextRegion orientation="0.0" id="r2" custom="readingOrder {index:1;}">
            <Coords points="2031,452 2031,2330 2805,2330 2805,452"/>
            <TextLine id="r2l1" custom="readingOrder {index:0;}">
                <Coords points="2022,538 2111,523 2174,552 2307,512 2348,535 2470,494 2505,520 2606,494 2680,514 2787,478 2783,410 2619,408 2544,453 2407,421 2196,491 2079,439 2018,476"/>
                <Baseline points="2031,534 2068,528 2105,522 2143,517 2180,513 2217,510 2255,507 2292,504 2329,501 2367,500 2404,497 2441,495 2479,494 2516,492 2553,491 2591,488 2628,486 2665,484 2703,482 2740,479 2778,476"/>
                <TextEquiv>
                    <Unicode>EEin garn ein juntteli unnd fin</Unicode>
                </TextEquiv>
            </TextLine>
            <TextLine id="r2l2" custom="readingOrder {index:1;}">
                <Coords points="2054,613 2091,621 2121,592 2175,613 2212,579 2299,569 2351,589 2410,555 2726,560 2748,549 2745,501 2713,485 2638,522 2527,500 2505,519 2470,493 2437,524 2386,505 2351,535 2203,533 2177,553 2125,528 2051,575"/>
                <Baseline points="2061,594 2094,588 2128,585 2162,579 2196,575 2230,571 2264,567 2298,563 2332,560 2366,557 2400,555 2433,552 2467,551 2501,549 2535,548 2569,546 2603,544 2637,543 2671,542 2705,542 2739,540"/>
                <TextEquiv>
                    <Unicode>barhosenn entfrombdett unnd da</Unicode>
                </TextEquiv>
            </TextLine>
            <TextLine id="r2l3" custom="readingOrder {index:2;} place {offset:12; length:4;} place {offset:27; length:5;}">
                <Coords points="2061,666 2385,614 2575,626 2672,601 2726,626 2767,593 2815,604 2809,520 2727,560 2683,546 2548,583 2419,555 2358,590 2205,584 2178,610 2120,592 2092,621 2057,614"/>
                <Baseline points="2069,647 2105,640 2142,634 2179,630 2216,625 2253,623 2289,620 2326,618 2363,615 2400,613 2437,611 2473,610 2510,608 2547,606 2584,604 2621,602 2657,600 2694,597 2731,594 2768,590 2805,585"/>
                <TextEquiv>
                    <Unicode>sannenn von wick ✳ bis gan wille somb</Unicode>
                </TextEquiv>
            </TextLine>
            <TextLine id="r2l4" custom="readingOrder {index:3;}">
                <Coords points="2072,730 2220,670 2380,700 2404,675 2558,698 2646,655 2690,678 2785,666 2793,622 2729,629 2671,600 2580,637 2384,615 2068,664"/>
                <Baseline points="2078,692 2113,688 2148,684 2184,681 2219,678 2255,675 2290,673 2325,671 2361,669 2396,667 2432,666 2467,665 2502,663 2538,662 2573,660 2609,659 2644,657 2679,656 2715,654 2750,651 2786,650"/>
                <TextEquiv>
                    <Unicode>gfürtt vnnd allda Vbell gemartett</Unicode>
                </TextEquiv>
            </TextLine>
            <TextLine id="r2l5" custom="readingOrder {index:4;} place {offset:19; length:5;}">
                <Coords points="2061,769 2116,749 2238,770 2347,735 2426,756 2470,716 2665,746 2784,716 2768,656 2554,697 2429,676 2313,704 2267,676 2059,724"/>
                <Baseline points="2070,753 2105,748 2140,743 2175,738 2211,733 2246,730 2281,726 2316,724 2352,721 2387,720 2422,718 2457,717 2493,716 2528,714 2563,714 2598,713 2634,713 2669,711 2704,711 2739,710 2775,710"/>
                <TextEquiv>
                    <Unicode>unnd da dannen gen tuwen gfùrt</Unicode>
                </TextEquiv>
            </TextLine>
            <TextLine id="r2l6" custom="readingOrder {index:5;}">
                <Coords points="2077,814 2242,799 2264,778 2387,819 2552,776 2668,804 2699,776 2801,765 2800,733 2709,721 2673,745 2566,733 2439,756 2332,737 2075,780"/>
                <Baseline points="2085,804 2120,800 2155,796 2191,792 2226,789 2262,786 2297,784 2332,782 2368,780 2403,779 2439,777 2474,776 2509,776 2545,774 2580,773 2616,773 2651,771 2686,770 2722,768 2757,766 2793,764"/>
                <TextEquiv>
                    <Unicode>bermalen ùbell gemartett unnd mitt</Unicode>
                </TextEquiv>
            </TextLine>
            <TextLine id="r2l7" custom="readingOrder {index:6;}">
                <Coords points="2068,884 2143,861 2215,881 2344,856 2443,874 2710,830 2758,861 2784,853 2782,776 2704,810 2576,775 2429,806 2384,778 2066,821"/>
                <Baseline points="2076,855 2110,849 2145,844 2180,840 2215,837 2250,834 2285,833 2320,831 2355,831 2390,830 2425,830 2459,831 2494,831 2529,831 2564,831 2599,831 2634,831 2669,831 2704,830 2739,829 2774,827"/>
                <TextEquiv>
                    <Unicode>hiider im fundenn Demnach</Unicode>
                </TextEquiv>
            </TextLine>
            <TextLine id="r2l8" custom="readingOrder {index:7;}">
                <Coords points="2062,928 2195,930 2298,885 2470,924 2515,888 2690,910 2762,889 2760,832 2621,835 2574,867 2541,848 2429,872 2277,857 2201,881 2164,862 2109,891 2060,878"/>
                <Baseline points="2070,914 2104,909 2138,904 2172,901 2206,898 2240,896 2274,894 2309,892 2343,891 2377,890 2411,890 2445,889 2479,888 2513,888 2548,888 2582,888 2616,887 2650,887 2684,887 2718,885 2753,884"/>
                <TextEquiv>
                    <Unicode>wie fun ein herrenn von Luchen</Unicode>
                </TextEquiv>
            </TextLine>
            <TextLine id="r2l9" custom="readingOrder {index:8;}">
                <Coords points="2072,992 2168,958 2201,980 2427,965 2451,986 2513,953 2625,971 2671,943 2772,952 2769,887 2648,918 2574,894 2544,916 2514,890 2474,924 2295,891 2197,930 2143,915 2070,934"/>
                <Baseline points="2081,972 2115,965 2149,960 2183,957 2217,954 2251,952 2285,950 2319,948 2353,948 2387,948 2421,947 2455,947 2489,947 2523,947 2557,947 2591,947 2625,945 2659,944 2693,942 2727,938 2762,935"/>
                <TextEquiv>
                    <Unicode>uß de gfencknuß glassen hott Ei</Unicode>
                </TextEquiv>
            </TextLine>
            <TextLine id="r2l10" custom="readingOrder {index:9;}">
                <Coords points="2066,1020 2185,1049 2401,1010 2767,1028 2795,1012 2793,946 2694,945 2650,977 2590,952 2350,981 2201,980 2163,958 2065,995"/>
                <Baseline points="2075,1014 2110,1013 2146,1010 2181,1008 2217,1008 2252,1007 2288,1005 2323,1005 2359,1004 2394,1004 2430,1002 2466,1002 2501,1001 2537,1001 2572,999 2608,998 2643,997 2679,995 2714,994 2750,990 2786,987"/>
                <TextEquiv>
                    <Unicode>müssen globenn den kostenn, so in</Unicode>
                </TextEquiv>
            </TextLine>
            <TextLine id="r2l11" custom="readingOrder {index:10;}">
                <Coords points="2061,1086 2162,1089 2186,1066 2248,1099 2312,1063 2385,1081 2413,1057 2498,1092 2589,1061 2620,1089 2681,1057 2774,1060 2773,1022 2629,1030 2593,1009 2561,1030 2514,1009 2179,1041 2059,1021"/>
                <Baseline points="2069,1074 2103,1071 2138,1067 2173,1065 2208,1062 2243,1061 2277,1059 2312,1058 2347,1057 2382,1056 2417,1055 2451,1055 2486,1055 2521,1055 2556,1053 2591,1053 2625,1053 2660,1053 2695,1053 2730,1052 2765,1052"/>
                <TextEquiv>
                    <Unicode>der gfangenschafft uffgangen us</Unicode>
                </TextEquiv>
            </TextLine>
            <TextLine id="r2l12" custom="readingOrder {index:11;}">
                <Coords points="2059,1164 2148,1136 2565,1133 2607,1108 2745,1138 2813,1125 2811,1071 2710,1053 2623,1088 2559,1059 2432,1085 2331,1060 2272,1098 2196,1068 2149,1102 2056,1079"/>
                <Baseline points="2067,1128 2103,1125 2140,1122 2177,1120 2214,1118 2250,1116 2287,1115 2324,1113 2361,1112 2397,1112 2434,1110 2471,1110 2508,1109 2544,1109 2581,1107 2618,1107 2655,1106 2691,1104 2728,1103 2765,1100 2802,1098"/>
                <TextEquiv>
                    <Unicode>zerichttenn ✳ so heige er innen anzeigt</Unicode>
                </TextEquiv>
            </TextLine>
            <TextLine id="r2l13" custom="readingOrder {index:12;}">
                <Coords points="2070,1183 2104,1173 2185,1207 2408,1191 2430,1167 2525,1204 2594,1164 2640,1192 2693,1169 2787,1178 2785,1131 2609,1108 2529,1136 2374,1123 2337,1148 2146,1136 2069,1156"/>
                <Baseline points="2079,1178 2113,1175 2148,1173 2183,1170 2218,1169 2253,1167 2288,1166 2323,1166 2358,1166 2393,1164 2428,1164 2462,1164 2497,1163 2532,1163 2567,1163 2602,1161 2637,1161 2672,1160 2707,1158 2742,1156 2777,1154"/>
                <TextEquiv>
                    <Unicode>er heige in nitt do hannd sy ime</Unicode>
                </TextEquiv>
            </TextLine>
            <TextLine id="r2l14" custom="readingOrder {index:13;}">
                <Coords points="2068,1252 2122,1229 2271,1257 2382,1222 2530,1241 2644,1211 2801,1220 2800,1184 2753,1171 2640,1193 2593,1165 2527,1201 2431,1165 2406,1191 2293,1201 2171,1207 2106,1174 2067,1189"/>
                <Baseline points="2076,1229 2111,1227 2147,1226 2183,1226 2219,1224 2255,1224 2290,1224 2326,1223 2362,1223 2398,1221 2434,1221 2469,1220 2505,1220 2541,1218 2577,1218 2613,1217 2648,1217 2684,1215 2720,1214 2756,1213 2792,1212"/>
                <TextEquiv>
                    <Unicode>Ein hytt gebenn das er den selbenn</Unicode>
                </TextEquiv>
            </TextLine>
            <TextLine id="r2l15" custom="readingOrder {index:14;}">
                <Coords points="2073,1324 2221,1282 2297,1305 2360,1277 2578,1293 2615,1275 2705,1304 2802,1269 2801,1235 2772,1221 2653,1211 2524,1242 2317,1229 2210,1259 2101,1235 2071,1256"/>
                <Baseline points="2082,1287 2117,1286 2153,1283 2188,1281 2224,1281 2259,1280 2295,1278 2330,1278 2366,1277 2401,1277 2437,1275 2472,1275 2508,1275 2543,1274 2579,1274 2614,1272 2650,1271 2685,1269 2721,1268 2756,1266 2792,1265"/>
                <TextEquiv>
                    <Unicode>kostenn uszrichttenn soltt ✳ in dem</Unicode>
                </TextEquiv>
            </TextLine>
            <TextLine id="r2l16" custom="readingOrder {index:15;}">
                <Coords points="2091,1360 2116,1369 2162,1333 2247,1333 2279,1356 2428,1327 2470,1353 2548,1322 2604,1346 2705,1320 2786,1340 2784,1282 2683,1303 2486,1272 2433,1302 2362,1275 2303,1307 2224,1280 2145,1316 2089,1294"/>
                <Baseline points="2099,1338 2132,1337 2166,1335 2200,1334 2234,1333 2268,1332 2302,1331 2336,1331 2370,1329 2404,1329 2438,1329 2471,1328 2505,1328 2539,1328 2573,1326 2607,1326 2641,1325 2675,1323 2709,1322 2743,1320 2777,1317"/>
                <TextEquiv>
                    <Unicode>ige er harkhon fùr uch min g</Unicode>
                </TextEquiv>
            </TextLine>
            <TextLine id="r2l17" custom="readingOrder {index:16;}">
                <Coords points="2079,1414 2147,1418 2195,1388 2334,1413 2377,1385 2759,1386 2758,1316 2611,1349 2370,1333 2279,1356 2160,1333 2078,1365"/>
                <Baseline points="2088,1389 2121,1388 2154,1388 2187,1386 2220,1385 2253,1385 2286,1384 2320,1383 2353,1383 2386,1382 2419,1382 2452,1381 2485,1380 2518,1380 2552,1380 2585,1380 2618,1379 2651,1379 2684,1377 2717,1377 2751,1377"/>
                <TextEquiv>
                    <Unicode>heirenn unnd ych lottenn umb</Unicode>
                </TextEquiv>
            </TextLine>
            <TextLine id="r2l18" custom="readingOrder {index:17;}">
                <Coords points="2082,1458 2122,1468 2166,1437 2251,1472 2468,1437 2526,1470 2678,1430 2793,1441 2809,1394 2708,1377 2631,1407 2377,1384 2333,1411 2194,1388 2146,1420 2081,1411"/>
                <Baseline points="2091,1440 2126,1439 2162,1438 2197,1437 2233,1436 2268,1436 2304,1435 2339,1434 2375,1434 2410,1434 2446,1434 2481,1433 2517,1433 2552,1433 2588,1433 2623,1431 2659,1431 2694,1431 2730,1430 2765,1428 2801,1427"/>
                <TextEquiv>
                    <Unicode>vin fùrgschrifftt das sy imegrichtt</Unicode>
                </TextEquiv>
            </TextLine>
            <TextLine id="r2l19" custom="readingOrder {index:18;}">
                <Coords points="2077,1504 2146,1495 2190,1521 2344,1479 2414,1502 2495,1487 2557,1514 2613,1482 2671,1500 2736,1484 2734,1432 2532,1463 2467,1436 2345,1463 2248,1467 2163,1437 2115,1471 2075,1461"/>
                <Baseline points="2085,1493 2117,1492 2149,1491 2181,1490 2213,1489 2245,1488 2277,1487 2309,1487 2341,1485 2373,1485 2405,1484 2437,1484 2469,1482 2501,1482 2533,1481 2565,1480 2597,1479 2629,1478 2661,1477 2693,1475 2726,1473"/>
                <TextEquiv>
                    <Unicode>unnd rechtt liessenn gan so</Unicode>
                </TextEquiv>
            </TextLine>
            <TextLine id="r2l20" custom="readingOrder {index:19;}">
                <Coords points="2076,1583 2120,1555 2162,1576 2381,1544 2433,1566 2519,1545 2796,1566 2799,1501 2689,1487 2655,1509 2613,1483 2544,1512 2464,1486 2192,1521 2146,1495 2074,1504"/>
                <Baseline points="2085,1545 2120,1544 2155,1543 2190,1542 2226,1541 2261,1541 2296,1541 2331,1539 2367,1539 2402,1539 2437,1539 2472,1538 2508,1538 2543,1538 2578,1536 2613,1535 2649,1534 2684,1533 2719,1530 2754,1528 2790,1524"/>
                <TextEquiv>
                    <Unicode>heige sy ime den secher fürgschlage</Unicode>
                </TextEquiv>
            </TextLine>
            <TextLine id="r2l21" custom="readingOrder {index:20;}">
                <Coords points="2078,1595 2150,1625 2189,1597 2351,1618 2538,1589 2752,1605 2751,1548 2433,1567 2381,1544 2162,1576 2120,1555 2078,1579"/>
                <Baseline points="2087,1595 2119,1593 2152,1592 2185,1592 2218,1590 2250,1590 2283,1589 2316,1589 2349,1589 2381,1589 2414,1589 2447,1589 2480,1589 2512,1589 2545,1589 2578,1589 2611,1589 2643,1589 2676,1587 2709,1586 2742,1586"/>
                <TextEquiv>
                    <Unicode>anzelangenn so inne verklagtt</Unicode>
                </TextEquiv>
            </TextLine>
            <TextLine id="r2l22" custom="readingOrder {index:21;}">
                <Coords points="2140,1657 2237,1645 2359,1668 2402,1640 2490,1665 2623,1642 2801,1654 2801,1587 2731,1613 2648,1613 2612,1587 2465,1620 2423,1597 2352,1619 2233,1599 2140,1619"/>
                <Baseline points="2148,1646 2180,1644 2212,1643 2244,1641 2276,1641 2309,1640 2341,1640 2373,1640 2405,1640 2437,1641 2470,1641 2502,1641 2534,1641 2566,1641 2598,1641 2631,1641 2663,1640 2695,1640 2727,1638 2759,1637 2792,1634"/>
                <TextEquiv>
                    <Unicode>er heige im musseden kosten</Unicode>
                </TextEquiv>
            </TextLine>
            <TextLine id="r2l23" custom="readingOrder {index:22;}">
                <Coords points="2066,1715 2197,1694 2258,1730 2323,1699 2445,1718 2481,1689 2544,1720 2646,1696 2682,1718 2722,1693 2783,1704 2783,1643 2732,1661 2531,1648 2448,1676 2235,1645 2066,1665"/>
                <Baseline points="2075,1695 2111,1694 2148,1694 2185,1692 2222,1692 2258,1692 2295,1692 2332,1694 2369,1694 2406,1694 2442,1694 2479,1695 2516,1695 2553,1695 2590,1695 2626,1695 2663,1694 2700,1694 2737,1693 2774,1691"/>
                <TextEquiv>
                    <Unicode>sebenn unnd inn entschlachenn ✳</Unicode>
                </TextEquiv>
            </TextLine>
            <TextLine id="r2l24" custom="readingOrder {index:23;}">
                <Coords points="2112,1860 2334,1901 2627,1884 2698,1920 2761,1910 2764,1815 2491,1797 2443,1826 2396,1794 2330,1816 2178,1791 2113,1813"/>
                <Baseline points="2121,1863 2152,1865 2184,1867 2215,1868 2247,1869 2279,1872 2310,1872 2342,1874 2374,1874 2405,1875 2437,1876 2469,1877 2500,1877 2532,1877 2564,1878 2595,1878 2627,1878 2659,1878 2690,1878 2722,1878 2754,1877"/>
                <TextEquiv>
                    <Unicode>Zu Lettst hatt er anzeigt</Unicode>
                </TextEquiv>
            </TextLine>
            <TextLine id="r2l25" custom="readingOrder {index:24;} place {offset:9; length:9;}">
                <Coords points="2090,1952 2230,1945 2280,1967 2334,1937 2539,1975 2578,1945 2805,1972 2805,1904 2697,1920 2625,1884 2555,1914 2464,1881 2429,1908 2189,1857 2090,1871"/>
                <Baseline points="2099,1934 2133,1935 2168,1937 2203,1937 2238,1937 2273,1938 2307,1938 2342,1938 2377,1938 2412,1938 2447,1938 2481,1937 2516,1937 2551,1937 2586,1937 2621,1937 2655,1938 2690,1938 2725,1938 2760,1940 2795,1941"/>
                <TextEquiv>
                    <Unicode>er Eh zu Burgdorff auch gfangen</Unicode>
                </TextEquiv>
            </TextLine>
            <TextLine id="r2l26" custom="readingOrder {index:25;}">
                <Coords points="2086,2001 2189,1985 2324,2017 2442,1995 2749,2012 2780,2002 2782,1961 2409,1965 2340,1942 2271,1965 2088,1940"/>
                <Baseline points="2097,1968 2130,1972 2164,1974 2198,1976 2232,1979 2265,1980 2299,1982 2333,1983 2367,1985 2400,1986 2434,1988 2468,1989 2502,1991 2535,1992 2569,1992 2603,1993 2637,1994 2670,1994 2704,1995 2738,1995 2772,1995"/>
                <TextEquiv>
                    <Unicode>glegen unguarlich by zwoyen jaren</Unicode>
                </TextEquiv>
            </TextLine>
            <TextLine id="r2l27" custom="readingOrder {index:26;}">
                <Coords points="2081,2051 2127,2034 2271,2058 2314,2033 2381,2057 2502,2049 2546,2073 2617,2041 2762,2076 2764,2008 2719,2028 2447,1995 2399,2018 2190,1985 2083,1999"/>
                <Baseline points="2091,2022 2124,2024 2157,2026 2190,2027 2223,2029 2256,2030 2289,2033 2323,2034 2356,2035 2389,2037 2422,2039 2455,2040 2488,2041 2521,2042 2555,2043 2588,2045 2621,2045 2654,2046 2687,2046 2720,2048 2754,2048"/>
                <TextEquiv>
                    <Unicode>von wegen vin trostungs bruch</Unicode>
                </TextEquiv>
            </TextLine>
            <TextLine id="r2l28" custom="readingOrder {index:27;}">
                <Coords points="2091,2082 2146,2104 2203,2083 2236,2100 2441,2097 2476,2121 2613,2107 2640,2126 2712,2112 2714,2055 2605,2043 2537,2070 2506,2049 2374,2058 2287,2032 2218,2056 2092,2045"/>
                <Baseline points="2100,2069 2130,2073 2160,2076 2190,2078 2220,2081 2250,2082 2280,2084 2311,2085 2341,2086 2371,2087 2401,2088 2431,2088 2461,2090 2491,2090 2522,2090 2552,2091 2582,2092 2612,2093 2642,2093 2672,2095 2703,2096"/>
                <TextEquiv>
                    <Unicode>gegenn benndichtt fryenn</Unicode>
                </TextEquiv>
            </TextLine>
            <TextLine id="r2l29" custom="readingOrder {index:28;}">
                <Coords points="2081,2103 2090,2103 2094,2106 2097,2104 2102,2110 2108,2109 2112,2115 2116,2112 2127,2113 2131,2072 2121,2069 2115,2070 2111,2064 2107,2064 2097,2055 2095,2057 2086,2056"/>
                <Baseline points="2090,2100 2120,2103"/>
                <TextEquiv>
                    <Unicode>d</Unicode>
                </TextEquiv>
            </TextLine>
            <TextLine id="r2l30" custom="readingOrder {index:29;}">
                <Coords points="2099,2152 2238,2130 2291,2157 2583,2140 2709,2183 2780,2150 2781,2116 2481,2118 2418,2093 2373,2107 2316,2076 2287,2099 2100,2109"/>
                <Baseline points="2109,2133 2142,2132 2175,2132 2208,2132 2241,2132 2274,2132 2307,2133 2340,2135 2373,2136 2406,2137 2440,2138 2473,2139 2506,2141 2539,2141 2572,2142 2605,2144 2638,2144 2671,2144 2704,2144 2737,2143 2771,2142"/>
                <TextEquiv>
                    <Unicode>das er dars geltt nit schiptt</Unicode>
                </TextEquiv>
            </TextLine>
            <TextLine id="r2l31" custom="readingOrder {index:30;}">
                <Coords points="2104,2165 2107,2156 2137,2143 2141,2133 2047,2097 2043,2107 2047,2133 2043,2142"/>
                <Baseline points="2094,2151 2103,2127"/>
                <TextEquiv>
                    <Unicode></Unicode>
                </TextEquiv>
            </TextLine>
            <TextLine id="r2l32" custom="readingOrder {index:31;} person {offset:16; length:4;}">
                <Coords points="2065,2205 2190,2186 2346,2214 2382,2192 2578,2198 2735,2234 2791,2226 2794,2142 2717,2179 2580,2140 2448,2163 2221,2134 2067,2151"/>
                <Baseline points="2075,2187 2110,2185 2145,2184 2181,2183 2216,2183 2252,2183 2287,2184 2322,2186 2358,2187 2393,2189 2429,2190 2464,2193 2499,2195 2535,2196 2570,2198 2606,2199 2641,2200 2676,2201 2712,2201 2747,2201 2783,2199"/>
                <TextEquiv>
                    <Unicode>junders inn der Eofi xx tag</Unicode>
                </TextEquiv>
            </TextLine>
            <TextLine id="r2l33" custom="readingOrder {index:32;}">
                <Coords points="2106,2251 2195,2263 2257,2237 2466,2272 2787,2258 2787,2227 2690,2232 2578,2198 2471,2222 2382,2192 2347,2215 2203,2187 2107,2206"/>
                <Baseline points="2114,2241 2147,2240 2180,2240 2213,2240 2246,2240 2280,2240 2313,2240 2346,2240 2379,2241 2412,2241 2446,2242 2479,2243 2512,2244 2545,2246 2578,2247 2612,2249 2645,2251 2678,2252 2711,2255 2744,2258 2778,2261"/>
                <TextEquiv>
                    <Unicode>unnd xxnochtt abuord wnrmn</Unicode>
                </TextEquiv>
            </TextLine>
            <TextLine id="r2l34" custom="readingOrder {index:33;}">
                <Coords points="2110,2329 2142,2321 2167,2334 2200,2314 2253,2334 2283,2320 2334,2346 2351,2332 2406,2339 2502,2319 2504,2271 2468,2273 2416,2253 2381,2272 2312,2244 2232,2236 2189,2267 2148,2256 2112,2266"/>
                <Baseline points="2120,2303 2146,2301 2173,2300 2199,2298 2226,2297 2253,2297 2279,2297 2306,2297 2333,2298 2359,2300 2386,2302 2413,2305 2439,2308 2466,2313 2493,2318"/>
                <TextEquiv>
                    <Unicode>müsßnn etc.</Unicode>
                </TextEquiv>
            </TextLine>
            <TextEquiv>
                <Unicode>EEin garn ein juntteli unnd fin
barhosenn entfrombdett unnd da
sannenn von wick ✳ bis gan wille somb
gfürtt vnnd allda Vbell gemartett
unnd da dannen gen tuwen gfùrt
bermalen ùbell gemartett unnd mitt
hiider im fundenn Demnach
wie fun ein herrenn von Luchen
uß de gfencknuß glassen hott Ei
müssen globenn den kostenn, so in
der gfangenschafft uffgangen us
zerichttenn ✳ so heige er innen anzeigt
er heige in nitt do hannd sy ime
Ein hytt gebenn das er den selbenn
kostenn uszrichttenn soltt ✳ in dem
ige er harkhon fùr uch min g
heirenn unnd ych lottenn umb
vin fùrgschrifftt das sy imegrichtt
unnd rechtt liessenn gan so
heige sy ime den secher fürgschlage
anzelangenn so inne verklagtt
er heige im musseden kosten
sebenn unnd inn entschlachenn ✳
Zu Lettst hatt er anzeigt
er Eh zu Burgdorff auch gfangen
glegen unguarlich by zwoyen jaren
von wegen vin trostungs bruch
gegenn benndichtt fryenn
d
das er dars geltt nit schiptt

junders inn der Eofi xx tag
unnd xxnochtt abuord wnrmn
müsßnn etc.</Unicode>
            </TextEquiv>
        </TextRegion>
    </Page>
</PcGts>
