4032 3024
1375 528 1987 655 uff Sampstag 15 juli 1
1392 582 1969 709 eß h. Brunners, v. guders,
1387 631 1986 774 gros paster unnd ettligh wo
1395 727 1948 830 klein hagt Rtoffell Schmidli
1399 792 1934 903 zu Marstli anzägtt
1383 857 1963 986 Ite sin vatter heig Inmein
1397 943 1977 1050 systenn gleytt vonn deszwegen
1403 997 1989 1090 das sy die bruderm vnnder ein¬
1402 1054 1976 1157 andernn einanderenn gschlagen
1407 1108 1978 1219 unnd syg ettwan fùnff wuch₎
1408 1172 1975 1263 das er zuwß den ystenn eu
1405 1222 1991 1317 trunnenn dann sins bruder
1428 1273 1969 1381 uns tochter heig zu einyst¬
1409 1343 1951 1428 nenn nagell gernn mitt de
1429 1394 1976 1490 Albenn hab er sich selbs ledig
1414 1446 1969 1540 gmacht unnd den nechsten
1412 1504 1970 1594 gann Zürych Schwytz zu si
1410 1555 1895 1655 nene bruder gangenn
1400 1628 1962 1747 Demnach als er hinwegzogt
1408 1701 1938 1797 zeig zu der vatter wider
1411 1757 1980 1849 nachin enpottenn, er sölle wi¬
1421 1817 1965 1908 der heim Bou er wolle es noch
1409 1876 1963 1960 einmal mitt zm versuchen
1432 1928 1972 2019 daruff daruff er wollen heim
1429 1979 1973 2069 ziehen unndewgenn syg zu
1425 2034 1965 2123 diser unnfal zhannch gstanden
1407 2109 1956 2208 It₎m er sich ein mal zu Zürych
1425 2150 1965 2257 dry tag gfangenn glegenn von
1418 2214 1980 2318 deßwegennd er mit hab wolle
1422 2281 1982 2385 den herd bußenn sunst sish
1429 2345 1859 2438 er nit gfangenn glegen,
1394 2404 1983 2513 Istem er zeigtt ouch dae wan der
1436 2463 1986 2554 mon schwini so schwin un
1437 2528 1680 2627 das hieiin auch
2131 525 2806 661 Doch bitter Er min g herrer
2170 610 2800 717 Ir gnad welle gan Zürych schryb
2163 670 2771 762 en unnd soͤlichs erfaren und
2161 724 2730 822 wo das nitt also an im stelbs
2154 782 2782 875 syge söll man im sein recht an¬
2153 866 2262 949 thun
2166 909 2767 1016 zu letst zeigtt anstatt an
2181 970 2792 1080 de als er by im zherberen gsyn
2182 1037 2796 1140 Im annzoigtt habe das einhaupt
2171 1091 2777 1181 man nahi khome der hab und
2167 1150 2765 1241 12. Bronen zegeben verheißenn,
2156 1218 2787 1319 Desz ist Stoffell Schmidli anngen
2170 1286 2471 1374 kanntlich gsin
2147 1328 2784 1454 ist usz gnad₎ uszglaszen ✳ sol
2172 1415 2784 1500 heinziechen den nechsten gan¬
2176 1462 2776 1560 zurych, zu vatter vnnd muter
2178 1512 2770 1610 mit mer zu miner h. lannd
2182 1576 2767 1670 unnd piett fùnd₎ werd₎n woer
2188 1629 2738 1727 daruf betretten wirtt im
2181 1674 2764 1769 alts vnnd miths zeie geben
