<?xml version="1.0" encoding="UTF-8" standalone="yes"?>
<PcGts xmlns="http://schema.primaresearch.org/PAGE/gts/pagecontent/2013-07-15" xmlns:xsi="http://www.w3.org/2001/XMLSchema-instance" xsi:schemaLocation="http://schema.primaresearch.org/PAGE/gts/pagecontent/2013-07-15 http://schema.primaresearch.org/PAGE/gts/pagecontent/2013-07-15/pagecontent.xsd">
    <Metadata>
        <Creator>prov=University of Rostock/Institute of Mathematics/CITlab|PLANET AI GmbH/Gundram Leifert/gundram.leifert@planet-ai.de:name=German_Kurrent_XVI-XVIII_M1(htr_id=19584)::::v=2.6.7
prov=University of Rostock/Institute of Mathematics/CITlab|PLANET AI GmbH/Tobias Gruening/tobias.gruening@planet-ai.de:name=de.uros.citlab.module.baseline2polygon.B2PSeamMultiOriented:v=2.6.7
prov=READ-COOP:name=PyLaia@TranskribusPlatform:version=0.5.8:model_id=38044:lm=none:date=08_11_2021_09:27
prov=READ-Coop:name=PyLaia@Transkribus:version=0.5.8:model_id=38044:lm=none:date=08_11_2021_09:26
prov=University of Rostock/Institute of Mathematics/CITlab|PLANET AI GmbH/Tobias Gruening/tobias.gruening@planet-ai.de:name=de.uros.citlab.module.baseline2polygon.B2PSeamMultiOriented:v=2.6.7</Creator>
        <Created>2021-08-09T15:46:12.563+02:00</Created>
        <LastChange>2022-09-09T17:20:39.580+02:00</LastChange>
        <TranskribusMetadata docId="1334763" pageId="52352728" pageNr="87" tsid="114634268" status="IN_PROGRESS" userId="9570" imgUrl="https://files.transkribus.eu/Get?id=AELJDHTJNPHVCKKCFULOWLIP&amp;fileType=view" xmlUrl="https://files.transkribus.eu/Get?id=XZKQXJDUMYSDMCPSZDRSTCXA" imageId="22025001"/>
    </Metadata>
    <Page imageFilename="Foto 23.07.21, 9 23 00 AM.jpg" imageWidth="4032" imageHeight="3024">
        <ReadingOrder>
            <OrderedGroup id="ro_1687514137524" caption="Regions reading order">
                <RegionRefIndexed index="0" regionRef="r1"/>
                <RegionRefIndexed index="1" regionRef="r2"/>
            </OrderedGroup>
        </ReadingOrder>
        <TextRegion orientation="0.0" id="r1" custom="readingOrder {index:0;}">
            <Coords points="1499,606 1499,2855 2094,2855 2094,606"/>
            <TextLine id="r1l1" custom="readingOrder {index:0;}">
                <Coords points="1530,633 1602,652 1671,637 1728,666 1824,634 1886,645 1922,685 1987,664 2024,689 2087,689 2091,635 1979,629 1957,603 1890,622 1853,590 1757,590 1706,555 1637,600 1610,576 1534,577"/>
                <Baseline points="1541,629 1567,629 1594,630 1621,630 1648,630 1675,632 1702,632 1728,633 1755,634 1782,636 1809,636 1836,639 1863,641 1890,643 1916,646 1943,650 1970,654 1997,658 2024,664 2051,669 2078,675"/>
                <TextEquiv>
                    <Unicode>Niemandts mittitt args nach dis</Unicode>
                </TextEquiv>
            </TextLine>
            <TextLine id="r1l2" custom="readingOrder {index:1;}">
                <Coords points="1526,690 1600,727 1652,693 1702,719 1773,701 1863,723 1899,707 1969,732 2089,731 2091,694 2024,690 1996,659 1938,680 1909,649 1853,641 1730,666 1675,638 1602,653 1530,633"/>
                <Baseline points="1538,681 1565,683 1592,684 1619,685 1646,686 1673,687 1700,687 1727,689 1754,689 1781,690 1808,692 1835,693 1862,694 1889,696 1916,699 1943,701 1970,705 1997,708 2024,713 2051,718 2078,723"/>
                <TextEquiv>
                    <Unicode>angstattet ✳ unnd so man synenn</Unicode>
                </TextEquiv>
            </TextLine>
            <TextLine id="r1l3" custom="readingOrder {index:2;}">
                <Coords points="1532,765 1655,747 1703,784 1760,751 1812,783 1926,764 1958,786 2015,765 2059,803 2085,798 2076,730 1991,738 1826,703 1703,717 1652,692 1585,718 1537,698"/>
                <Baseline points="1545,735 1571,736 1598,738 1624,738 1651,740 1677,740 1704,741 1730,741 1757,743 1783,744 1810,745 1837,746 1863,748 1890,749 1916,752 1943,755 1969,757 1996,761 2022,765 2049,770 2076,776"/>
                <TextEquiv>
                    <Unicode>en nitt glauben, bittet er min </Unicode>
                </TextEquiv>
            </TextLine>
            <TextLine id="r1l4" custom="readingOrder {index:3;}">
                <Coords points="1529,826 1627,791 1652,810 1759,810 1796,835 1832,811 1924,806 2041,850 2091,847 2094,801 2061,804 2018,766 1964,791 1933,771 1815,784 1771,752 1705,759 1687,738 1604,772 1533,759"/>
                <Baseline points="1542,792 1569,794 1596,795 1623,795 1650,797 1677,797 1704,798 1731,798 1758,798 1785,800 1812,801 1839,802 1866,804 1893,806 1920,808 1947,811 1974,815 2001,818 2028,823 2055,828 2082,833"/>
                <TextEquiv>
                    <Unicode>herren Ir g weble gen schaff</Unicode>
                </TextEquiv>
            </TextLine>
            <TextLine id="r1l5" custom="readingOrder {index:4;}">
                <Coords points="1532,893 1563,877 1582,891 1634,853 1674,884 1880,863 1932,891 1998,881 2029,912 2058,894 2088,904 2091,850 2033,851 1924,805 1797,835 1625,792 1536,821"/>
                <Baseline points="1545,851 1571,852 1598,852 1624,852 1651,852 1678,852 1704,854 1731,854 1758,854 1784,855 1811,857 1838,857 1864,859 1891,861 1918,864 1944,866 1971,869 1998,874 2024,878 2051,883 2078,888"/>
                <TextEquiv>
                    <Unicode>husen schryben unnd sins thuns</Unicode>
                </TextEquiv>
            </TextLine>
            <TextLine id="r1l6" custom="readingOrder {index:5;}">
                <Coords points="1540,952 1573,939 1596,951 1641,927 1715,937 1742,916 1896,965 1992,951 2026,978 2083,957 2085,923 2029,911 2000,881 1954,897 1913,875 1878,886 1790,867 1686,892 1614,865 1584,891 1543,885"/>
                <Baseline points="1553,915 1580,914 1607,914 1634,914 1662,914 1689,914 1716,915 1744,915 1771,916 1798,917 1826,918 1853,920 1880,921 1908,923 1935,926 1962,928 1990,931 2017,934 2044,938 2072,942"/>
                <TextEquiv>
                    <Unicode>vnnd lassens bericht empfachen,</Unicode>
                </TextEquiv>
            </TextLine>
            <TextLine id="r1l7" custom="readingOrder {index:6;}">
                <Coords points="1496,1023 1537,1031 1575,1002 1640,996 1705,1015 1745,993 1805,1015 1909,1003 2080,1037 2083,959 1802,973 1721,933 1638,928 1590,951 1533,907 1500,908"/>
                <Baseline points="1509,989 1537,990 1565,992 1593,993 1621,994 1649,995 1677,995 1705,996 1733,996 1761,996 1789,998 1817,998 1845,999 1873,999 1901,1001 1929,1002 1957,1004 1985,1005 2013,1007 2041,1011 2069,1014"/>
                <TextEquiv>
                    <Unicode>zu letst zinptt erouch an, das er</Unicode>
                </TextEquiv>
            </TextLine>
            <TextLine id="r1l8" custom="readingOrder {index:7;}">
                <Coords points="1536,1069 1594,1087 1687,1049 1712,1066 1771,1061 1798,1086 1831,1070 1868,1087 1919,1065 2058,1110 2082,1105 2085,1037 1975,1020 1939,1034 1891,1005 1827,1025 1743,995 1697,1017 1641,995 1608,1016 1538,1008"/>
                <Baseline points="1547,1047 1573,1048 1599,1049 1625,1050 1652,1051 1678,1052 1704,1052 1730,1052 1757,1053 1783,1053 1809,1055 1835,1055 1862,1056 1888,1057 1914,1058 1940,1060 1967,1062 1993,1064 2019,1066 2045,1070 2072,1074"/>
                <TextEquiv>
                    <Unicode>vngfar vor dieen Jaren auch</Unicode>
                </TextEquiv>
            </TextLine>
            <TextLine id="r1l9" custom="readingOrder {index:8;}">
                <Coords points="1536,1124 1584,1115 1603,1135 1694,1145 1731,1122 1808,1153 1857,1131 1882,1152 1928,1153 1988,1127 2043,1156 2074,1152 2075,1109 1965,1083 1932,1099 1887,1076 1804,1086 1771,1061 1721,1059 1680,1090 1627,1073 1589,1087 1538,1067"/>
                <Baseline points="1548,1112 1573,1112 1599,1113 1625,1113 1651,1113 1677,1113 1702,1115 1728,1115 1754,1115 1780,1116 1806,1116 1831,1116 1857,1118 1883,1119 1909,1119 1935,1122 1960,1124 1986,1125 2012,1128 2038,1132 2064,1134"/>
                <TextEquiv>
                    <Unicode>odhie gfangen glägen von wegen</Unicode>
                </TextEquiv>
            </TextLine>
            <TextLine id="r1l10" custom="readingOrder {index:9;} person {offset:23; length:7;}">
                <Coords points="1543,1193 1616,1170 1659,1187 1863,1185 1923,1214 1952,1198 2034,1214 2095,1204 2096,1174 2020,1131 1930,1153 1754,1135 1726,1149 1547,1115"/>
                <Baseline points="1554,1172 1580,1172 1607,1172 1633,1172 1660,1172 1686,1173 1713,1173 1739,1173 1766,1175 1792,1175 1819,1176 1846,1178 1872,1179 1899,1180 1925,1182 1952,1184 1978,1186 2005,1188 2031,1190 2058,1193 2085,1196"/>
                <TextEquiv>
                    <Unicode>das er dem bettelvogtt Steffen</Unicode>
                </TextEquiv>
            </TextLine>
            <TextLine id="r1l11" custom="readingOrder {index:10;}">
                <Coords points="1535,1258 1598,1226 1669,1225 1737,1261 1820,1261 1854,1232 1881,1253 1908,1239 1987,1267 2083,1265 2085,1219 1924,1212 1863,1185 1807,1206 1765,1178 1539,1191"/>
                <Baseline points="1548,1221 1574,1223 1600,1223 1626,1223 1653,1223 1679,1224 1705,1224 1731,1226 1758,1227 1784,1228 1810,1229 1836,1231 1863,1232 1889,1233 1915,1236 1941,1237 1968,1239 1994,1241 2020,1242 2046,1244 2073,1247"/>
                <TextEquiv>
                    <Unicode>genant uffegept ✳ das er were</Unicode>
                </TextEquiv>
            </TextLine>
            <TextLine id="r1l12" custom="readingOrder {index:11;}">
                <Coords points="1540,1284 1803,1286 1903,1331 1968,1302 2001,1332 2089,1313 2092,1259 2034,1280 1904,1239 1884,1254 1852,1232 1818,1263 1740,1261 1674,1226 1620,1225 1542,1254"/>
                <Baseline points="1551,1277 1577,1277 1603,1277 1630,1278 1656,1280 1683,1280 1709,1281 1735,1283 1762,1284 1788,1286 1815,1289 1841,1289 1867,1291 1894,1293 1920,1295 1947,1297 1973,1299 1999,1300 2026,1301 2052,1302 2079,1304"/>
                <TextEquiv>
                    <Unicode>mitt rutten uszgschwungen wad</Unicode>
                </TextEquiv>
            </TextLine>
            <TextLine id="r1l13" custom="readingOrder {index:12;}">
                <Coords points="1555,1340 1672,1347 1706,1370 1730,1347 1782,1356 1805,1340 1836,1369 1943,1354 1990,1382 2036,1360 2082,1364 2084,1316 2001,1330 1967,1303 1855,1320 1798,1285 1743,1313 1664,1279 1557,1290"/>
                <Baseline points="1565,1337 1590,1335 1615,1335 1641,1335 1666,1337 1691,1337 1717,1337 1742,1338 1767,1338 1793,1340 1818,1341 1843,1342 1869,1343 1894,1344 1919,1346 1945,1347 1970,1349 1995,1351 2021,1352 2046,1354 2072,1356"/>
                <TextEquiv>
                    <Unicode>er doch ledig von wegt dase</Unicode>
                </TextEquiv>
            </TextLine>
            <TextLine id="r1l14" custom="readingOrder {index:13;}">
                <Coords points="1488,1401 1565,1395 1648,1432 1764,1401 1936,1400 1991,1441 2085,1441 2087,1365 2059,1356 1991,1382 1868,1356 1837,1369 1805,1341 1763,1360 1729,1348 1707,1369 1490,1341"/>
                <Baseline points="1499,1394 1527,1394 1556,1394 1585,1393 1614,1392 1643,1392 1671,1392 1700,1392 1729,1392 1758,1392 1787,1392 1815,1392 1844,1394 1873,1395 1902,1396 1931,1398 1959,1401 1988,1405 2017,1408 2046,1412 2075,1418"/>
                <TextEquiv>
                    <Unicode>recht glegt widerumb ußglasen</Unicode>
                </TextEquiv>
            </TextLine>
            <TextLine id="r1l15" custom="readingOrder {index:14;}">
                <Coords points="1533,1464 1607,1458 1661,1496 1749,1455 1798,1473 1838,1450 1855,1465 1918,1455 1976,1484 2024,1463 2069,1494 2070,1431 1966,1432 1934,1405 1856,1396 1801,1415 1764,1401 1747,1419 1660,1431 1567,1399 1534,1410"/>
                <Baseline points="1545,1455 1570,1455 1596,1455 1622,1454 1648,1454 1673,1452 1699,1452 1725,1451 1751,1451 1776,1451 1802,1451 1828,1451 1854,1451 1879,1452 1905,1452 1931,1454 1957,1455 1982,1458 2008,1459 2034,1462 2060,1466"/>
                <TextEquiv>
                    <Unicode>unnd hab domals derselbig</Unicode>
                </TextEquiv>
            </TextLine>
            <TextLine id="r1l16" custom="readingOrder {index:15;} person {offset:0; length:7;}">
                <Coords points="1525,1541 1561,1546 1590,1526 1618,1539 1652,1512 1785,1527 1850,1511 1974,1561 2035,1523 2072,1527 2071,1495 2023,1463 1976,1484 1885,1461 1806,1488 1750,1455 1676,1491 1609,1458 1583,1478 1524,1463"/>
                <Baseline points="1535,1524 1561,1522 1587,1519 1613,1517 1640,1515 1666,1512 1692,1512 1719,1511 1745,1511 1771,1509 1798,1509 1824,1510 1850,1511 1876,1511 1903,1512 1929,1513 1955,1514 1982,1515 2008,1517 2034,1517 2061,1518"/>
                <TextEquiv>
                    <Unicode>Steffen Ime allen coster</Unicode>
                </TextEquiv>
            </TextLine>
            <TextLine id="r1l17" custom="readingOrder {index:16;}">
                <Coords points="1541,1594 1563,1603 1587,1588 1617,1596 1691,1573 1795,1611 1845,1608 1875,1600 1877,1547 1844,1545 1834,1533 1801,1544 1745,1525 1716,1542 1690,1539 1656,1514 1616,1539 1542,1544"/>
                <Baseline points="1553,1566 1579,1565 1605,1563 1631,1563 1657,1563 1683,1563 1709,1563 1735,1565 1761,1565 1787,1567 1813,1569 1839,1571 1865,1572"/>
                <TextEquiv>
                    <Unicode>müssen abtragen</Unicode>
                </TextEquiv>
            </TextLine>
            <TextLine id="r1l18" custom="readingOrder {index:17;}">
                <Coords points="1857,1598 1866,1603 1869,1612 1877,1611 1879,1617 1892,1624 1927,1554 1912,1546 1909,1537 1899,1537 1890,1532"/>
                <Baseline points="1881,1575 1899,1584"/>
                <TextEquiv>
                    <Unicode></Unicode>
                </TextEquiv>
            </TextLine>
            <TextLine id="r1l19" custom="readingOrder {index:18;}">
                <Coords points="1519,1718 1573,1699 1697,1705 1757,1679 1877,1704 1948,1674 2085,1695 2083,1612 2049,1630 1964,1622 1947,1640 1816,1626 1788,1605 1599,1636 1542,1600 1516,1609"/>
                <Baseline points="1530,1691 1557,1688 1584,1686 1611,1684 1639,1682 1666,1680 1693,1679 1720,1679 1748,1677 1775,1677 1802,1677 1829,1676 1857,1676 1884,1676 1911,1676 1938,1676 1966,1676 1993,1674 2020,1674 2047,1673 2075,1673"/>
                <TextEquiv>
                    <Unicode>ff mittwuchen den lesten</Unicode>
                </TextEquiv>
            </TextLine>
            <TextLine id="r1l20" custom="readingOrder {index:19;}">
                <Coords points="1549,1732 1621,1739 1757,1716 1812,1742 1847,1731 1877,1753 1920,1753 1968,1718 2022,1748 2090,1715 2090,1694 2046,1698 2016,1679 1875,1701 1838,1681 1710,1688 1688,1673 1618,1704 1549,1704"/>
                <Baseline points="1559,1722 1586,1722 1613,1722 1640,1722 1668,1722 1695,1722 1722,1722 1750,1724 1777,1724 1804,1724 1832,1724 1859,1724 1886,1724 1914,1724 1941,1724 1968,1723 1996,1722 2023,1720 2050,1719 2078,1716"/>
                <TextEquiv>
                    <Unicode>Januarii 1554 present. herr</Unicode>
                </TextEquiv>
            </TextLine>
            <TextLine id="r1l21" custom="readingOrder {index:20;} person {offset:0; length:14;}">
                <Coords points="1535,1778 1613,1781 1635,1800 1687,1771 1721,1786 1780,1770 1828,1798 1947,1768 2095,1775 2094,1731 2034,1741 2005,1717 1957,1722 1925,1751 1877,1723 1812,1744 1757,1716 1656,1739 1534,1737"/>
                <Baseline points="1545,1773 1573,1772 1601,1772 1630,1770 1658,1770 1686,1770 1715,1769 1743,1769 1771,1769 1800,1767 1828,1767 1857,1767 1885,1767 1913,1766 1942,1766 1970,1766 1998,1766 2027,1766 2055,1766 2084,1766"/>
                <TextEquiv>
                    <Unicode>Matheus Knecht, vnnd derweil</Unicode>
                </TextEquiv>
            </TextLine>
            <TextLine id="r1l22" custom="readingOrder {index:21;} person {offset:10; length:14;}">
                <Coords points="1530,1823 1660,1853 1804,1840 1849,1861 1899,1846 1945,1859 1984,1828 2090,1815 2090,1793 2021,1796 1975,1768 1862,1794 1780,1770 1662,1801 1530,1780"/>
                <Baseline points="1541,1823 1567,1823 1594,1821 1621,1821 1648,1821 1675,1821 1702,1821 1729,1820 1756,1820 1783,1820 1810,1820 1836,1820 1863,1820 1890,1820 1917,1820 1944,1820 1971,1820 1998,1820 2025,1820 2052,1821 2079,1821"/>
                <TextEquiv>
                    <Unicode>den haitt Beirg Schiider ein</Unicode>
                </TextEquiv>
            </TextLine>
            <TextLine id="r1l23" custom="readingOrder {index:22;} place {offset:22; length:7; continued:true;}">
                <Coords points="1520,1888 1603,1894 1624,1914 1698,1881 1850,1900 1928,1876 2028,1899 2095,1886 2095,1832 2065,1847 2039,1827 1980,1828 1948,1856 1800,1841 1661,1855 1520,1814"/>
                <Baseline points="1530,1878 1557,1878 1585,1878 1613,1877 1641,1877 1668,1877 1696,1877 1724,1877 1752,1877 1779,1877 1807,1877 1835,1877 1863,1877 1890,1877 1918,1877 1946,1877 1974,1877 2001,1877 2029,1875 2057,1875 2085,1875"/>
                <TextEquiv>
                    <Unicode>Schumacher Knecht von Schaff¬</Unicode>
                </TextEquiv>
            </TextLine>
            <TextLine id="r1l24" custom="readingOrder {index:23;} place {offset:0; length:5; continued:true;} place {offset:9; length:11;}">
                <Coords points="1535,1973 1611,1973 1674,1941 1702,1965 1878,1960 1943,1934 2056,1974 2095,1961 2095,1889 2065,1906 1933,1876 1872,1908 1785,1880 1742,1897 1698,1880 1631,1908 1535,1899"/>
                <Baseline points="1545,1935 1572,1933 1599,1932 1626,1931 1653,1929 1680,1929 1707,1929 1734,1929 1761,1929 1788,1929 1815,1929 1842,1929 1869,1929 1896,1931 1923,1931 1950,1931 1977,1931 2004,1932 2031,1932 2058,1932 2085,1932"/>
                <TextEquiv>
                    <Unicode>husen zu Marsilianzoͤgt</Unicode>
                </TextEquiv>
            </TextLine>
            <TextLine id="r1l25" custom="readingOrder {index:24;}">
                <Coords points="1523,2086 1582,2046 1632,2060 1778,2045 1851,2073 1875,2054 1931,2073 1966,2058 2016,2085 2066,2056 2068,1995 2008,2026 1985,2006 1924,2003 1872,2024 1789,2004 1747,1964 1662,1969 1598,2009 1525,1973"/>
                <Baseline points="1535,2051 1561,2049 1587,2046 1613,2045 1639,2045 1665,2045 1691,2045 1717,2045 1743,2045 1769,2046 1795,2048 1821,2048 1847,2050 1873,2051 1899,2052 1925,2054 1951,2054 1977,2055 2003,2055 2029,2054 2055,2054"/>
                <TextEquiv>
                    <Unicode>fetz dru dar hab Er hie</Unicode>
                </TextEquiv>
            </TextLine>
            <TextLine id="r1l26" custom="readingOrder {index:25;}">
                <Coords points="1535,2109 1624,2098 1682,2138 1739,2126 1768,2100 1793,2120 1839,2104 1949,2134 2013,2105 2048,2110 2048,2064 2020,2081 1959,2063 1903,2081 1849,2071 1825,2047 1710,2047 1668,2068 1597,2045 1536,2059"/>
                <Baseline points="1547,2097 1572,2096 1598,2096 1624,2095 1649,2094 1675,2096 1701,2096 1727,2096 1752,2097 1778,2097 1804,2098 1830,2099 1855,2100 1881,2100 1907,2100 1933,2102 1958,2102 1984,2103 2010,2103 2036,2103"/>
                <TextEquiv>
                    <Unicode>von wegn des bettelvogtts</Unicode>
                </TextEquiv>
            </TextLine>
            <TextLine id="r1l27" custom="readingOrder {index:26;}">
                <Coords points="1532,2166 1880,2150 1910,2174 1954,2153 2082,2184 2082,2123 2035,2108 2010,2127 1941,2131 1915,2113 1828,2128 1678,2124 1648,2098 1533,2105"/>
                <Baseline points="1544,2148 1570,2148 1596,2147 1623,2147 1649,2147 1676,2147 1702,2147 1728,2147 1755,2147 1781,2148 1808,2148 1834,2148 1860,2148 1887,2150 1913,2150 1940,2150 1966,2151 1992,2151 2019,2151 2045,2151 2072,2151"/>
                <TextEquiv>
                    <Unicode>mussen ein monat von worte</Unicode>
                </TextEquiv>
            </TextLine>
            <TextLine id="r1l28" custom="readingOrder {index:27;}">
                <Coords points="1542,2227 1596,2234 1627,2204 1729,2232 1764,2208 1846,2240 1905,2208 1929,2230 1994,2211 2044,2221 2098,2213 2099,2167 2016,2181 1952,2152 1910,2175 1880,2149 1756,2171 1697,2153 1654,2176 1543,2164"/>
                <Baseline points="1553,2199 1579,2200 1606,2201 1633,2202 1659,2202 1686,2203 1713,2204 1739,2204 1766,2204 1793,2205 1820,2205 1846,2205 1873,2205 1900,2205 1926,2205 1953,2205 1980,2207 2006,2207 2033,2207 2060,2207 2087,2208"/>
                <TextEquiv>
                    <Unicode>wegen ußschunen, dasye er heim</Unicode>
                </TextEquiv>
            </TextLine>
            <TextLine id="r1l29" custom="readingOrder {index:28;}">
                <Coords points="1534,2265 1603,2278 1668,2259 1768,2294 1855,2266 1931,2299 2003,2271 2033,2298 2081,2278 2081,2233 2031,2213 1925,2241 1886,2225 1820,2236 1766,2210 1729,2231 1651,2207 1588,2233 1534,2222"/>
                <Baseline points="1545,2256 1571,2258 1597,2258 1623,2259 1650,2260 1676,2261 1702,2261 1728,2261 1755,2262 1781,2262 1807,2262 1833,2262 1860,2262 1886,2262 1912,2262 1938,2262 1965,2261 1991,2261 2017,2261 2043,2259 2070,2259"/>
                <TextEquiv>
                    <Unicode>san Schaffgusten zogen, da</Unicode>
                </TextEquiv>
            </TextLine>
            <TextLine id="r1l30" custom="readingOrder {index:29;}">
                <Coords points="1514,2327 1620,2318 1670,2335 1731,2310 1768,2339 1803,2318 1824,2340 1868,2324 1909,2340 2042,2328 2093,2347 2095,2292 2036,2297 2004,2268 1932,2299 1904,2283 1767,2293 1670,2258 1515,2292"/>
                <Baseline points="1526,2313 1553,2312 1581,2312 1609,2312 1637,2312 1665,2313 1693,2313 1721,2315 1749,2316 1777,2317 1805,2319 1832,2319 1860,2321 1888,2322 1916,2322 1944,2322 1972,2322 2000,2322 2028,2322 2056,2321 2084,2319"/>
                <TextEquiv>
                    <Unicode>dnn sin vogt bekleider </Unicode>
                </TextEquiv>
            </TextLine>
            <TextLine id="r1l31" custom="readingOrder {index:30;} place {offset:13; length:6;}">
                <Coords points="1524,2380 1650,2377 1708,2411 1782,2373 1832,2410 1895,2385 1966,2414 2002,2382 2104,2372 2104,2327 1976,2358 1872,2324 1831,2343 1801,2318 1774,2340 1740,2320 1525,2326"/>
                <Baseline points="1535,2376 1562,2375 1590,2373 1618,2372 1646,2372 1674,2372 1702,2372 1730,2373 1758,2375 1786,2375 1814,2377 1841,2378 1869,2379 1897,2379 1925,2381 1953,2381 1981,2380 2009,2379 2037,2378 2065,2376 2093,2373"/>
                <TextEquiv>
                    <Unicode>so sye ergan basell zogen unnd</Unicode>
                </TextEquiv>
            </TextLine>
            <TextLine id="r1l32" custom="readingOrder {index:31;}">
                <Coords points="1541,2433 1741,2427 1844,2466 1897,2429 1923,2445 2023,2429 2105,2456 2106,2398 2037,2381 1969,2413 1893,2384 1830,2407 1783,2373 1724,2405 1542,2387"/>
                <Baseline points="1551,2426 1578,2424 1605,2424 1632,2424 1659,2424 1686,2424 1713,2424 1741,2426 1768,2426 1795,2427 1822,2427 1849,2429 1876,2429 1903,2429 1931,2430 1958,2430 1985,2430 2012,2430 2039,2430 2066,2430 2094,2429"/>
                <TextEquiv>
                    <Unicode>dadannen mitt houpstman chert</Unicode>
                </TextEquiv>
            </TextLine>
            <TextLine id="r1l33" custom="readingOrder {index:32;}">
                <Coords points="1530,2486 1758,2484 1806,2512 1836,2490 1888,2497 1943,2475 2097,2504 2097,2432 1954,2451 1895,2430 1864,2451 1841,2430 1782,2447 1739,2425 1704,2445 1615,2425 1530,2444"/>
                <Baseline points="1541,2477 1568,2477 1595,2477 1622,2477 1650,2477 1677,2478 1704,2478 1732,2478 1759,2478 1786,2478 1814,2478 1841,2478 1868,2478 1895,2478 1923,2478 1950,2478 1977,2478 2005,2478 2032,2478 2059,2477 2087,2477"/>
                <TextEquiv>
                    <Unicode>ei zum Kung ✳ usz dem kriez</Unicode>
                </TextEquiv>
            </TextLine>
            <TextLine id="r1l34" custom="readingOrder {index:33;} place {offset:10; length:6;}">
                <Coords points="1538,2542 1651,2559 1712,2533 1779,2552 1864,2526 1929,2560 1983,2530 2098,2530 2098,2501 2065,2484 1983,2500 1909,2478 1887,2500 1829,2502 1801,2480 1703,2485 1668,2509 1575,2474 1538,2494"/>
                <Baseline points="1548,2528 1576,2529 1604,2529 1633,2529 1661,2529 1689,2531 1718,2530 1746,2529 1774,2529 1803,2529 1831,2529 1860,2529 1888,2529 1916,2529 1945,2528 1973,2528 2001,2528 2030,2528 2058,2529 2087,2529"/>
                <TextEquiv>
                    <Unicode>wider gan basebl ehen ✳ unnd</Unicode>
                </TextEquiv>
            </TextLine>
            <TextLine id="r1l35" custom="readingOrder {index:34;} place {offset:11; length:7;}">
                <Coords points="1537,2597 1650,2595 1676,2621 1715,2595 1791,2585 1830,2615 1898,2581 2095,2594 2095,2546 2056,2566 2006,2531 1930,2561 1863,2524 1769,2554 1713,2532 1652,2558 1537,2545"/>
                <Baseline points="1547,2589 1573,2588 1600,2586 1627,2586 1654,2585 1681,2585 1708,2583 1735,2583 1762,2583 1789,2583 1816,2583 1842,2583 1869,2583 1896,2583 1923,2585 1950,2585 1977,2586 2004,2586 2031,2588 2058,2588 2085,2589"/>
                <TextEquiv>
                    <Unicode>da lang im spittal kranck</Unicode>
                </TextEquiv>
            </TextLine>
            <TextLine id="r1l36" custom="readingOrder {index:35;}">
                <Coords points="1527,2671 1746,2633 1824,2667 1915,2631 2078,2651 2078,2606 2038,2591 2002,2611 1954,2581 1915,2594 1899,2579 1867,2606 1789,2587 1693,2614 1602,2592 1526,2612"/>
                <Baseline points="1538,2643 1564,2642 1590,2640 1617,2639 1643,2637 1670,2636 1696,2635 1723,2634 1749,2633 1776,2632 1802,2631 1828,2631 1855,2631 1881,2631 1908,2631 1934,2631 1961,2633 1987,2634 2014,2636 2040,2637 2067,2640"/>
                <TextEquiv>
                    <Unicode>glägen, als er gsund worden</Unicode>
                </TextEquiv>
            </TextLine>
            <TextLine id="r1l37" custom="readingOrder {index:36;}">
                <Coords points="1531,2727 1825,2684 1856,2705 1880,2689 2006,2702 2058,2692 2057,2640 1998,2656 1915,2632 1868,2663 1829,2664 1796,2647 1760,2663 1727,2640 1646,2639 1599,2667 1529,2644"/>
                <Baseline points="1541,2699 1566,2696 1591,2693 1616,2691 1642,2690 1667,2688 1692,2686 1717,2685 1743,2684 1768,2684 1793,2684 1818,2684 1844,2684 1869,2684 1894,2684 1919,2684 1945,2684 1970,2684 1995,2685 2020,2685 2046,2685"/>
                <TextEquiv>
                    <Unicode>sye er synem handtwerk</Unicode>
                </TextEquiv>
            </TextLine>
            <TextLine id="r1l38" custom="readingOrder {index:37;} place {offset:13; length:7;}">
                <Coords points="1525,2744 1585,2771 1632,2752 1736,2762 1777,2739 1819,2762 1875,2743 1917,2770 1964,2736 2049,2764 2097,2754 2095,2687 1946,2715 1902,2690 1856,2702 1810,2684 1721,2691 1696,2711 1525,2718"/>
                <Baseline points="1536,2744 1563,2744 1590,2745 1618,2744 1645,2744 1673,2742 1700,2742 1728,2741 1755,2739 1783,2738 1810,2736 1837,2736 1865,2735 1892,2734 1920,2733 1947,2732 1975,2732 2002,2732 2030,2733 2057,2733 2085,2735"/>
                <TextEquiv>
                    <Unicode>nachzogen zu Schwytz ein bebb</Unicode>
                </TextEquiv>
            </TextLine>
            <TextLine id="r1l39" custom="readingOrder {index:38;}">
                <Coords points="1522,2820 1641,2793 1661,2810 1698,2795 1733,2825 1789,2810 1839,2827 1871,2805 1917,2826 1976,2789 2093,2814 2093,2762 1993,2763 1919,2733 1856,2759 1780,2738 1737,2762 1617,2765 1578,2739 1521,2744"/>
                <Baseline points="1533,2790 1560,2789 1587,2787 1615,2786 1642,2784 1670,2784 1697,2783 1725,2783 1752,2783 1780,2783 1807,2783 1834,2783 1862,2783 1889,2783 1917,2783 1944,2784 1972,2784 1999,2784 2027,2784 2054,2784 2082,2784"/>
                <TextEquiv>
                    <Unicode>dir dienett ✳ dis ietz wirnacht</Unicode>
                </TextEquiv>
            </TextLine>
            <TextLine id="r1l40" custom="readingOrder {index:39;}">
                <Coords points="1993,2863 2008,2865 2027,2849 2034,2855 2040,2848 2047,2848 2064,2856 2075,2845 2082,2851 2097,2848 2095,2812 2082,2814 2071,2808 2065,2815 2058,2813 2045,2800 2041,2805 2036,2803 2021,2790 2006,2795 1990,2794"/>
                <Baseline points="2003,2843 2030,2843 2057,2841 2085,2841"/>
                <TextEquiv>
                    <Unicode>sider</Unicode>
                </TextEquiv>
            </TextLine>
            <TextEquiv>
                <Unicode>Niemandts mittitt args nach dis
angstattet ✳ unnd so man synenn
en nitt glauben, bittet er min 
herren Ir g weble gen schaff
husen schryben unnd sins thuns
vnnd lassens bericht empfachen,
zu letst zinptt erouch an, das er
vngfar vor dieen Jaren auch
odhie gfangen glägen von wegen
das er dem bettelvogtt Steffen
genant uffegept ✳ das er were
mitt rutten uszgschwungen wad
er doch ledig von wegt dase
recht glegt widerumb ußglasen
unnd hab domals derselbig
Steffen Ime allen coster
müssen abtragen

ff mittwuchen den lesten
Januarii 1554 present. herr
Matheus Knecht, vnnd derweil
den haitt Beirg Schiider ein
Schumacher Knecht von Schaff¬
husen zu Marsilianzoͤgt
fetz dru dar hab Er hie
von wegn des bettelvogtts
mussen ein monat von worte
wegen ußschunen, dasye er heim
san Schaffgusten zogen, da
dnn sin vogt bekleider 
so sye ergan basell zogen unnd
dadannen mitt houpstman chert
ei zum Kung ✳ usz dem kriez
wider gan basebl ehen ✳ unnd
da lang im spittal kranck
glägen, als er gsund worden
sye er synem handtwerk
nachzogen zu Schwytz ein bebb
dir dienett ✳ dis ietz wirnacht
sider</Unicode>
            </TextEquiv>
        </TextRegion>
        <TextRegion orientation="0.0" id="r2" custom="readingOrder {index:1;}">
            <Coords points="2246,577 2246,2791 2876,2791 2876,577"/>
            <TextLine id="r2l1" custom="readingOrder {index:0;}">
                <Coords points="2237,690 2312,652 2385,665 2507,620 2597,645 2666,618 2710,640 2757,607 2878,624 2872,557 2833,535 2734,535 2644,572 2228,599"/>
                <Baseline points="2246,665 2276,657 2307,651 2338,645 2369,641 2400,636 2431,632 2462,629 2493,625 2524,623 2555,619 2585,617 2616,615 2647,612 2678,611 2709,609 2740,606 2771,605 2802,603 2833,602 2864,599"/>
                <TextEquiv>
                    <Unicode>Onder hab er kein meister können</Unicode>
                </TextEquiv>
            </TextLine>
            <TextLine id="r2l2" custom="readingOrder {index:1;}">
                <Coords points="2254,737 2339,732 2377,684 2416,698 2488,679 2587,686 2603,669 2772,678 2824,650 2868,657 2864,618 2750,612 2713,634 2672,618 2559,650 2506,621 2440,652 2246,661"/>
                <Baseline points="2262,708 2291,704 2321,698 2351,693 2380,689 2410,686 2440,681 2469,678 2499,675 2529,672 2559,669 2588,667 2618,663 2648,661 2677,658 2707,656 2737,654 2766,650 2796,648 2826,645 2856,642"/>
                <TextEquiv>
                    <Unicode>findn, darum ermussen dem</Unicode>
                </TextEquiv>
            </TextLine>
            <TextLine id="r2l3" custom="readingOrder {index:2;}">
                <Coords points="2263,779 2301,788 2331,757 2394,780 2446,749 2472,768 2547,731 2592,753 2614,729 2659,744 2692,719 2710,733 2774,707 2821,727 2850,711 2846,670 2800,668 2628,693 2555,680 2455,711 2392,686 2346,725 2258,718"/>
                <Baseline points="2273,758 2301,752 2329,747 2357,742 2385,737 2414,733 2442,731 2470,728 2498,726 2526,724 2555,721 2583,718 2611,717 2639,715 2667,714 2696,712 2724,710 2752,707 2780,704 2808,701 2837,698"/>
                <TextEquiv>
                    <Unicode>allmnste nachziechen, habe aber</Unicode>
                </TextEquiv>
            </TextLine>
            <TextLine id="r2l4" custom="readingOrder {index:3;}">
                <Coords points="2252,832 2288,814 2386,819 2419,792 2447,814 2496,808 2570,773 2646,800 2759,768 2877,772 2871,696 2802,741 2692,719 2650,747 2541,736 2475,764 2399,735 2371,768 2247,772"/>
                <Baseline points="2261,807 2291,804 2321,799 2351,796 2381,792 2411,789 2441,786 2472,783 2502,781 2532,778 2562,775 2592,774 2622,771 2652,770 2683,767 2713,766 2743,764 2773,761 2803,759 2833,756 2864,755"/>
                <TextEquiv>
                    <Unicode>keingsellschafft nieghan ✳ unnd</Unicode>
                </TextEquiv>
            </TextLine>
            <TextLine id="r2l5" custom="readingOrder {index:4;}">
                <Coords points="2254,887 2434,854 2468,874 2505,838 2618,863 2720,834 2741,848 2883,826 2879,774 2805,769 2655,804 2572,773 2509,808 2444,812 2419,792 2380,819 2354,797 2330,825 2250,833"/>
                <Baseline points="2262,858 2292,854 2322,850 2353,846 2383,843 2414,840 2444,837 2474,834 2505,833 2535,830 2566,828 2596,825 2626,824 2657,822 2687,821 2718,819 2748,818 2778,816 2809,815 2839,813 2870,812"/>
                <TextEquiv>
                    <Unicode>mitt desz ghandlett ✳ blybt sunst</Unicode>
                </TextEquiv>
            </TextLine>
            <TextLine id="r2l6" custom="readingOrder {index:5;}">
                <Coords points="2268,943 2293,928 2325,941 2365,903 2393,921 2417,897 2453,910 2497,889 2558,911 2620,878 2692,907 2801,873 2869,881 2869,826 2801,849 2763,834 2612,859 2506,838 2478,867 2434,855 2264,887"/>
                <Baseline points="2277,912 2306,909 2335,905 2364,901 2394,898 2423,895 2452,891 2481,888 2511,887 2540,884 2569,881 2598,879 2628,878 2657,875 2686,875 2715,873 2745,872 2774,870 2803,869 2832,869 2862,867"/>
                <TextEquiv>
                    <Unicode>gentzlich sy synem verhebnem se¬</Unicode>
                </TextEquiv>
            </TextLine>
            <TextLine id="r2l7" custom="readingOrder {index:6;}">
                <Coords points="2258,996 2349,990 2430,943 2469,965 2528,943 2576,977 2715,931 2733,945 2784,928 2851,954 2878,937 2875,890 2819,898 2794,880 2692,911 2646,885 2561,915 2496,889 2394,920 2371,902 2332,937 2253,931"/>
                <Baseline points="2267,965 2297,961 2327,957 2357,953 2387,950 2417,948 2447,946 2477,944 2507,941 2537,938 2567,937 2597,935 2627,933 2657,932 2687,930 2717,929 2747,927 2777,926 2807,925 2837,924 2867,923"/>
                <TextEquiv>
                    <Unicode>sheid Ist angunden will aber</Unicode>
                </TextEquiv>
            </TextLine>
            <TextLine id="r2l8" custom="readingOrder {index:7;}">
                <Coords points="2267,1032 2344,1016 2419,1032 2483,1012 2617,1034 2677,1027 2719,995 2757,1019 2869,992 2868,953 2828,948 2794,970 2646,948 2573,975 2530,944 2468,967 2428,944 2352,989 2304,980 2266,1002"/>
                <Baseline points="2277,1022 2306,1017 2335,1013 2364,1011 2393,1008 2422,1007 2451,1004 2480,1002 2509,1001 2538,1001 2567,999 2596,999 2625,998 2654,998 2683,997 2712,996 2741,995 2770,995 2799,992 2828,991 2858,989"/>
                <TextEquiv>
                    <Unicode>mitt anders stagen spricht er</Unicode>
                </TextEquiv>
            </TextLine>
            <TextLine id="r2l9" custom="readingOrder {index:8;}">
                <Coords points="2261,1085 2306,1078 2366,1110 2425,1070 2471,1068 2544,1102 2611,1094 2677,1058 2769,1076 2833,1059 2831,1005 2778,999 2755,1020 2722,1004 2641,1036 2483,1011 2456,1032 2375,1018 2258,1033"/>
                <Baseline points="2271,1079 2298,1075 2326,1073 2353,1070 2381,1068 2408,1066 2436,1064 2463,1063 2491,1062 2518,1060 2546,1059 2574,1058 2601,1058 2629,1056 2656,1056 2684,1055 2711,1053 2739,1052 2766,1052 2794,1050 2822,1047"/>
                <TextEquiv>
                    <Unicode>wöll heimziechen, vnnd da</Unicode>
                </TextEquiv>
            </TextLine>
            <TextLine id="r2l10" custom="readingOrder {index:9;}">
                <Coords points="2258,1171 2401,1149 2505,1160 2554,1119 2602,1145 2671,1120 2717,1140 2764,1118 2866,1116 2865,1074 2794,1091 2679,1054 2620,1092 2559,1099 2471,1070 2425,1070 2366,1108 2308,1082 2254,1089"/>
                <Baseline points="2267,1136 2296,1134 2325,1131 2355,1130 2384,1127 2414,1125 2443,1124 2472,1122 2502,1121 2531,1119 2561,1118 2590,1118 2619,1116 2649,1115 2678,1115 2708,1113 2737,1113 2766,1112 2796,1110 2825,1109 2855,1107"/>
                <TextEquiv>
                    <Unicode>zwerchensuchen vnnd memer</Unicode>
                </TextEquiv>
            </TextLine>
            <TextLine id="r2l11" custom="readingOrder {index:10;}">
                <Coords points="2262,1201 2407,1189 2454,1219 2542,1203 2614,1218 2706,1179 2758,1212 2886,1168 2885,1134 2752,1121 2647,1158 2546,1127 2510,1159 2261,1170"/>
                <Baseline points="2273,1190 2303,1190 2333,1188 2363,1188 2393,1187 2423,1186 2453,1185 2484,1184 2514,1183 2544,1182 2574,1181 2604,1179 2634,1179 2664,1178 2695,1176 2725,1175 2755,1173 2785,1172 2815,1170 2845,1169 2876,1167"/>
                <TextEquiv>
                    <Unicode>mer vmbher Ziechen noch har¬</Unicode>
                </TextEquiv>
            </TextLine>
            <TextLine id="r2l12" custom="readingOrder {index:11;}">
                <Coords points="2273,1271 2294,1264 2313,1279 2319,1274 2345,1273 2357,1279 2367,1273 2374,1277 2380,1269 2391,1275 2402,1273 2392,1192 2369,1199 2347,1192 2316,1194 2309,1203 2296,1205 2281,1193 2264,1200"/>
                <Baseline points="2282,1250 2308,1245 2334,1241 2360,1239 2387,1238"/>
                <TextEquiv>
                    <Unicode>Ehon</Unicode>
                </TextEquiv>
            </TextLine>
            <TextLine id="r2l13" custom="readingOrder {index:12;}">
                <Coords points="2307,1408 2433,1414 2569,1388 2591,1410 2623,1392 2674,1411 2725,1377 2882,1425 2881,1310 2785,1300 2761,1324 2711,1310 2647,1339 2614,1322 2568,1336 2498,1305 2442,1312 2369,1357 2306,1336"/>
                <Baseline points="2318,1394 2345,1391 2373,1390 2400,1389 2428,1388 2456,1386 2483,1386 2511,1385 2538,1385 2566,1383 2594,1383 2621,1383 2649,1383 2676,1383 2704,1383 2732,1383 2759,1383 2787,1383 2814,1383 2842,1383 2870,1383"/>
                <TextEquiv>
                    <Unicode>uff Zinstag den 16 t ag a.</Unicode>
                </TextEquiv>
            </TextLine>
            <TextLine id="r2l14" custom="readingOrder {index:13;}">
                <Coords points="2240,1454 2431,1447 2572,1472 2768,1435 2818,1465 2850,1456 2850,1419 2720,1378 2676,1413 2561,1388 2386,1421 2240,1363"/>
                <Baseline points="2250,1434 2279,1437 2309,1440 2338,1443 2368,1444 2397,1445 2427,1445 2456,1445 2486,1445 2515,1445 2545,1444 2574,1443 2604,1442 2633,1442 2663,1440 2692,1440 2722,1439 2751,1439 2781,1439 2810,1439 2840,1440"/>
                <TextEquiv>
                    <Unicode>Cnuanis 1514, pro sentib. herr</Unicode>
                </TextEquiv>
            </TextLine>
            <TextLine id="r2l15" custom="readingOrder {index:14;} person {offset:0; length:15;}">
                <Coords points="2264,1515 2388,1502 2416,1523 2501,1502 2553,1534 2716,1498 2838,1514 2872,1498 2871,1431 2821,1464 2767,1435 2687,1469 2628,1450 2572,1473 2428,1442 2320,1473 2263,1463"/>
                <Baseline points="2274,1503 2303,1503 2332,1502 2362,1502 2391,1502 2420,1502 2450,1502 2479,1502 2508,1500 2538,1500 2567,1500 2596,1500 2626,1499 2655,1499 2684,1497 2714,1497 2743,1496 2772,1496 2802,1494 2831,1494 2861,1493"/>
                <TextEquiv>
                    <Unicode>Umbrost im hoff ✳ des raths</Unicode>
                </TextEquiv>
            </TextLine>
            <TextLine id="r2l16" custom="readingOrder {index:15;} person {offset:5; length:15;}">
                <Coords points="2270,1580 2318,1590 2424,1555 2600,1568 2709,1549 2748,1576 2885,1563 2884,1496 2693,1525 2656,1506 2558,1532 2526,1506 2478,1526 2445,1507 2269,1519"/>
                <Baseline points="2280,1559 2309,1557 2339,1556 2369,1555 2398,1554 2428,1554 2458,1553 2487,1553 2517,1551 2547,1551 2577,1551 2606,1551 2636,1550 2666,1550 2695,1550 2725,1550 2755,1550 2784,1548 2814,1548 2844,1548 2874,1548"/>
                <TextEquiv>
                    <Unicode>herr Antomi wyermans handt¬</Unicode>
                </TextEquiv>
            </TextLine>
            <TextLine id="r2l17" custom="readingOrder {index:16;} place {offset:9; length:5;}">
                <Coords points="2264,1640 2314,1644 2386,1615 2462,1631 2499,1609 2568,1634 2616,1614 2870,1609 2856,1552 2754,1580 2704,1548 2633,1579 2587,1554 2433,1556 2368,1585 2264,1588"/>
                <Baseline points="2274,1611 2303,1610 2332,1608 2361,1608 2390,1607 2420,1607 2449,1605 2478,1605 2507,1605 2536,1605 2566,1605 2595,1604 2624,1604 2653,1604 2682,1604 2712,1604 2741,1604 2770,1602 2799,1602 2828,1602 2858,1601"/>
                <TextEquiv>
                    <Unicode>vogtt zu Morse ✳ unnd der wie</Unicode>
                </TextEquiv>
            </TextLine>
            <TextLine id="r2l18" custom="readingOrder {index:17;} place {offset:27; length:1;} person {offset:28; length:1; continued:true;}">
                <Coords points="2273,1665 2393,1698 2449,1670 2508,1691 2573,1666 2638,1694 2707,1659 2851,1677 2868,1675 2868,1609 2828,1605 2796,1632 2670,1613 2568,1634 2503,1606 2462,1630 2388,1618 2334,1634 2305,1608 2273,1628"/>
                <Baseline points="2283,1659 2311,1659 2340,1659 2369,1659 2398,1659 2426,1659 2455,1659 2484,1659 2513,1658 2541,1658 2570,1658 2599,1658 2628,1657 2656,1656 2685,1656 2714,1656 2743,1656 2771,1655 2800,1655 2829,1655 2858,1655"/>
                <TextEquiv>
                    <Unicode>weiben hatt hiligperta von S.</Unicode>
                </TextEquiv>
            </TextLine>
            <TextLine id="r2l19" custom="readingOrder {index:18;} person {offset:0; length:8; continued:true;}">
                <Coords points="2268,1737 2299,1726 2351,1756 2448,1720 2475,1741 2549,1744 2607,1715 2675,1751 2757,1713 2787,1737 2846,1721 2845,1682 2776,1687 2745,1661 2639,1691 2417,1664 2344,1693 2302,1661 2267,1666"/>
                <Baseline points="2279,1724 2306,1722 2334,1721 2362,1721 2390,1719 2418,1719 2445,1718 2473,1718 2501,1716 2529,1716 2557,1716 2584,1716 2612,1716 2640,1715 2668,1715 2696,1715 2723,1715 2751,1715 2779,1715 2807,1716 2835,1716"/>
                <TextEquiv>
                    <Unicode>Saphorin uß der morser herr</Unicode>
                </TextEquiv>
            </TextLine>
            <TextLine id="r2l20" custom="readingOrder {index:19;} person {offset:22; length:5; continued:true;}">
                <Coords points="2281,1812 2372,1786 2435,1804 2521,1780 2702,1809 2799,1780 2830,1793 2847,1790 2846,1720 2794,1735 2741,1716 2712,1748 2673,1749 2607,1715 2564,1747 2442,1719 2338,1755 2279,1730"/>
                <Baseline points="2291,1779 2318,1779 2345,1779 2372,1779 2399,1779 2427,1778 2454,1778 2481,1776 2508,1775 2535,1774 2563,1773 2590,1772 2617,1772 2644,1770 2671,1769 2699,1769 2726,1769 2753,1769 2780,1769 2807,1770 2835,1770"/>
                <TextEquiv>
                    <Unicode>schafft in der frauen Kespy</Unicode>
                </TextEquiv>
            </TextLine>
            <TextLine id="r2l21" custom="readingOrder {index:20;} person {offset:0; length:8; continued:true;}">
                <Coords points="2266,1867 2279,1869 2301,1858 2316,1869 2338,1854 2357,1868 2381,1844 2396,1844 2407,1833 2433,1827 2434,1797 2405,1790 2388,1796 2371,1787 2342,1802 2329,1796 2310,1811 2288,1791 2277,1802 2266,1802"/>
                <Baseline points="2277,1830 2306,1830 2335,1830 2364,1830 2393,1830 2423,1832"/>
                <TextEquiv>
                    <Unicode>Anheinet</Unicode>
                </TextEquiv>
            </TextLine>
            <TextLine id="r2l22" custom="readingOrder {index:21;}">
                <Coords points="2371,1942 2397,1940 2432,1967 2480,1939 2512,1967 2569,1940 2625,1964 2677,1964 2801,1957 2834,1937 2834,1898 2817,1892 2797,1902 2738,1893 2717,1873 2665,1886 2643,1871 2558,1909 2495,1861 2443,1869 2372,1843"/>
                <Baseline points="2381,1923 2407,1925 2433,1926 2459,1928 2485,1929 2511,1930 2537,1931 2563,1931 2589,1931 2615,1931 2641,1931 2667,1931 2693,1931 2719,1930 2745,1929 2771,1929 2797,1929 2823,1928"/>
                <TextEquiv>
                    <Unicode>erstlich als siy gfragett</Unicode>
                </TextEquiv>
            </TextLine>
            <TextLine id="r2l23" custom="readingOrder {index:22;}">
                <Coords points="2269,2003 2395,2022 2440,1989 2484,1989 2597,2019 2640,1990 2679,2005 2718,1985 2744,2009 2831,2017 2874,1998 2874,1948 2516,1963 2475,1939 2425,1965 2268,1899"/>
                <Baseline points="2280,1979 2309,1980 2338,1981 2367,1982 2396,1983 2426,1983 2455,1983 2484,1983 2513,1983 2542,1982 2572,1982 2601,1982 2630,1980 2659,1980 2688,1980 2718,1979 2747,1979 2776,1979 2805,1979 2834,1980 2864,1980"/>
                <TextEquiv>
                    <Unicode>worden von einem meintlinsealwen</Unicode>
                </TextEquiv>
            </TextLine>
            <TextLine id="r2l24" custom="readingOrder {index:23;}">
                <Coords points="2272,2045 2398,2057 2589,2036 2639,2070 2691,2050 2767,2071 2841,2038 2880,2064 2867,1997 2745,2011 2717,1987 2656,2005 2582,1981 2506,2004 2441,1989 2411,2013 2389,1992 2333,2014 2272,2008"/>
                <Baseline points="2282,2036 2311,2036 2340,2036 2370,2036 2399,2034 2429,2034 2458,2034 2487,2034 2517,2034 2546,2034 2576,2034 2605,2034 2634,2034 2664,2033 2693,2033 2723,2033 2752,2033 2781,2032 2811,2031 2840,2031 2870,2031"/>
                <TextEquiv>
                    <Unicode>en mitt Iren vmbher zogen, vnnd</Unicode>
                </TextEquiv>
            </TextLine>
            <TextLine id="r2l25" custom="readingOrder {index:24;}">
                <Coords points="2268,2128 2433,2116 2470,2094 2498,2111 2561,2095 2648,2129 2685,2097 2792,2115 2833,2096 2874,2117 2874,2056 2843,2039 2767,2072 2693,2042 2644,2069 2589,2036 2559,2052 2268,2052"/>
                <Baseline points="2279,2096 2308,2094 2337,2094 2366,2094 2396,2093 2425,2093 2454,2093 2483,2093 2513,2093 2542,2093 2571,2093 2600,2093 2630,2093 2659,2093 2688,2093 2717,2093 2747,2091 2776,2091 2805,2091 2834,2090 2864,2088"/>
                <TextEquiv>
                    <Unicode>gehulffen iren züg vnnd rüstung</Unicode>
                </TextEquiv>
            </TextLine>
            <TextLine id="r2l26" custom="readingOrder {index:25;}">
                <Coords points="2279,2178 2309,2166 2338,2189 2435,2187 2476,2160 2579,2190 2639,2145 2699,2150 2737,2177 2795,2145 2880,2145 2879,2117 2835,2096 2786,2117 2683,2100 2658,2125 2614,2126 2555,2099 2497,2114 2461,2097 2434,2115 2277,2126"/>
                <Baseline points="2289,2154 2319,2153 2349,2153 2380,2151 2410,2151 2441,2150 2471,2148 2502,2148 2532,2147 2563,2145 2593,2145 2624,2144 2654,2144 2685,2142 2715,2142 2746,2141 2776,2141 2807,2141 2837,2141 2868,2142"/>
                <TextEquiv>
                    <Unicode>tragen hatt sey geantwurttet das</Unicode>
                </TextEquiv>
            </TextLine>
            <TextLine id="r2l27" custom="readingOrder {index:26;}">
                <Coords points="2277,2244 2342,2219 2390,2248 2426,2216 2487,2223 2513,2205 2563,2206 2609,2240 2663,2206 2700,2231 2784,2200 2824,2225 2869,2207 2868,2168 2812,2176 2774,2155 2742,2175 2650,2147 2601,2179 2570,2150 2529,2181 2477,2163 2436,2184 2339,2188 2305,2167 2275,2183"/>
                <Baseline points="2288,2213 2316,2211 2345,2209 2373,2208 2402,2207 2430,2205 2459,2204 2487,2204 2516,2204 2544,2202 2573,2202 2601,2201 2630,2201 2658,2201 2687,2201 2715,2199 2744,2199 2772,2198 2801,2196 2829,2196 2858,2195"/>
                <TextEquiv>
                    <Unicode>gedacht meittlin sye (so Georzen</Unicode>
                </TextEquiv>
            </TextLine>
            <TextLine id="r2l28" custom="readingOrder {index:27;}">
                <Coords points="2295,2286 2326,2293 2356,2273 2404,2298 2436,2279 2517,2290 2607,2263 2665,2287 2725,2268 2756,2287 2801,2264 2858,2279 2856,2221 2782,2205 2715,2236 2658,2209 2596,2242 2512,2205 2405,2248 2293,2218"/>
                <Baseline points="2306,2267 2333,2268 2360,2268 2387,2268 2414,2268 2441,2267 2468,2266 2495,2265 2522,2265 2549,2263 2576,2262 2603,2261 2630,2260 2657,2259 2684,2258 2711,2256 2738,2256 2765,2255 2792,2255 2819,2255 2846,2255"/>
                <TextEquiv>
                    <Unicode>gnempt) Irem zun vermech¬</Unicode>
                </TextEquiv>
            </TextLine>
            <TextLine id="r2l29" custom="readingOrder {index:28;}">
                <Coords points="2285,2338 2501,2323 2539,2345 2564,2321 2615,2334 2705,2312 2737,2336 2807,2339 2849,2315 2847,2272 2751,2284 2729,2265 2680,2287 2611,2263 2517,2291 2432,2278 2383,2309 2283,2297"/>
                <Baseline points="2295,2330 2322,2328 2349,2327 2376,2327 2403,2325 2430,2324 2457,2322 2485,2320 2512,2319 2539,2317 2566,2316 2593,2314 2620,2313 2647,2312 2675,2310 2702,2308 2729,2307 2756,2306 2783,2305 2810,2304 2838,2304"/>
                <TextEquiv>
                    <Unicode>ertt, aber nie zu Kilchen gangen</Unicode>
                </TextEquiv>
            </TextLine>
            <TextLine id="r2l30" custom="readingOrder {index:29;}">
                <Coords points="2300,2407 2403,2389 2504,2400 2611,2367 2694,2401 2765,2392 2806,2360 2840,2369 2837,2326 2719,2329 2682,2349 2580,2321 2540,2343 2486,2323 2373,2363 2296,2338"/>
                <Baseline points="2309,2390 2336,2389 2363,2387 2390,2385 2418,2382 2445,2382 2472,2379 2500,2377 2527,2375 2554,2374 2582,2372 2609,2369 2636,2368 2664,2366 2691,2365 2718,2363 2746,2361 2773,2360 2800,2358 2828,2357"/>
                <TextEquiv>
                    <Unicode>dan Er iren zu früy</Unicode>
                </TextEquiv>
            </TextLine>
            <TextLine id="r2l31" custom="readingOrder {index:30;}">
                <Coords points="2292,2458 2340,2482 2380,2466 2435,2476 2466,2445 2493,2459 2562,2428 2636,2459 2661,2433 2868,2416 2865,2357 2821,2386 2693,2401 2611,2367 2548,2405 2403,2388 2289,2409"/>
                <Baseline points="2303,2447 2330,2445 2358,2443 2386,2442 2414,2439 2441,2438 2469,2436 2497,2433 2525,2433 2552,2431 2580,2429 2608,2427 2636,2426 2663,2424 2691,2422 2719,2421 2747,2419 2774,2417 2802,2415 2830,2414 2858,2411"/>
                <TextEquiv>
                    <Unicode>abgangen ✳ unnd gestorbe unnd</Unicode>
                </TextEquiv>
            </TextLine>
            <TextLine id="r2l32" custom="readingOrder {index:31;} person {offset:0; length:5;}">
                <Coords points="2296,2540 2376,2535 2428,2503 2493,2525 2553,2491 2581,2511 2702,2472 2797,2492 2855,2475 2851,2419 2661,2434 2621,2460 2562,2429 2493,2460 2466,2446 2422,2478 2290,2460"/>
                <Baseline points="2304,2505 2332,2502 2360,2501 2389,2499 2417,2497 2445,2495 2474,2492 2502,2492 2530,2489 2559,2487 2587,2486 2616,2484 2644,2482 2672,2480 2701,2478 2729,2477 2757,2475 2786,2472 2814,2471 2843,2468"/>
                <TextEquiv>
                    <Unicode>Jugar zeigen sy Ire kundt¬</Unicode>
                </TextEquiv>
            </TextLine>
            <TextLine id="r2l33" custom="readingOrder {index:32;}">
                <Coords points="2307,2567 2421,2545 2523,2568 2569,2540 2616,2565 2640,2539 2686,2531 2871,2539 2868,2491 2768,2477 2668,2498 2634,2483 2608,2509 2554,2491 2498,2522 2431,2503 2368,2534 2304,2526"/>
                <Baseline points="2318,2555 2345,2554 2372,2553 2399,2551 2426,2549 2453,2547 2480,2545 2507,2543 2534,2541 2561,2539 2588,2536 2615,2535 2642,2532 2669,2529 2696,2528 2723,2526 2750,2523 2777,2521 2804,2519 2831,2517 2858,2516"/>
                <TextEquiv>
                    <Unicode>anne das sy mitt einandernn</Unicode>
                </TextEquiv>
            </TextLine>
            <TextLine id="r2l34" custom="readingOrder {index:33;}">
                <Coords points="2312,2612 2404,2623 2557,2598 2605,2632 2687,2590 2725,2607 2721,2544 2680,2553 2642,2538 2618,2564 2593,2554 2560,2572 2495,2550 2448,2560 2417,2546 2351,2579 2309,2571"/>
                <Baseline points="2324,2612 2350,2610 2376,2607 2402,2605 2428,2604 2454,2602 2480,2599 2506,2597 2532,2596 2558,2594 2584,2592 2610,2591 2636,2589 2662,2589 2688,2588 2714,2588"/>
                <TextEquiv>
                    <Unicode>Ire ftrauwen gehalt₎n</Unicode>
                </TextEquiv>
            </TextLine>
            <TextLine id="r2l35" custom="readingOrder {index:34;}">
                <Coords points="2306,2708 2461,2661 2500,2684 2536,2668 2577,2688 2601,2666 2765,2667 2793,2639 2862,2661 2857,2600 2777,2581 2712,2609 2686,2591 2600,2632 2584,2620 2553,2636 2504,2601 2299,2628"/>
                <Baseline points="2315,2684 2341,2679 2368,2676 2395,2671 2421,2668 2448,2665 2475,2662 2501,2661 2528,2658 2555,2655 2582,2654 2608,2652 2635,2650 2662,2648 2688,2647 2715,2645 2742,2642 2768,2639 2795,2637 2822,2634 2849,2630"/>
                <TextEquiv>
                    <Unicode>enne hatt sy weder zichtig</Unicode>
                </TextEquiv>
            </TextLine>
            <TextLine id="r2l36" custom="readingOrder {index:35;}">
                <Coords points="2308,2731 2359,2759 2390,2725 2479,2735 2550,2710 2591,2724 2744,2686 2802,2699 2856,2687 2848,2635 2822,2656 2792,2639 2774,2661 2731,2641 2699,2673 2633,2662 2501,2678 2464,2660 2366,2697 2304,2695"/>
                <Baseline points="2319,2724 2345,2724 2371,2723 2397,2721 2423,2720 2450,2719 2476,2716 2502,2713 2528,2711 2554,2708 2581,2704 2607,2702 2633,2699 2659,2696 2685,2691 2712,2689 2738,2686 2764,2682 2790,2680 2816,2676 2843,2673"/>
                <TextEquiv>
                    <Unicode>noch sekhantlich wellen sin ✳ das</Unicode>
                </TextEquiv>
            </TextLine>
            <TextLine id="r2l37" custom="readingOrder {index:36;}">
                <Coords points="2317,2808 2371,2791 2419,2808 2470,2776 2518,2790 2659,2748 2717,2773 2763,2752 2792,2760 2858,2724 2854,2688 2706,2697 2657,2723 2601,2713 2585,2726 2559,2709 2479,2736 2388,2726 2359,2756 2308,2733"/>
                <Baseline points="2324,2780 2350,2777 2376,2773 2402,2770 2428,2766 2454,2765 2480,2761 2507,2758 2533,2756 2559,2753 2585,2751 2611,2748 2637,2745 2663,2742 2690,2739 2716,2737 2742,2734 2768,2730 2794,2727 2820,2723 2847,2718"/>
                <TextEquiv>
                    <Unicode>sy Eeinem knaben ein parquet</Unicode>
                </TextEquiv>
            </TextLine>
            <TextEquiv>
                <Unicode>Onder hab er kein meister können
findn, darum ermussen dem
allmnste nachziechen, habe aber
keingsellschafft nieghan ✳ unnd
mitt desz ghandlett ✳ blybt sunst
gentzlich sy synem verhebnem se¬
sheid Ist angunden will aber
mitt anders stagen spricht er
wöll heimziechen, vnnd da
zwerchensuchen vnnd memer
mer vmbher Ziechen noch har¬
Ehon
uff Zinstag den 16 t ag a.
Cnuanis 1514, pro sentib. herr
Umbrost im hoff ✳ des raths
herr Antomi wyermans handt¬
vogtt zu Morse ✳ unnd der wie
weiben hatt hiligperta von S.
Saphorin uß der morser herr
schafft in der frauen Kespy
Anheinet
erstlich als siy gfragett
worden von einem meintlinsealwen
en mitt Iren vmbher zogen, vnnd
gehulffen iren züg vnnd rüstung
tragen hatt sey geantwurttet das
gedacht meittlin sye (so Georzen
gnempt) Irem zun vermech¬
ertt, aber nie zu Kilchen gangen
dan Er iren zu früy
abgangen ✳ unnd gestorbe unnd
Jugar zeigen sy Ire kundt¬
anne das sy mitt einandernn
Ire ftrauwen gehalt₎n
enne hatt sy weder zichtig
noch sekhantlich wellen sin ✳ das
sy Eeinem knaben ein parquet</Unicode>
            </TextEquiv>
        </TextRegion>
    </Page>
</PcGts>
