4032 3024
1209 448 1938 570 wegenn sin verwurcktt labenn geschrncktt ✳
1222 493 1926 625 unnd darby zu rechtt erbhenntt ✳ des
1227 539 1925 669 rnantter Lüx uff hüttigenn tag nach
1213 569 1943 725 der perdig allsie zuͦ bernn vor einer gantz
1220 661 1932 764 mmeind stan ✳ unnd die pitt ✳ beckhanngnns
1222 691 1952 809 unnd widerruff thun ✳ soͤlle ✳ wir harnach
1232 747 1664 826 volbgett Mittnamenn
1729 769 1838 849 Dis
1830 799 1938 868 er lus
1224 783 1970 904 judenn statt hie unnd bittett gott den
1232 852 1965 953 almechttigenn ✳ ouch min s herrenn ✳ und
1235 896 1949 997 ein gantze gmeind zuͦ statt unnd land
1238 951 1955 1051 und verzychung vonn waͤgenn ✳ verlethter
1233 983 1960 1098 oberkeitt ✳ unnd beckhenntt sich offentlic
1224 1051 1963 1155 das er irenn gnach ✳ unnd einer gmeind de
1216 1085 1945 1189 statt unnd landtschafftt bernn ✳ gwaltt
1221 1144 1903 1234 unnd unrechtt than ✳ soͤmlichs uff sy
1244 1188 1925 1267 rdachtt unnd mitt urloub erlogenn
1235 1234 1941 1315 unnd das sy ir unnd alwegenn gethan
1249 1277 1968 1356 handlett unnd sich ghaltt₎ habennt
1232 1326 1972 1399 wir einer frommenn redlich₎ oberkeit
1247 1366 1926 1454 unnd uffrechttenn dapffern sinenn
1253 1424 1952 1497 8 herrenn woll anstaft ✳ unnd biderben
1247 1468 1975 1554 lütt₎ gebürt ✳ dar für er sic₎ ouch habtett
1262 1515 1759 1604 unnd fùrerhaltt₎ will
1291 1582 1950 1689 diss zwo personenn mitt namenn Hanns
1288 1644 1951 1730 brechttold usz der bilchori Bolligenn
1270 1690 1905 1777 unnd Margrech gratt usz der eilthör
1270 1725 1925 1826 wchingenn ✳ siner erfrouwenn stirff
1259 1786 1903 1865 mutter ✳ habennt wider christenliche
1263 1824 1956 1911 ordnung mitt einandern lange zytt ghirrtt
1251 1874 1923 1956 unnd zwey unerliche khind ✳ eins
1246 1927 1944 1999 fùnff ✳ das ander jetz vier jar alltt
1307 1963 1945 2042 amlicher kergerlicher hury by unnd
1267 2009 1935 2076 mitt einandern ghoptt ✳ dardurch min
1269 2048 1938 2139 s herrenn schultthrisz rath unnd
1273 2094 1936 2174 burger diser loblichenn statt dernn
1274 2148 1921 2220 Eùg ✳ unnd rechtt ghoptt ✳ sy an
1269 2190 1941 2264 irenn lybenn zestraffenn ✳ habennt
1286 2237 1910 2309 aber vonn pitt wegenn ✳ irer frund₎
1275 2279 1910 2346 unnd anderer herenn luthenn ✳ sy
1272 2319 1902 2393 usz gnadenn uff verhofftte besserung
1268 2353 1968 2440 nit wytter dann gegenwùrttiger gstaltt
1268 2396 1990 2483 mit dem halszysenn gestrafftt ✳ mengkach
1280 2446 1943 2527 zu sinein vorbilld ✳ sich vor soͤlichen
1275 2497 1887 2575 unnd weglichen lastern wùssenn
1276 2535 1484 2604 zeuerhütte
1471 2557 1617 2666 D
1631 2562 1956 2680 kum zinstngs den
1546 2645 1958 2732 vy 1tag Mertez im
1645 2724 1843 2797 553
2659 483 2727 558 68
2069 498 2649 607 Vff den 6 tAppritis 155
2066 576 2729 668 Bersentibus herr Großw Pastors unnd
2037 623 2746 714 ettlicher weiblenn ✳ hatt frauwyf Frybvla
2018 684 2676 773 vonn murtten in der frouwenn erff
2021 737 2187 813 antzeigtt
2045 846 2741 954 Dem sy heig einen man ghoptt by dem
2041 920 2745 1014 sy zwoy kind ghoptt ✳ derzelbig syge vonn
2024 976 2724 1059 fra ungfar by sechs oder siben jarenn
2021 1026 2727 1113 in krieg in das Bickerky zogenn ✳ unnd
2008 1080 2704 1158 daselbst elibenn unnd umbkommenn
2017 1130 2699 1220 winach hab sy ouch den andre kind
2024 1183 2428 1278 by anderlüchen gehoptt
2033 1271 2748 1355 dem so syge sy ebenn ein mal unnd mir
2021 1341 2760 1412 wüse sy nitt alhie mittsamptt noch zweyrn
2006 1382 2754 1466 iso alldry zuͦ Bimplütz im füszli gfengblich
2018 1431 2727 1520 angnommenn in der keffi gfangenn
2016 1488 2733 1566 gelogenn ✳ sy wùsz aber gantz unnd gar
2020 1540 2667 1603 nt das sy einen eyd vonn der stutt
2027 1586 2733 1661 zothan habe ✳ sy hal ouch gar mitgit
2035 1624 2715 1704 gloptt ✳ sonnders als sy widerumb
2031 1677 2685 1759 uszglaßenn hette sy der weybell
2026 1732 2619 1812 shrisen zur statt uszhin gan
2051 1800 2699 1908 sem als irenn fùrghaltt₎ wie
2041 1877 2693 1957 sy diser tagenn vor den lith grob
2029 1912 2727 2002 ungeburlich syttenn gebruchtt mit
2047 1973 2559 2058 ffhebung der bleidern cꝭ
2042 2054 2760 2149 att sy grantwurtt sy hatte min
2026 2119 2715 2200 einen bin schut angfallen mit im
2027 2164 2738 2251 im geschiupfett unnd soͤlichs in keine
2030 2221 2719 2298 bosen nit gethan ✳ welle es ouch
2024 2267 2750 2336 furer nit mor thuͦn ✳ sy hab ouch disen
2022 2313 2764 2397 winter zlysenn unnd jarbergdisen
2032 2364 2753 2452 winter gspunnen ✳ unnd sic₎ also vrner
2048 2462 2737 2566 Man sol sy von statt wnnd land
2088 2536 2730 2627 wysen, darby iren anzeig₎n so
2071 2592 2770 2683 vor sey wytter daruin ergriffn wer¬
2065 2644 2760 2736 da man sy übel mit rutten schwen
2063 2692 2728 2787 sen ✳ das man ouch innlso
2075 2746 2525 2843 ver sy ergriffen soll
