4032 3024
1621 522 2188 649 ohonen ✳ habe ir ir jetzigen
1654 576 2199 688 man ein gutz trünklichen
1651 614 2191 736 unnd einstreig mitt flagen
1640 656 2191 772 dagen uff styguschlagen den
1650 702 2195 822 nach uff die landehinder
1656 753 2203 870 werds Einschrinden ve
1650 796 2207 917 da man dan wol die mt
1642 848 2196 977 zeichen sctter in irenkeb
1642 901 2190 1006 Elso das die herren vn¬
1652 958 2201 1061 thaffusten ime in bunden
1655 1010 2192 1098 das er mitt dru von Funst
1630 1066 2188 1141 stgärer zum andren fuer
1637 1107 2200 1198 bis ss genaͤsze unnd habe ir
1635 1151 2190 1236 man sinschwort ouch ander
1644 1194 2177 1282 ding verkoufft damitt ir
1636 1238 2180 1326 shufffen wurde ✳ unnd als
1621 1282 2190 1389 sy gefragt worden wie sysich
1616 1338 2190 1445 Eruerendt hatt sich geantworte
1632 1403 2190 1494 ir man habe lange zit geilt
1633 1457 2188 1546 sept unnd clei der diehej
1628 1497 2180 1593 gent sty verkroufft und
1614 1540 2189 1637 Als das nimen gwert haben
1624 1584 2187 1688 sy gebottatt Sunst zeigen
1623 1636 2191 1739 sy siich erlich shalten wisze
1620 1687 2194 1774 Auch mit anders von iren
1621 1734 2202 1838 man ✳ uszgnomen das siy laber
1636 1774 2180 1858 unwysend irs mans im
1637 1809 2176 1910 des tredranten zus zu
1629 1857 2171 1944 ufftholtren einen dock
1623 1895 2184 1997 zwoy bose humbdli under
1612 1950 2199 2049 stocket ouch messer inpfrond
1615 2000 2178 2091 sie aber Iren widerworden
1618 2037 2201 2156 It₎ won assiger spisz habes
1619 2115 2171 2207 woll gnomen ein halben
1607 2138 2187 2254 baß in Hirrer Anders aber
1612 2194 2168 2314 wyß sich mitt dan alein wir
1607 2248 1954 2351 oben gstgriben
1615 2313 2140 2444 Die etonne foden
1589 2390 2071 2496 g gntibzg ut jupra
1607 2461 2190 2573 hatt Lang Hanns vonloser
1620 2540 2171 2619 obgenanter Estbeten man
1603 2578 2101 2670 in der reffy anzeigt
1589 2641 2169 2750 hutlich von kleinen kind
1615 2712 2186 2811 har styge allher gan vonn
2240 2499 2331 2586 s
2850 547 2917 596 225
2393 574 3020 658 Im obren poithat ffuerdwor
2411 625 3019 692 dan da vom minen herrn ir
2401 660 3027 742 solten unnd uff erkogen ✳ der
2412 696 3023 775 darmach syger zu dem pre¬
2414 744 3029 826 dicanten gan kilchberg bho
2405 796 3022 865 men, dem der schwinen inr
2418 834 3004 904 dar gehiettet seyg byei oder ei
2398 885 3016 949 jarenn von vermelten pre
2396 917 3019 988 dicanten, zu dem wirt zin
2395 966 3005 1040 obgenelten dorff dhis dil₎
2394 1016 2979 1085 berg khomen dem den sab
2394 1059 2691 1126 versthachen
2399 1085 3005 1184 Dadanen gan obermisch und
2409 1152 2952 1224 da Gorg weber gedienet,
2411 1197 2980 1267 vnnd darnach andren wr
2403 1244 3024 1312 die er wol wett erzelen dbr
2374 1294 2986 1364 aber zuͦ Lutst zuͦ Oltingen
2397 1340 3005 1419 unnd als er vergangnns jar
2399 1391 3005 1451 zu wienacht verrumen man
2405 1431 3007 1499 neu zu baden knecht ain
2392 1471 3005 1535 si er ouch dartturt vnruwin
2410 1504 3000 1585 de Er stollt auch dienst dafin
2392 1555 2993 1629 den unst hette ersinmeiste
2404 1602 2988 1672 rrntt vertestenn wan er in
2397 1630 2964 1706 unsern gan lasen aber
2389 1662 2993 1757 als ander sach mitt ist gsin
2404 1716 2980 1794 ist ergegen Zyrich kert ✳ unnd
2393 1748 2947 1845 zu schlatten 1 tag trosthet
2406 1804 2969 1892 dar nach gegen Papperschwil
2405 1856 2970 1933 gingen ✳ und do habe er dise
2389 1896 2976 1973 frouwen nit mitt von raxper
2402 1947 2972 2021 thwyl funden signd mitt nn
2382 2008 2963 2071 anderen ins wirtzhusz ezert
2398 2038 2958 2112 da habe er um mus win und
2401 2089 2935 2165 ein unnd brott betzalt syte
2396 2129 2972 2207 er irnn getligen so hold wor
2401 2177 2953 2242 den wushte mit wie es zu gange
2409 2213 2957 2279 das er Iren die Er zugesprochen
2419 2258 2940 2329 unnd willens sy mitt im zu
2405 2283 2958 2361 stnoin vatter gan losenn zefùr
2406 2332 2952 2400 rn vnd da mitt iren den
2397 2372 2925 2450 sicchgang zithan iren ein
2412 2421 2804 2493 dicken daruff geben
2427 2476 2906 2578 Demn habstyglich zwey
2448 2536 2954 2619 der gstann Erstfeh
2398 2585 2958 2664 ffragt wo sys gnomnn ✳ habe
2405 2626 2920 2698 sy nitt kömen sagen dan
2398 2665 2938 2741 istolen han hatt dis iren
2405 2711 2913 2794 wider abzogen vnd den
2404 2739 2937 2839 burin so da warund wider
2410 2817 2536 2877 geban
