4032 3024
1409 523 1962 658 sy ja als er nun die thür
1378 597 1978 729 bschlosen unnd wider zuͦ iren
1414 659 1984 788 khon do were sy glegen grad wie
1407 720 1985 845 vor Daruf sy  als sy vor
1404 787 1987 900 zu Im gseytt er söllte mit
1417 844 1995 971 uszhin gomn bis sy wider keī
1413 925 1988 1039 selbs uszhin gangen unnd ger¬
1416 979 1981 1078 gett ob niemand da wàr ✳ und
1409 1037 1986 1154 als ✳ sy umbger komen seytt
1423 1104 1993 1218 sy er sillte hinden ußherge
1415 1173 1988 1278 daruf er hinweg unnd heim
1419 1227 1578 1338 gangen
1414 1307 1976 1431 Demmach zeigtt er ouch an
1418 1378 1988 1494 das es sich ungfar vierzeigen
1415 1437 1984 1541 tag oder z. wuchen vor Jetz:
1425 1515 1953 1603 bestrinpter zytt zutragen
1418 1568 1981 1671 Als sin sthwager Rudi sthet
1416 1637 1991 1732 unnd Cristan Diettrichsamp
1426 1691 1951 1792 andern hinder synem hus
1416 1752 1979 1858 gsessen unnd ein mirith ge¬
1420 1810 1988 1917 than do syg nieman in syne
1426 1877 1993 1977 hus daheimen gsin, dann er
1426 1940 1968 2038 denn syn volck were gan
1420 1998 1977 2095 Krieszi gwinnen ✳ unnd als
1432 2058 1984 2163 die so zuertet hattend ges
1436 2125 1991 2222 ettwas geszen do luffe er us¬
1426 2186 1994 2288 hin durch sin schwagers hùr
1430 2253 1999 2351 durcher sinem volck zerüffen
1431 2304 1940 2413 do stunde sins schwagers
1413 2380 2000 2476 frouw ouch abein im hus mit
1420 2434 1992 2539 derener gschinpfett ✳ deytte sy
1425 2493 1992 2610 er soolte einander mal ettwan
1884 2577 1978 2671 An
2634 472 2701 531 95
2147 484 2771 630 an einem morgen khon wie nun
2158 577 2767 701 sy inn also glade syger zu iren
2151 661 2771 775 kon ✳ an einem morgen ✳ aber
2162 730 2722 843 e syge ablwegen mitt irben
2164 778 2739 904 wiblen zuͦgangen ✳ unnd ven
2159 855 2783 969 dem syge der urhab gsin sunst
2155 917 2755 1048 hader wytters nitt weder vor
2160 990 2762 1094 noch nach mitt irenn ghand¬
2155 1084 2261 1166 lett
2128 1115 2792 1244 It₎ als sy gan kùnibz mitt¬
2173 1187 2761 1299 inandern an das horgricht
2160 1265 2782 1369 gsblen hab er einen nachfur₎
2154 1329 2764 1437 gant Balthasser hierman
2173 1395 2776 1495 zu iren gschickt sy laßen fragen
2169 1456 2747 1560 weß sins sy doch sy, ob sy
2169 1524 2777 1625 gernn usz dem handedl stedl₎
2167 1588 2476 1678 welle oder nitt,
2160 1651 2751 1764 daruf sy synem nachguren̄
2171 1727 2780 1810 gtantinortt ✳ sy woͤger gernn usz
2164 1783 2737 1884 dem handele stellen ✳ durch
2170 1850 2683 1950 des minsten gschreyb willen.
2160 1915 2757 2024 sliche antwortt ✳ als sy morn
2179 1990 2755 2091 des gan künitz an das chor.
2181 2043 2759 2146 gricht gemißen, wie er zu iren
2178 2106 2734 2196 in ir offen hus khomen sy
2169 2169 2753 2276 diser sach halb zefragn hab
2183 2236 2726 2327 er von iren selbs mundtlich
2180 2299 2403 2401 empfang₎n
