4032 3024
1456 410 1945 529 acob von Ers obgeschriben
1565 470 1862 579 In der Erfy
1275 502 1979 642 Psentib h. S. Stūnders, des Tof
1322 588 1979 713 S. frutiss. h. großw pestor
1361 648 1604 735 vt
1275 721 1967 829 Erstlich ist im fürghalten, was
1303 783 1954 888 zu lauppten durch die uffge¬
1298 844 1966 936 nommne k sich uff inn er
1309 890 1966 997 frunken, namlich, das im
1319 952 1975 1041 Rych des tags zum teil und
1310 998 1973 1087 zum wil am Andern tag
1313 1059 1979 1157 darnach, als das meili sie
1328 1110 1988 1211 des verluunsts erklagt, vn
1322 1171 1975 1256 gersprochen nimandts heigs Ira
1328 1217 1963 1300 Sstolt dan Jacob von Eree
1328 1267 1988 1361 sömlichs sye anzöngt worden
1340 1324 1975 1404 vnd das Er die Clag vnd
1340 1373 1973 1465 zu red wol gwùfft ✳ und nie
1341 1419 1983 1516 mit recht ab im than heige
1344 1468 1982 1571 noch das metzli daun anslange
1390 1541 1954 1630 hat anzöngt, er wüsse
1307 1598 1940 1684 nit, das wider Hans Hidlers
1335 1647 1963 1733 frauw noch der predicent
1342 1700 1972 1784 noch Peter hänifft ime glye
1350 1744 1990 1842 anzöugt, das das mezli In
1354 1793 1947 1883 des geschuildigen, Sudr
1364 1847 1987 1946 so heip Hans Sader Im E
1369 1900 1992 1992 sin Jacobs von Ern schwach
1363 1958 1989 2044 heit im anzöufft, das mer
1375 2002 2006 2100 rede von im als obstat w
1360 2057 1993 2156 Im beuolchen, er söll ims sac
1350 2121 2005 2215 daruff frast er Jacob inn
1373 2172 1999 2266 wie er im thun sölte, riet in
1354 2231 1986 2319 Hans Suder, Er sölts such vnd
1367 2277 2004 2370 vrrpiettn lan, zum rechtenn
1349 2340 1986 2436 do heit Ers gsucht, willens
1355 2377 2005 2494 dasselbig zthun, aber mir ko¬
1366 2447 1992 2554 nen finden, heis wol darnor
1366 2494 1999 2599 vernon, als er im husz gs
1342 2559 2002 2662 das es sich under dasket ve
1366 2622 1975 2715 borgen ehrpt mor des
2052 381 2744 530 vernäme er sy wäre den d
2058 475 2783 586 Sonsten gangen, da suchte ers auch
2067 534 2757 651 do sein sy im, es wäre mit
2067 590 2763 711 den khringslikn sthon darvon
2067 649 2771 769 Davnior, ee Haus Fader Inn des
2080 729 2787 821 brichter, als vorstat, seig Er wol
2073 793 2783 877 ghört, das das mitli etwas
2088 836 2790 926 verlursts klagt, aber nit güste
2087 896 2696 982 das es Inn des Zittnn
2076 943 2785 1043 Als Ers ghört, sye er des tags
2038 1007 2773 1103 so als es klagt, nach dem nacht
2071 1048 2776 1146 mal, als er ab dem tagwan kon
2081 1103 2722 1195 zuͦ im gangen vnd gsprochen
2086 1160 2772 1263 Es sölte zu fryburg vnd ander¬
2078 1219 2809 1319 schwo erkunndig, wirs gno fetter
2098 1278 2763 1378 ant das mehli  wohin
2096 1332 2774 1434 sol ich weiß nienen hin zekon
2088 1386 2761 1491 sprach er, ist die nit nödter
2098 1456 2759 1539 so must mich lan denk, es sy
2088 1506 2769 1597 mit dran du machest sest
2090 1557 2758 1646 aso ein spinselpfächt hätte er
2096 1613 2757 1692 dotz mal gwusst das syvn inn
2104 1660 2772 1757 zig₎ wölts de han anglasen
2125 1729 2729 1817 das er gredt sy heise gelt
2080 1757 2762 1868 gsprecket, das hes Er nit gsech
2116 1825 2709 1913 ders ghört von ande
2093 1879 2739 1967 die da grendt by spiegle gelt
2106 1929 2728 2016 doc₎ nit ùber 2 kron̄ c
2164 1975 2708 2072 Sein abscheid ist, er sye
2310 2036 2606 2122 schūldig etc.
2101 2106 2685 2232 uff ein gmein ursech usz kan
2110 2188 2731 2278 Sol luge vnd denck, das er die
2113 2245 2717 2327 vd ab im thuge oder m g
2099 2289 2713 2390 h. wirdt wyler geben im
2104 2350 2293 2452 hendli
