4032 3024
1415 550 2019 691 Ich han nach zechen gulde
1434 630 2012 741 vondem wil ich dir wol für
1436 688 2012 799 stetzen, do heiger Im einker¬
1437 737 2008 856 men furgsattt, die stelbige
1434 805 2020 911 beig er Im wider gere zum
1435 856 2010 968 ehrsten als e ein haupten
1434 914 2000 1006 hatt überkhen der in umb
1446 965 2000 1062 den sold behallt tc. unnd
1444 1020 2001 1120 nach dem er widerum pß
1452 1079 2017 1178 dem pycardyi kommen hey
1445 1132 2022 1231 In einer gebarnet, er aber
1445 1184 2004 1267 zeig nitt wollen flichen,
1428 1231 1981 1329 dann er sich unschuldig
1448 1293 2024 1388 gwüst unnd die kleinett
1459 1351 2022 1444 die In wrargmoneet heigen,
1451 1411 2016 1504 zeig er mitt im ussem kir
1461 1467 2026 1557 bracht syemit im geben unnd
1455 1522 2014 1624 geschenckt worden, ouch nach
1458 1578 2032 1680 darzu ein konen oder secht
1474 1635 1926 1744 darmitt fürgschlag₎n
1459 1704 1998 1826 Item es heig Im ein
1479 1781 2030 1880 kilchminer gstitt ✳ die wy¬
1477 1829 2037 1926 un von Kilchbirg habnnt
1472 1885 2042 1985 zu einem wärsiger gschickt
1472 1955 2024 2040 das er Inen anzeugete wir
1461 2001 2045 2097 inen die stackersty uffbrocg
1481 2064 2042 2153 er vermeint eheig in ange¬
1466 2114 2041 2205 geben, darum das sy diewyl
1485 2161 2039 2259 er nitt angeinsch geesen,
1482 2218 2049 2323 verschaffent gfur hand, des
1480 2282 2032 2369 man im ein trog uffge
1489 2331 2009 2421 brochen heig unnd zeig
1486 2391 2046 2481 ghöree stagen, wo der Au
1493 2441 2062 2525 nitt wär gsin, so herty mal
1478 2494 2047 2575 ins adl uffbrochen ✳ zeigent
1486 2544 2052 2634 gaber als er gloupst nüt
1527 2583 2057 2693 auch, dann nüwe kleidern
2085 1069 2136 1170 E
2123 485 2722 637 Item erwüß nitt war die
2146 567 2744 690 sigen so die sackersty uff¬
2160 635 2739 742 gebrochen aber man heig
2152 691 2770 796 die im argwon Bilgian
2161 737 2722 850 kouffmr ✳ unnd botky
2171 803 2772 905 er wels aber mit wffrichten
2166 865 2574 957 das dem also sy
2184 998 2785 1121 die menste Anno proe¬
2192 1084 2741 1176 vntibus ut supra hett
2162 1138 2780 1235 Im der yrstell trine hender
2182 1205 2783 1303 pl henders säligen tochter
2184 1267 2775 1373 von oberhoffen ✳ ob thun ✳ an
2170 1344 2343 1433 zöüget
2195 1420 2769 1542 Erstlich ir vatter silih
2199 1503 2798 1599 heig irn ein man gen syg
2189 1556 2763 1655 ein schloßer gsin, der hey sy
2187 1625 2777 1708 überredt erwell sy heim ins
2190 1674 2800 1770 niderland fùran ✳ unnd da husz
2198 1731 2703 1832 han ✳ als sy nin überen
2162 1786 2742 1906 Ehin komen heig er Iren
2220 1848 2768 1940 nitt mer wollen vnnd über
2206 1903 2777 2010 sy gschworen, sy sy niderum
2214 1969 2770 2069 gan Solaturn hinuwert
2221 2018 2762 2129 zogen vnnd daein andrrn
2227 2079 2765 2174 man überkhomen, der selb
2230 2142 2778 2233 zeig iren nitt mer wellen,
2197 2197 2747 2297 Es sy usem spittal zuͦ
2229 2239 2753 2360 Solothurn komen ✳ unnd
2225 2298 2783 2398 zu Iuen gesprochen, sy solle
2245 2336 2801 2449 gan war sy wölli er wells
2244 2401 2804 2505 uff sin beeknemen, wenn
2240 2445 2810 2555 er sey schon by einem anderen
2214 2500 2820 2616 funde so wöblt er sy mitt an¬
2246 2551 2784 2668 sprächen, degeg sy sich
2824 1568 2862 1629 8
2821 1254 2875 1303 di
