<?xml version="1.0" encoding="UTF-8" standalone="yes"?>
<PcGts xmlns="http://schema.primaresearch.org/PAGE/gts/pagecontent/2013-07-15" xmlns:xsi="http://www.w3.org/2001/XMLSchema-instance" xsi:schemaLocation="http://schema.primaresearch.org/PAGE/gts/pagecontent/2013-07-15 http://schema.primaresearch.org/PAGE/gts/pagecontent/2013-07-15/pagecontent.xsd">
    <Metadata>
        <Creator>prov=University of Rostock/Institute of Mathematics/CITlab|PLANET AI GmbH/Gundram Leifert/gundram.leifert@planet-ai.de:name=German_Kurrent_XVI-XVIII_M1(htr_id=19584)::::v=2.6.7
prov=University of Rostock/Institute of Mathematics/CITlab|PLANET AI GmbH/Tobias Gruening/tobias.gruening@planet-ai.de:name=de.uros.citlab.module.baseline2polygon.B2PSeamMultiOriented:v=2.6.7
prov=READ-COOP:name=PyLaia@TranskribusPlatform:version=0.5.8:model_id=38044:lm=none:date=08_11_2021_09:27
prov=READ-Coop:name=PyLaia@Transkribus:version=0.5.8:model_id=38044:lm=none:date=08_11_2021_09:26
prov=University of Rostock/Institute of Mathematics/CITlab|PLANET AI GmbH/Tobias Gruening/tobias.gruening@planet-ai.de:name=de.uros.citlab.module.baseline2polygon.B2PSeamMultiOriented:v=2.6.7</Creator>
        <Created>2021-08-09T15:46:11.668+02:00</Created>
        <LastChange>2022-09-09T17:19:51.478+02:00</LastChange>
        <TranskribusMetadata docId="1334763" pageId="52352517" pageNr="51" tsid="114634049" status="IN_PROGRESS" userId="9570" imgUrl="https://files.transkribus.eu/Get?id=PFWFMWTJNPBSYBQVKZTDIKWG&amp;fileType=view" xmlUrl="https://files.transkribus.eu/Get?id=EBWRXEXQRFSZSSOZFEXEBSZQ" imageId="22024924"/>
    </Metadata>
    <Page imageFilename="Foto 23.07.21, 9 19 17 AM.jpg" imageWidth="4032" imageHeight="3024">
        <ReadingOrder>
            <OrderedGroup id="ro_1687514136314" caption="Regions reading order">
                <RegionRefIndexed index="0" regionRef="r1"/>
                <RegionRefIndexed index="1" regionRef="r2"/>
            </OrderedGroup>
        </ReadingOrder>
        <TextRegion orientation="0.0" id="r1" custom="readingOrder {index:0;}">
            <Coords points="1242,533 1242,1801 1979,1801 1979,533"/>
            <TextLine id="r1l1" custom="readingOrder {index:0;}">
                <Coords points="1231,579 1314,558 1344,582 1484,583 1565,560 1637,590 1831,576 1944,605 1945,563 1782,508 1724,517 1677,493 1630,524 1520,486 1434,516 1270,478 1234,491"/>
                <Baseline points="1242,558 1276,558 1311,557 1345,557 1380,557 1415,555 1449,555 1484,554 1519,554 1553,554 1588,554 1623,555 1657,556 1692,558 1727,559 1761,562 1796,566 1831,570 1865,575 1900,581 1935,588"/>
                <TextEquiv>
                    <Unicode>ex sy by einer stapffenn mitt vinem</Unicode>
                </TextEquiv>
            </TextLine>
            <TextLine id="r1l2" custom="readingOrder {index:1;}">
                <Coords points="1240,620 1798,620 1893,653 1937,643 1938,601 1768,575 1634,591 1527,570 1241,574"/>
                <Baseline points="1250,605 1283,605 1317,605 1351,606 1385,606 1419,606 1453,606 1487,606 1521,606 1555,606 1589,606 1622,606 1656,608 1690,609 1724,610 1758,612 1792,614 1826,616 1860,621 1894,625 1928,630"/>
                <TextEquiv>
                    <Unicode>schytt nidergschlagenn ✳ unnd sy mitt</Unicode>
                </TextEquiv>
            </TextLine>
            <TextLine id="r1l3" custom="readingOrder {index:2;}">
                <Coords points="1237,663 1550,657 1611,681 1702,656 1928,696 1930,652 1870,630 1821,645 1797,619 1239,619"/>
                <Baseline points="1248,647 1281,648 1315,648 1348,650 1382,650 1416,650 1449,650 1483,650 1516,651 1550,651 1584,653 1617,653 1651,654 1684,656 1718,659 1752,660 1785,663 1819,668 1852,671 1886,677 1920,681"/>
                <TextEquiv>
                    <Unicode>germ tüchlin erwürgtt ✳ unnd also an</Unicode>
                </TextEquiv>
            </TextLine>
            <TextLine id="r1l4" custom="readingOrder {index:3;}">
                <Coords points="1242,717 1352,695 1640,733 1718,702 1919,752 1947,740 1949,696 1703,657 1646,681 1550,657 1244,665"/>
                <Baseline points="1253,692 1287,692 1321,693 1355,693 1389,693 1424,693 1458,693 1492,695 1526,695 1560,696 1595,696 1629,698 1663,699 1697,701 1731,704 1766,707 1800,710 1834,714 1868,720 1902,726 1937,732"/>
                <TextEquiv>
                    <Unicode>dem ortt eyblosz gmachtt ✳ unnd sy also</Unicode>
                </TextEquiv>
            </TextLine>
            <TextLine id="r1l5" custom="readingOrder {index:4;}">
                <Coords points="1249,756 1401,752 1454,777 1549,749 1607,780 1662,753 1768,782 1861,758 1902,796 1935,792 1936,744 1844,741 1795,712 1751,728 1719,702 1647,732 1251,708"/>
                <Baseline points="1260,743 1293,744 1326,744 1359,744 1393,744 1426,745 1459,746 1492,746 1526,746 1559,747 1592,747 1625,749 1659,750 1692,752 1725,753 1758,755 1792,758 1825,760 1858,763 1891,766 1925,770"/>
                <TextEquiv>
                    <Unicode>tod da lassenn ligenn ✳ doch syr vsz</Unicode>
                </TextEquiv>
            </TextLine>
            <TextLine id="r1l6" custom="readingOrder {index:5;}">
                <Coords points="1244,787 1337,818 1638,794 1665,824 1756,804 1943,827 1945,777 1865,759 1788,785 1688,779 1662,753 1623,775 1246,755"/>
                <Baseline points="1254,785 1288,786 1322,788 1356,790 1390,791 1424,792 1458,792 1492,794 1526,794 1560,795 1594,795 1628,797 1662,798 1696,798 1730,800 1764,801 1798,804 1832,807 1866,809 1900,812 1934,816"/>
                <TextEquiv>
                    <Unicode>im gaͤchem zornn ✳ bschechenn ✳ darum</Unicode>
                </TextEquiv>
            </TextLine>
            <TextLine id="r1l7" custom="readingOrder {index:6;}">
                <Coords points="1244,851 1616,851 1659,870 1708,854 1749,875 1842,853 1910,884 1929,881 1931,825 1757,804 1661,820 1639,798 1465,818 1338,787 1285,810 1246,785"/>
                <Baseline points="1254,837 1287,837 1320,837 1353,836 1387,836 1420,837 1453,837 1487,837 1520,839 1553,839 1587,840 1620,842 1653,843 1686,845 1720,846 1753,848 1786,850 1820,852 1853,853 1886,857 1920,858"/>
                <TextEquiv>
                    <Unicode>das sy im zugmuttett ✳ er soͤlltte ouch</Unicode>
                </TextEquiv>
            </TextLine>
            <TextLine id="r1l8" custom="readingOrder {index:7;}">
                <Coords points="1233,908 1322,891 1437,910 1528,887 1580,916 1737,925 1775,904 1808,928 1954,929 1956,885 1836,866 1236,851"/>
                <Baseline points="1244,882 1279,882 1314,882 1349,882 1384,884 1419,884 1454,884 1489,885 1524,885 1559,887 1594,888 1629,890 1664,891 1699,894 1734,896 1769,899 1804,901 1839,905 1874,907 1909,912 1944,915"/>
                <TextEquiv>
                    <Unicode>holtz nammenn unnd ira heim zuͦ irem</Unicode>
                </TextEquiv>
            </TextLine>
            <TextLine id="r1l9" custom="readingOrder {index:8;}">
                <Coords points="1239,960 1310,967 1335,943 1355,941 1410,969 1449,939 1484,971 1506,963 1557,972 1559,895 1478,915 1451,899 1388,913 1336,905 1323,891 1307,900 1294,892 1263,911 1240,899"/>
                <Baseline points="1250,929 1277,930 1304,932 1331,932 1358,933 1385,935 1412,935 1439,935 1466,935 1493,935 1520,935 1548,935"/>
                <TextEquiv>
                    <Unicode>hußtragenn tc.</Unicode>
                </TextEquiv>
            </TextLine>
            <TextLine id="r1l10" custom="readingOrder {index:9;}">
                <Coords points="1559,967 1568,971 1572,970 1573,973 1577,974 1584,971 1587,974 1594,972 1603,976 1627,913 1618,909 1613,912 1612,909 1602,914 1595,909 1588,911 1581,908"/>
                <Baseline points="1578,942 1602,951"/>
                <TextEquiv>
                    <Unicode></Unicode>
                </TextEquiv>
            </TextLine>
            <TextLine id="r1l11" custom="readingOrder {index:10;} person {offset:26; length:8; continued:true;}">
                <Coords points="1316,1118 1393,1141 1617,1114 1671,1139 1786,1100 1885,1115 1918,1145 1976,1131 1975,1072 1883,1086 1783,1039 1682,1072 1615,1038 1551,1073 1409,1058 1364,1074 1316,1051"/>
                <Baseline points="1326,1112 1359,1113 1393,1113 1426,1112 1460,1112 1494,1110 1527,1110 1561,1109 1595,1107 1628,1106 1662,1106 1695,1104 1729,1104 1763,1104 1796,1105 1830,1106 1864,1107 1897,1110 1931,1114 1965,1118"/>
                <TextEquiv>
                    <Unicode>uff somliche das egenante Melchior</Unicode>
                </TextEquiv>
            </TextLine>
            <TextLine id="r1l12" custom="readingOrder {index:11;} person {offset:0; length:7; continued:true;}">
                <Coords points="1289,1169 1383,1191 1460,1159 1562,1190 1600,1162 1674,1157 1765,1181 1826,1161 1966,1180 1966,1138 1783,1098 1733,1128 1451,1123 1421,1142 1288,1106"/>
                <Baseline points="1299,1164 1331,1164 1364,1164 1397,1163 1430,1163 1463,1161 1496,1160 1528,1159 1561,1157 1594,1155 1627,1155 1660,1153 1693,1152 1726,1152 1758,1152 1791,1152 1824,1153 1857,1154 1890,1156 1923,1160 1956,1163"/>
                <TextEquiv>
                    <Unicode>Müllers verzichtt ✳ unnd mishanndlung</Unicode>
                </TextEquiv>
            </TextLine>
            <TextLine id="r1l13" custom="readingOrder {index:12;} organization {offset:22; length:16; continued:true;}">
                <Coords points="1286,1231 1426,1213 1503,1236 1612,1208 1656,1225 1679,1204 1731,1233 1900,1201 1976,1214 1976,1182 1900,1161 1764,1183 1715,1158 1679,1181 1623,1160 1443,1188 1286,1169"/>
                <Baseline points="1296,1209 1329,1208 1363,1208 1396,1206 1430,1206 1463,1205 1497,1205 1530,1204 1564,1203 1597,1203 1631,1202 1665,1202 1698,1202 1732,1202 1765,1202 1799,1203 1832,1203 1866,1205 1899,1205 1933,1206 1967,1208"/>
                <TextEquiv>
                    <Unicode>habenn min y herrnn ✳ schullthvis ràtt</Unicode>
                </TextEquiv>
            </TextLine>
            <TextLine id="r1l14" custom="readingOrder {index:13;}">
                <Coords points="1271,1271 1605,1249 1752,1279 1822,1251 1937,1268 1956,1264 1956,1220 1858,1205 1730,1233 1687,1203 1505,1235 1429,1214 1271,1223"/>
                <Baseline points="1281,1253 1314,1253 1347,1253 1380,1251 1414,1251 1447,1251 1480,1250 1514,1250 1547,1250 1580,1250 1614,1250 1647,1250 1680,1250 1713,1250 1747,1250 1780,1251 1813,1251 1847,1252 1880,1253 1913,1254 1947,1256"/>
                <TextEquiv>
                    <Unicode>unnd sùrger diser loblichenn statt</Unicode>
                </TextEquiv>
            </TextLine>
            <TextLine id="r1l15" custom="readingOrder {index:14;} organization {offset:0; length:5; continued:true;}">
                <Coords points="1262,1307 1572,1300 1691,1335 1743,1306 1802,1333 1969,1314 1969,1276 1868,1250 1747,1275 1617,1252 1444,1281 1375,1254 1337,1279 1262,1271"/>
                <Baseline points="1272,1301 1306,1299 1340,1298 1375,1296 1409,1296 1443,1295 1478,1295 1512,1295 1546,1295 1581,1295 1615,1295 1649,1295 1684,1295 1718,1296 1752,1296 1787,1296 1821,1298 1855,1298 1890,1298 1924,1299 1959,1299"/>
                <TextEquiv>
                    <Unicode>bernn uff den eyd zu rechtt orckhennt</Unicode>
                </TextEquiv>
            </TextLine>
            <TextLine id="r1l16" custom="readingOrder {index:15;}">
                <Coords points="1268,1357 1362,1371 1379,1361 1395,1374 1439,1375 1472,1370 1530,1335 1579,1361 1577,1305 1500,1298 1424,1316 1414,1308 1403,1318 1383,1302 1363,1318 1341,1307 1307,1318 1266,1309"/>
                <Baseline points="1277,1341 1303,1343 1330,1343 1356,1343 1383,1341 1409,1340 1436,1337 1462,1336 1489,1335 1515,1335 1542,1336 1569,1338"/>
                <TextEquiv>
                    <Unicode>unnd gesprochenn</Unicode>
                </TextEquiv>
            </TextLine>
            <TextLine id="r1l17" custom="readingOrder {index:16;} person {offset:18; length:14;}">
                <Coords points="1294,1410 1396,1423 1478,1401 1565,1422 1798,1392 1837,1417 1959,1399 1959,1369 1817,1333 1746,1350 1668,1328 1560,1355 1528,1336 1442,1377 1294,1368"/>
                <Baseline points="1304,1394 1336,1394 1368,1394 1400,1392 1433,1392 1465,1392 1497,1392 1530,1391 1562,1391 1594,1391 1627,1391 1659,1391 1691,1391 1723,1391 1756,1391 1788,1391 1820,1391 1853,1391 1885,1391 1917,1391 1950,1391"/>
                <TextEquiv>
                    <Unicode>das man denselben melchor müller</Unicode>
                </TextEquiv>
            </TextLine>
            <TextLine id="r1l18" custom="readingOrder {index:17;}">
                <Coords points="1271,1462 1354,1440 1413,1467 1542,1441 1674,1461 1906,1450 1944,1440 1944,1400 1906,1420 1798,1392 1743,1415 1470,1401 1386,1421 1271,1401"/>
                <Baseline points="1281,1440 1313,1440 1346,1439 1378,1439 1411,1437 1444,1437 1476,1437 1509,1436 1542,1436 1574,1436 1607,1436 1640,1436 1672,1436 1705,1434 1738,1434 1770,1434 1803,1435 1836,1436 1868,1436 1901,1436 1934,1436"/>
                <TextEquiv>
                    <Unicode>dem nachrichtter bevelchenn ✳ der iun</Unicode>
                </TextEquiv>
            </TextLine>
            <TextLine id="r1l19" custom="readingOrder {index:18;}">
                <Coords points="1279,1502 1480,1484 1553,1509 1656,1484 1683,1505 1748,1484 1812,1512 1842,1481 1957,1504 1957,1445 1695,1461 1578,1440 1413,1467 1340,1444 1279,1467"/>
                <Baseline points="1289,1485 1321,1484 1354,1482 1387,1482 1420,1482 1453,1481 1486,1481 1519,1479 1552,1479 1585,1479 1618,1479 1650,1479 1683,1479 1716,1479 1749,1479 1782,1479 1815,1481 1848,1481 1881,1482 1914,1482 1947,1484"/>
                <TextEquiv>
                    <Unicode>uff einen lach gebùnch niden usz uff</Unicode>
                </TextEquiv>
            </TextLine>
            <TextLine id="r1l20" custom="readingOrder {index:19;}">
                <Coords points="1271,1556 1330,1537 1390,1552 1411,1531 1538,1549 1585,1522 1637,1549 1660,1530 1683,1551 1768,1529 1829,1546 1888,1527 1888,1500 1802,1506 1742,1483 1683,1505 1656,1486 1551,1505 1482,1484 1432,1506 1271,1502"/>
                <Baseline points="1281,1526 1310,1526 1340,1524 1370,1524 1400,1524 1430,1523 1460,1523 1489,1523 1519,1523 1549,1523 1579,1523 1609,1523 1639,1523 1669,1523 1698,1523 1728,1523 1758,1523 1788,1523 1818,1523 1848,1523 1878,1521"/>
                <TextEquiv>
                    <Unicode>gwonliche richtstatt schleyffenn ✳ im</Unicode>
                </TextEquiv>
            </TextLine>
            <TextLine id="r1l21" custom="readingOrder {index:20;}">
                <Coords points="1271,1587 1407,1572 1500,1600 1564,1574 1678,1592 1741,1574 1777,1595 1810,1574 1883,1592 1965,1574 1964,1511 1922,1500 1829,1547 1660,1533 1629,1553 1577,1526 1516,1560 1451,1530 1271,1555"/>
                <Baseline points="1280,1575 1313,1575 1347,1574 1381,1574 1415,1574 1449,1572 1482,1572 1516,1572 1550,1572 1584,1571 1618,1571 1651,1571 1685,1571 1719,1570 1753,1569 1786,1569 1820,1569 1854,1569 1888,1568 1922,1568 1956,1568"/>
                <TextEquiv>
                    <Unicode>daselbs usz gnad unnd barmhertzigekeit</Unicode>
                </TextEquiv>
            </TextLine>
            <TextLine id="r1l22" custom="readingOrder {index:21;}">
                <Coords points="1276,1619 1520,1640 1585,1609 1648,1638 1671,1615 1763,1630 1854,1609 1898,1638 1988,1620 1988,1576 1276,1590"/>
                <Baseline points="1286,1608 1320,1610 1355,1611 1389,1611 1424,1613 1459,1613 1493,1613 1528,1613 1563,1613 1597,1613 1632,1613 1667,1613 1701,1613 1736,1613 1771,1613 1805,1611 1840,1611 1875,1611 1909,1610 1944,1610 1979,1610"/>
                <TextEquiv>
                    <Unicode>vonn siner jugend wegeme mit dem schweet</Unicode>
                </TextEquiv>
            </TextLine>
            <TextLine id="r1l23" custom="readingOrder {index:22;}">
                <Coords points="1265,1655 1347,1681 1391,1655 1499,1683 1711,1651 1959,1670 1976,1622 1671,1615 1640,1638 1583,1612 1468,1634 1402,1615 1368,1638 1264,1618"/>
                <Baseline points="1275,1659 1309,1658 1344,1656 1378,1656 1413,1655 1448,1655 1482,1655 1517,1655 1551,1653 1586,1653 1621,1653 1655,1653 1690,1653 1724,1653 1759,1653 1794,1653 1828,1653 1863,1653 1897,1652 1932,1652 1967,1652"/>
                <TextEquiv>
                    <Unicode>sin houptt abschlachenn ✳ unnd dimnach</Unicode>
                </TextEquiv>
            </TextLine>
            <TextLine id="r1l24" custom="readingOrder {index:23;}">
                <Coords points="1267,1718 1415,1699 1486,1720 1656,1705 1693,1728 1727,1704 1764,1727 1817,1706 1959,1712 1959,1655 1856,1679 1723,1651 1549,1660 1495,1685 1393,1655 1311,1683 1267,1656"/>
                <Baseline points="1277,1703 1310,1703 1344,1701 1377,1701 1411,1701 1445,1700 1478,1700 1512,1700 1545,1700 1579,1698 1613,1698 1646,1698 1680,1698 1713,1698 1747,1698 1781,1698 1814,1698 1848,1698 1881,1698 1915,1697 1949,1697"/>
                <TextEquiv>
                    <Unicode>den chrpel in ein rad flechttenn ✳ in</Unicode>
                </TextEquiv>
            </TextLine>
            <TextLine id="r1l25" custom="readingOrder {index:24;}">
                <Coords points="1267,1766 1405,1767 1439,1742 1492,1774 1520,1752 1578,1771 1604,1747 1651,1764 1930,1741 1967,1761 1966,1710 1938,1708 1267,1718"/>
                <Baseline points="1277,1745 1311,1746 1345,1746 1379,1746 1413,1746 1447,1746 1481,1746 1515,1746 1549,1746 1583,1745 1617,1745 1651,1745 1685,1743 1719,1743 1753,1742 1787,1741 1821,1740 1855,1739 1889,1739 1923,1737 1958,1737"/>
                <TextEquiv>
                    <Unicode>die hoche uffrichtt₎ ✳ unnd also vom lab₎</Unicode>
                </TextEquiv>
            </TextLine>
            <TextLine id="r1l26" custom="readingOrder {index:25;}">
                <Coords points="1276,1815 1447,1788 1514,1820 1740,1793 1801,1819 1974,1820 1974,1769 1927,1743 1691,1770 1612,1750 1472,1769 1442,1742 1403,1769 1276,1762"/>
                <Baseline points="1286,1785 1321,1785 1357,1785 1393,1785 1428,1786 1464,1787 1500,1787 1536,1787 1571,1787 1607,1788 1643,1788 1679,1788 1714,1788 1750,1790 1786,1790 1822,1790 1857,1790 1893,1791 1929,1791 1965,1791"/>
                <TextEquiv>
                    <Unicode>zum tods nach beiserlichem richtt₎n sols</Unicode>
                </TextEquiv>
            </TextLine>
            <TextEquiv>
                <Unicode>ex sy by einer stapffenn mitt vinem
schytt nidergschlagenn ✳ unnd sy mitt
germ tüchlin erwürgtt ✳ unnd also an
dem ortt eyblosz gmachtt ✳ unnd sy also
tod da lassenn ligenn ✳ doch syr vsz
im gaͤchem zornn ✳ bschechenn ✳ darum
das sy im zugmuttett ✳ er soͤlltte ouch
holtz nammenn unnd ira heim zuͦ irem
hußtragenn tc.

uff somliche das egenante Melchior
Müllers verzichtt ✳ unnd mishanndlung
habenn min y herrnn ✳ schullthvis ràtt
unnd sùrger diser loblichenn statt
bernn uff den eyd zu rechtt orckhennt
unnd gesprochenn
das man denselben melchor müller
dem nachrichtter bevelchenn ✳ der iun
uff einen lach gebùnch niden usz uff
gwonliche richtstatt schleyffenn ✳ im
daselbs usz gnad unnd barmhertzigekeit
vonn siner jugend wegeme mit dem schweet
sin houptt abschlachenn ✳ unnd dimnach
den chrpel in ein rad flechttenn ✳ in
die hoche uffrichtt₎ ✳ unnd also vom lab₎
zum tods nach beiserlichem richtt₎n sols</Unicode>
            </TextEquiv>
        </TextRegion>
        <TextRegion orientation="0.0" id="r2" custom="readingOrder {index:1;}">
            <Coords points="2060,495 2060,2831 2772,2831 2772,495"/>
            <TextLine id="r2l1" custom="readingOrder {index:0;}">
                <Coords points="2689,537 2700,535 2704,532 2708,536 2710,535 2712,537 2727,534 2719,487 2708,489 2706,491 2702,490 2701,492 2693,492 2691,490 2681,492"/>
                <Baseline points="2696,521 2715,518"/>
                <TextEquiv>
                    <Unicode>9</Unicode>
                </TextEquiv>
            </TextLine>
            <TextLine id="r2l2" custom="readingOrder {index:1;}">
                <Coords points="2299,542 2353,556 2387,531 2406,528 2451,549 2472,533 2485,544 2514,548 2513,494 2492,498 2469,491 2450,503 2416,503 2398,492 2385,502 2342,478 2319,492 2298,492"/>
                <Baseline points="2309,524 2336,525 2364,525 2392,525 2420,524 2448,524 2476,522 2504,521"/>
                <TextEquiv>
                    <Unicode>Copfinser</Unicode>
                </TextEquiv>
            </TextLine>
            <TextLine id="r2l3" custom="readingOrder {index:2;}">
                <Coords points="2051,617 2093,608 2146,643 2170,619 2355,630 2458,597 2521,625 2548,599 2596,621 2655,585 2653,525 2545,568 2475,537 2424,542 2340,583 2278,540 2050,553"/>
                <Baseline points="2060,600 2089,603 2118,606 2147,608 2177,609 2206,609 2235,609 2265,608 2294,608 2323,606 2353,605 2382,603 2411,602 2440,600 2470,597 2499,597 2528,596 2558,596 2587,596 2616,596 2646,597"/>
                <TextEquiv>
                    <Unicode> sambstag dem x</Unicode>
                </TextEquiv>
            </TextLine>
            <TextLine id="r2l4" custom="readingOrder {index:3;}">
                <Coords points="2096,689 2156,694 2199,671 2267,684 2346,659 2393,671 2432,652 2466,679 2521,656 2577,673 2657,661 2656,637 2617,611 2563,606 2512,637 2467,606 2418,628 2394,609 2334,633 2199,616 2146,643 2094,641"/>
                <Baseline points="2105,671 2132,671 2159,669 2186,668 2213,666 2240,664 2267,662 2295,662 2322,660 2349,657 2376,657 2403,656 2430,653 2457,653 2485,651 2512,651 2539,651 2566,650 2593,651 2620,651 2648,653"/>
                <TextEquiv>
                    <Unicode>tg obrillin in diser</Unicode>
                </TextEquiv>
            </TextLine>
            <TextLine id="r2l5" custom="readingOrder {index:4;}">
                <Coords points="2099,763 2224,741 2261,755 2288,733 2386,753 2463,714 2532,754 2585,723 2654,749 2696,715 2747,710 2746,677 2674,658 2476,686 2348,660 2288,683 2096,688"/>
                <Baseline points="2108,743 2139,736 2171,730 2202,724 2234,720 2265,717 2297,714 2328,713 2360,711 2391,710 2423,710 2454,710 2486,710 2517,710 2549,711 2580,711 2612,711 2643,711 2675,711 2706,711 2738,710"/>
                <TextEquiv>
                    <Unicode>ep die und funfftggosten jar</Unicode>
                </TextEquiv>
            </TextLine>
            <TextLine id="r2l6" custom="readingOrder {index:5;}">
                <Coords points="2101,818 2234,784 2293,809 2342,779 2773,776 2772,747 2699,750 2674,729 2647,748 2581,723 2527,752 2460,715 2387,751 2099,760"/>
                <Baseline points="2111,797 2143,791 2176,787 2208,782 2241,778 2274,775 2306,774 2339,771 2371,770 2404,769 2437,768 2469,768 2502,768 2534,768 2567,768 2600,768 2632,768 2665,768 2697,768 2730,768 2763,768"/>
                <TextEquiv>
                    <Unicode>In sesen wurtickeit der fromen</Unicode>
                </TextEquiv>
            </TextLine>
            <TextLine id="r2l7" custom="readingOrder {index:6;}">
                <Coords points="2097,869 2130,850 2235,869 2287,839 2350,866 2406,842 2564,856 2594,824 2666,846 2747,829 2745,770 2659,789 2543,767 2414,805 2333,784 2292,809 2251,787 2225,810 2195,795 2162,818 2134,798 2094,817"/>
                <Baseline points="2106,846 2137,843 2169,842 2200,839 2232,837 2264,836 2295,834 2327,833 2358,830 2390,830 2422,828 2453,827 2485,825 2516,824 2548,823 2580,822 2611,821 2643,821 2674,819 2706,819 2738,818"/>
                <TextEquiv>
                    <Unicode>Ersamen wysen herrn, v</Unicode>
                </TextEquiv>
            </TextLine>
            <TextLine id="r2l8" custom="readingOrder {index:7;} person {offset:0; length:10;} person {offset:12; length:13;}">
                <Coords points="2103,913 2739,891 2771,873 2770,833 2602,836 2566,858 2406,842 2351,866 2303,842 2234,869 2101,854"/>
                <Baseline points="2112,896 2144,894 2177,892 2209,890 2242,888 2274,887 2307,886 2339,885 2372,885 2404,884 2437,884 2469,884 2502,884 2534,883 2567,882 2599,882 2632,882 2664,882 2697,881 2729,881 2762,879"/>
                <TextEquiv>
                    <Unicode>diet sders, Peter Strlers</Unicode>
                </TextEquiv>
            </TextLine>
            <TextLine id="r2l9" custom="readingOrder {index:8;} person {offset:4; length:13;}">
                <Coords points="2108,973 2454,970 2516,949 2622,970 2709,929 2763,942 2762,888 2626,885 2596,911 2486,887 2442,909 2384,891 2345,919 2224,899 2107,917"/>
                <Baseline points="2118,951 2149,948 2181,946 2213,944 2245,943 2276,942 2308,941 2340,939 2372,939 2403,939 2435,938 2467,938 2499,938 2530,936 2562,936 2594,936 2626,935 2657,935 2689,934 2721,932 2753,930"/>
                <TextEquiv>
                    <Unicode>vnd Jacob Gunders, all dey des</Unicode>
                </TextEquiv>
            </TextLine>
            <TextLine id="r2l10" custom="readingOrder {index:9;} person {offset:5; length:15;}">
                <Coords points="2112,1017 2212,1013 2256,1038 2300,1012 2392,1022 2507,999 2657,1025 2685,996 2741,1011 2740,934 2631,970 2548,948 2455,973 2399,957 2111,971"/>
                <Baseline points="2121,1008 2151,1005 2182,1002 2212,1001 2243,999 2273,999 2304,998 2334,998 2365,998 2395,998 2426,998 2457,998 2487,998 2518,998 2548,998 2579,998 2609,997 2640,996 2670,994 2701,992 2732,989"/>
                <TextEquiv>
                    <Unicode>Rats Thurins sybachs, vnd</Unicode>
                </TextEquiv>
            </TextLine>
            <TextLine id="r2l11" custom="readingOrder {index:10;} person {offset:0; length:15;}">
                <Coords points="2107,1064 2175,1083 2389,1064 2441,1081 2479,1057 2765,1051 2764,997 2657,1026 2517,1001 2406,1025 2107,1026"/>
                <Baseline points="2117,1056 2150,1055 2184,1055 2217,1053 2251,1052 2285,1052 2318,1051 2352,1050 2386,1050 2419,1049 2453,1049 2486,1049 2520,1048 2554,1047 2587,1047 2621,1047 2655,1047 2688,1047 2722,1047 2756,1047"/>
                <TextEquiv>
                    <Unicode>Aiclans Richlis der burgen</Unicode>
                </TextEquiv>
            </TextLine>
            <TextLine id="r2l12" custom="readingOrder {index:11;} person {offset:6; length:7;} person {offset:16; length:9;}">
                <Coords points="2084,1133 2125,1115 2237,1128 2260,1106 2300,1136 2392,1113 2458,1133 2540,1111 2578,1131 2766,1104 2765,1052 2686,1067 2636,1049 2593,1075 2533,1053 2424,1082 2395,1065 2083,1077"/>
                <Baseline points="2093,1112 2126,1110 2159,1109 2192,1108 2225,1107 2258,1106 2291,1106 2325,1104 2358,1104 2391,1103 2424,1103 2457,1103 2490,1101 2523,1101 2557,1101 2590,1100 2623,1100 2656,1100 2689,1098 2722,1098 2756,1097"/>
                <TextEquiv>
                    <Unicode>ineen pastors ✳ gros welk</Unicode>
                </TextEquiv>
            </TextLine>
            <TextLine id="r2l13" custom="readingOrder {index:12;}">
                <Coords points="2120,1175 2386,1153 2421,1187 2496,1166 2718,1188 2766,1165 2766,1106 2578,1130 2466,1110 2334,1136 2279,1116 2120,1133"/>
                <Baseline points="2129,1163 2160,1161 2191,1160 2223,1158 2254,1156 2286,1155 2317,1154 2348,1154 2380,1152 2411,1152 2443,1151 2474,1151 2505,1151 2537,1151 2568,1151 2600,1151 2631,1152 2662,1154 2694,1155 2725,1157 2757,1158"/>
                <TextEquiv>
                    <Unicode>vnd der weible miner g. hn</Unicode>
                </TextEquiv>
            </TextLine>
            <TextLine id="r2l14" custom="readingOrder {index:13;}">
                <Coords points="2126,1232 2160,1221 2252,1214 2297,1243 2348,1236 2367,1229 2365,1158 2338,1167 2317,1158 2283,1165 2263,1152 2222,1173 2192,1161 2172,1179 2124,1175"/>
                <Baseline points="2135,1217 2162,1215 2190,1212 2218,1211 2246,1210 2273,1209 2301,1209 2329,1209 2357,1208"/>
                <TextEquiv>
                    <Unicode>gmeinlich</Unicode>
                </TextEquiv>
            </TextLine>
            <TextLine id="r2l15" custom="readingOrder {index:14;} person {offset:4; length:14;} place {offset:23; length:5; continued:true;}">
                <Coords points="2117,1308 2171,1283 2464,1278 2493,1296 2516,1276 2646,1267 2740,1303 2757,1301 2757,1234 2688,1222 2518,1246 2410,1202 2309,1246 2199,1218 2117,1237"/>
                <Baseline points="2126,1280 2157,1278 2188,1277 2219,1275 2250,1274 2281,1274 2312,1274 2343,1274 2374,1274 2405,1274 2437,1275 2468,1275 2499,1275 2530,1277 2561,1277 2592,1277 2623,1277 2654,1275 2685,1275 2716,1274 2748,1272"/>
                <TextEquiv>
                    <Unicode>Hat Rudi Copsinger von Sthü¬</Unicode>
                </TextEquiv>
            </TextLine>
            <TextLine id="r2l16" custom="readingOrder {index:15;} place {offset:0; length:5; continued:true;}">
                <Coords points="2123,1361 2186,1328 2345,1350 2404,1321 2502,1328 2533,1310 2607,1321 2644,1354 2751,1355 2751,1301 2651,1273 2494,1295 2325,1273 2295,1294 2185,1283 2122,1301"/>
                <Baseline points="2132,1332 2162,1329 2193,1326 2223,1323 2254,1321 2284,1319 2315,1317 2345,1316 2376,1316 2406,1315 2437,1314 2467,1314 2498,1316 2528,1316 2559,1317 2589,1319 2620,1320 2650,1321 2681,1322 2711,1325 2742,1326"/>
                <TextEquiv>
                    <Unicode>pffen beckhent vnd verrächt</Unicode>
                </TextEquiv>
            </TextLine>
            <TextLine id="r2l17" custom="readingOrder {index:16;}">
                <Coords points="2069,1451 2422,1421 2575,1462 2667,1421 2723,1446 2763,1426 2763,1400 2713,1383 2617,1404 2496,1355 2347,1363 2301,1393 2207,1366 2163,1386 2069,1375"/>
                <Baseline points="2079,1436 2112,1433 2146,1430 2180,1428 2213,1427 2247,1426 2281,1425 2314,1425 2348,1425 2382,1425 2416,1425 2449,1427 2483,1427 2517,1427 2550,1427 2584,1428 2618,1428 2651,1427 2685,1427 2719,1425 2753,1424"/>
                <TextEquiv>
                    <Unicode>Als Sendict weck der Schmid be</Unicode>
                </TextEquiv>
            </TextLine>
            <TextLine id="r2l18" custom="readingOrder {index:17;}">
                <Coords points="2091,1494 2211,1477 2269,1500 2378,1479 2518,1505 2595,1485 2635,1500 2677,1474 2710,1503 2733,1493 2732,1431 2667,1421 2595,1450 2560,1429 2470,1450 2376,1430 2090,1448"/>
                <Baseline points="2100,1481 2131,1478 2162,1478 2193,1476 2224,1475 2256,1475 2287,1475 2318,1474 2349,1473 2380,1475 2412,1475 2443,1475 2474,1475 2505,1475 2536,1475 2568,1473 2599,1473 2630,1473 2661,1472 2692,1470 2724,1467"/>
                <TextEquiv>
                    <Unicode>auert walpartswyl zuͦ Schuff</Unicode>
                </TextEquiv>
            </TextLine>
            <TextLine id="r2l19" custom="readingOrder {index:18;}">
                <Coords points="2095,1545 2407,1528 2439,1547 2654,1516 2726,1539 2758,1532 2757,1484 2093,1493"/>
                <Baseline points="2105,1530 2137,1529 2169,1529 2201,1527 2233,1527 2265,1527 2297,1527 2330,1526 2362,1526 2394,1526 2426,1524 2458,1524 2490,1523 2522,1522 2555,1520 2587,1519 2619,1517 2651,1514 2683,1510 2715,1507 2748,1503"/>
                <TextEquiv>
                    <Unicode>gsen ✳ und er im wirtshusz</Unicode>
                </TextEquiv>
            </TextLine>
            <TextLine id="r2l20" custom="readingOrder {index:19;}">
                <Coords points="2091,1596 2483,1585 2588,1561 2725,1577 2745,1540 2656,1519 2524,1524 2481,1546 2089,1547"/>
                <Baseline points="2099,1574 2130,1575 2162,1577 2194,1577 2226,1577 2258,1575 2290,1575 2321,1574 2353,1572 2385,1571 2417,1569 2449,1569 2481,1568 2513,1566 2544,1565 2576,1565 2608,1563 2640,1563 2672,1564 2704,1565 2736,1566"/>
                <TextEquiv>
                    <Unicode>dasls mit Im gesse v frun</Unicode>
                </TextEquiv>
            </TextLine>
            <TextLine id="r2l21" custom="readingOrder {index:20;}">
                <Coords points="2107,1632 2139,1618 2267,1639 2298,1619 2399,1643 2484,1613 2564,1635 2592,1610 2673,1626 2670,1565 2582,1563 2556,1589 2525,1567 2445,1590 2372,1579 2319,1599 2228,1579 2148,1600 2105,1588"/>
                <Baseline points="2117,1625 2144,1625 2171,1625 2198,1625 2226,1625 2253,1625 2280,1623 2308,1623 2335,1622 2362,1621 2390,1620 2417,1619 2444,1617 2471,1616 2499,1614 2526,1613 2553,1611 2581,1609 2608,1607 2635,1605 2663,1604"/>
                <TextEquiv>
                    <Unicode>er, sent sy beid daselbs</Unicode>
                </TextEquiv>
            </TextLine>
            <TextLine id="r2l22" custom="readingOrder {index:21;}">
                <Coords points="2256,1687 2307,1670 2346,1688 2427,1661 2465,1679 2516,1663 2580,1682 2600,1664 2666,1667 2703,1654 2701,1596 2611,1640 2559,1635 2541,1618 2463,1646 2444,1632 2394,1645 2326,1627 2254,1639"/>
                <Baseline points="2265,1671 2290,1669 2315,1668 2340,1667 2365,1665 2390,1665 2416,1665 2441,1665 2466,1664 2491,1664 2516,1664 2541,1662 2567,1661 2592,1659 2617,1657 2642,1655 2667,1652 2693,1647"/>
                <TextEquiv>
                    <Unicode>vnd Eins worden d</Unicode>
                </TextEquiv>
            </TextLine>
            <TextLine id="r2l23" custom="readingOrder {index:22;}">
                <Coords points="2110,1678 2130,1682 2143,1694 2162,1678 2170,1679 2179,1673 2204,1692 2214,1692 2214,1625 2205,1625 2186,1636 2170,1621 2163,1629 2155,1630 2140,1619 2122,1632 2111,1632"/>
                <Baseline points="2120,1668 2148,1666 2176,1667 2204,1668"/>
                <TextEquiv>
                    <Unicode>rati</Unicode>
                </TextEquiv>
            </TextLine>
            <TextLine id="r2l24" custom="readingOrder {index:23;}">
                <Coords points="2095,1728 2206,1749 2265,1718 2342,1745 2440,1728 2463,1747 2591,1720 2743,1745 2743,1689 2660,1674 2618,1689 2426,1661 2334,1693 2306,1674 2095,1688"/>
                <Baseline points="2105,1715 2136,1715 2167,1713 2199,1713 2230,1713 2262,1712 2293,1712 2324,1712 2356,1712 2387,1712 2419,1712 2450,1712 2481,1713 2513,1713 2544,1713 2576,1713 2607,1713 2638,1713 2670,1713 2701,1713 2733,1713"/>
                <TextEquiv>
                    <Unicode>ein pundt zusamen geschwor</Unicode>
                </TextEquiv>
            </TextLine>
            <TextLine id="r2l25" custom="readingOrder {index:24;}">
                <Coords points="2096,1772 2222,1763 2287,1783 2306,1766 2402,1778 2500,1758 2629,1784 2682,1775 2682,1737 2594,1721 2523,1743 2465,1728 2345,1743 2264,1717 2216,1740 2095,1728"/>
                <Baseline points="2106,1763 2134,1761 2162,1761 2190,1761 2219,1761 2247,1761 2275,1761 2304,1760 2332,1760 2360,1760 2389,1758 2417,1758 2445,1758 2473,1758 2502,1758 2530,1757 2558,1757 2587,1757 2615,1757 2643,1757 2672,1755"/>
                <TextEquiv>
                    <Unicode>ddas sy wöltent einandern</Unicode>
                </TextEquiv>
            </TextLine>
            <TextLine id="r2l26" custom="readingOrder {index:25;}">
                <Coords points="2111,1836 2219,1836 2241,1819 2389,1832 2460,1809 2552,1842 2588,1809 2679,1831 2703,1821 2703,1767 2649,1791 2503,1759 2402,1778 2110,1773"/>
                <Baseline points="2121,1818 2149,1817 2178,1814 2206,1814 2235,1812 2264,1811 2292,1811 2321,1809 2350,1809 2378,1809 2407,1808 2436,1808 2464,1808 2493,1808 2522,1808 2550,1808 2579,1808 2608,1808 2636,1806 2665,1806 2694,1806"/>
                <TextEquiv>
                    <Unicode>helffe zt worden, vnnd</Unicode>
                </TextEquiv>
            </TextLine>
            <TextLine id="r2l27" custom="readingOrder {index:26;}">
                <Coords points="2105,1884 2243,1876 2329,1897 2425,1865 2444,1884 2505,1866 2628,1890 2668,1865 2739,1867 2739,1835 2635,1840 2589,1810 2478,1835 2429,1813 2388,1833 2269,1822 2104,1842"/>
                <Baseline points="2114,1875 2144,1873 2175,1871 2206,1868 2237,1867 2267,1866 2298,1865 2329,1864 2360,1863 2390,1863 2421,1862 2452,1862 2483,1862 2513,1862 2544,1862 2575,1862 2606,1862 2636,1862 2667,1862 2698,1862 2729,1862"/>
                <TextEquiv>
                    <Unicode>sye er ✳ lops sr ✳ darff mit</Unicode>
                </TextEquiv>
            </TextLine>
            <TextLine id="r2l28" custom="readingOrder {index:27;} place {offset:11; length:10;}">
                <Coords points="2086,1942 2460,1915 2518,1943 2585,1919 2744,1931 2743,1886 2707,1895 2674,1864 2628,1892 2505,1864 2329,1897 2086,1879"/>
                <Baseline points="2096,1917 2129,1919 2163,1919 2196,1919 2230,1919 2264,1919 2297,1919 2331,1918 2365,1917 2398,1917 2432,1916 2465,1916 2499,1915 2533,1914 2566,1914 2600,1914 2634,1913 2667,1913 2701,1913 2735,1913"/>
                <TextEquiv>
                    <Unicode>im bis gan korckhoffe gand</Unicode>
                </TextEquiv>
            </TextLine>
            <TextLine id="r2l29" custom="readingOrder {index:28;}">
                <Coords points="2096,2000 2241,1967 2677,1990 2724,1960 2723,1918 2459,1951 2415,1934 2094,1941"/>
                <Baseline points="2105,1973 2135,1973 2165,1973 2196,1971 2226,1971 2257,1971 2287,1970 2318,1970 2348,1970 2379,1968 2409,1968 2439,1968 2470,1967 2500,1966 2531,1965 2561,1964 2592,1964 2622,1963 2653,1962 2683,1961 2714,1961"/>
                <TextEquiv>
                    <Unicode>habent aber nieman anfriff</Unicode>
                </TextEquiv>
            </TextLine>
            <TextLine id="r2l30" custom="readingOrder {index:29;} person {offset:14; length:12; continued:true;}">
                <Coords points="2108,2039 2248,2026 2272,2049 2294,2028 2372,2054 2736,2029 2736,1962 2675,1991 2594,1979 2547,2001 2313,1991 2247,1966 2108,1999"/>
                <Baseline points="2117,2024 2147,2023 2177,2022 2208,2021 2238,2021 2269,2021 2299,2021 2330,2021 2360,2021 2391,2022 2421,2022 2451,2022 2482,2022 2512,2022 2543,2022 2573,2022 2604,2022 2634,2022 2665,2021 2695,2021 2726,2019"/>
                <TextEquiv>
                    <Unicode>noch ouch uff Iemant Ewar¬</Unicode>
                </TextEquiv>
            </TextLine>
            <TextLine id="r2l31" custom="readingOrder {index:30;} person {offset:0; length:3; continued:true;}">
                <Coords points="2114,2079 2123,2079 2127,2075 2148,2091 2152,2091 2161,2085 2165,2086 2177,2074 2194,2078 2195,2046 2174,2044 2158,2053 2145,2053 2128,2037 2114,2037"/>
                <Baseline points="2124,2072 2154,2073 2184,2073"/>
                <TextEquiv>
                    <Unicode>fet</Unicode>
                </TextEquiv>
            </TextLine>
            <TextLine id="r2l32" custom="readingOrder {index:31;}">
                <Coords points="2090,2200 2129,2210 2193,2176 2229,2203 2270,2179 2372,2188 2423,2169 2546,2165 2614,2194 2677,2179 2675,2116 2630,2100 2484,2152 2412,2104 2346,2137 2318,2114 2239,2109 2209,2133 2174,2117 2088,2127"/>
                <Baseline points="2100,2187 2128,2184 2156,2182 2185,2180 2213,2178 2241,2177 2270,2175 2298,2174 2326,2172 2355,2172 2383,2171 2411,2171 2440,2170 2468,2169 2496,2169 2525,2169 2553,2169 2581,2169 2610,2169 2638,2169 2667,2169"/>
                <TextEquiv>
                    <Unicode>Vff dise des Sant Rid</Unicode>
                </TextEquiv>
            </TextLine>
            <TextLine id="r2l33" custom="readingOrder {index:32;}">
                <Coords points="2099,2240 2142,2256 2369,2230 2403,2254 2462,2256 2688,2220 2686,2184 2573,2189 2546,2165 2473,2171 2405,2204 2276,2179 2236,2203 2197,2178 2129,2210 2098,2194"/>
                <Baseline points="2108,2231 2136,2231 2165,2231 2193,2231 2222,2231 2250,2231 2279,2229 2307,2229 2336,2228 2364,2226 2393,2226 2421,2225 2450,2224 2478,2223 2507,2222 2535,2220 2564,2219 2592,2219 2621,2217 2649,2217 2678,2216"/>
                <TextEquiv>
                    <Unicode>lopse sees vergicht und m</Unicode>
                </TextEquiv>
            </TextLine>
            <TextLine id="r2l34" custom="readingOrder {index:33;}">
                <Coords points="2093,2285 2498,2267 2525,2292 2580,2268 2604,2290 2739,2273 2739,2242 2618,2242 2595,2223 2463,2249 2443,2230 2407,2252 2313,2230 2271,2254 2093,2243"/>
                <Baseline points="2102,2273 2133,2273 2164,2273 2196,2273 2227,2273 2258,2273 2290,2273 2321,2272 2352,2271 2384,2271 2415,2270 2446,2270 2478,2268 2509,2268 2540,2268 2572,2267 2603,2266 2634,2265 2666,2265 2697,2265 2729,2264"/>
                <TextEquiv>
                    <Unicode>tar haben nun 8 herr</Unicode>
                </TextEquiv>
            </TextLine>
            <TextLine id="r2l35" custom="readingOrder {index:34;} person {offset:0; length:8;}">
                <Coords points="2102,2329 2194,2316 2229,2341 2263,2311 2294,2332 2443,2302 2532,2332 2606,2311 2647,2341 2735,2307 2734,2270 2713,2269 2604,2290 2579,2269 2531,2291 2492,2269 2364,2285 2320,2270 2289,2292 2101,2283"/>
                <Baseline points="2112,2319 2142,2318 2173,2316 2203,2315 2234,2315 2265,2315 2295,2313 2326,2313 2356,2313 2387,2313 2418,2313 2448,2313 2479,2313 2509,2312 2540,2312 2571,2312 2601,2310 2632,2309 2662,2307 2693,2305 2724,2304"/>
                <TextEquiv>
                    <Unicode>Schulths fär und burger diser</Unicode>
                </TextEquiv>
            </TextLine>
            <TextLine id="r2l36" custom="readingOrder {index:35;}">
                <Coords points="2106,2373 2180,2362 2290,2387 2315,2361 2401,2354 2501,2379 2631,2348 2742,2369 2741,2305 2654,2334 2586,2312 2537,2336 2393,2323 2373,2305 2230,2340 2195,2318 2105,2327"/>
                <Baseline points="2115,2361 2145,2360 2176,2358 2207,2357 2238,2357 2269,2355 2300,2355 2330,2355 2361,2354 2392,2354 2423,2354 2454,2354 2485,2352 2516,2352 2546,2352 2577,2352 2608,2351 2639,2349 2670,2349 2701,2348 2732,2346"/>
                <TextEquiv>
                    <Unicode>lobliche stat dern uff der syd</Unicode>
                </TextEquiv>
            </TextLine>
            <TextLine id="r2l37" custom="readingOrder {index:36;}">
                <Coords points="2076,2430 2166,2429 2200,2404 2413,2413 2442,2391 2578,2426 2618,2409 2739,2421 2739,2369 2633,2351 2409,2376 2374,2354 2273,2370 2242,2353 2169,2385 2075,2370"/>
                <Baseline points="2085,2405 2117,2405 2149,2404 2181,2403 2214,2402 2246,2401 2278,2400 2310,2399 2343,2397 2375,2396 2407,2394 2439,2393 2472,2393 2504,2393 2536,2393 2568,2394 2601,2395 2633,2396 2665,2399 2697,2403 2730,2406"/>
                <TextEquiv>
                    <Unicode>zu recht ercket vnd gesprochen</Unicode>
                </TextEquiv>
            </TextLine>
            <TextLine id="r2l38" custom="readingOrder {index:37;} person {offset:18; length:4; continued:true;}">
                <Coords points="2188,2483 2359,2454 2459,2475 2545,2468 2569,2447 2635,2471 2733,2460 2736,2421 2690,2410 2657,2426 2624,2406 2585,2431 2515,2400 2481,2421 2427,2403 2400,2428 2379,2415 2310,2434 2187,2409"/>
                <Baseline points="2198,2462 2224,2461 2250,2459 2277,2458 2303,2455 2330,2454 2356,2453 2383,2452 2409,2451 2436,2450 2462,2450 2488,2450 2515,2450 2541,2450 2568,2450 2594,2450 2621,2450 2647,2451 2674,2453 2700,2453 2727,2454"/>
                <TextEquiv>
                    <Unicode>Das man denselben Rudi</Unicode>
                </TextEquiv>
            </TextLine>
            <TextLine id="r2l39" custom="readingOrder {index:38;} person {offset:0; length:9; continued:true;}">
                <Coords points="2072,2511 2191,2502 2248,2521 2503,2489 2565,2526 2601,2498 2754,2502 2754,2459 2639,2475 2570,2447 2541,2472 2459,2474 2359,2454 2212,2481 2181,2451 2127,2447 2072,2467"/>
                <Baseline points="2082,2495 2115,2496 2148,2498 2181,2498 2214,2498 2247,2498 2280,2498 2313,2498 2346,2496 2379,2496 2413,2495 2446,2494 2479,2493 2512,2493 2545,2493 2578,2493 2611,2493 2644,2494 2677,2496 2710,2497 2744,2499"/>
                <TextEquiv>
                    <Unicode>Copsnnser dem nachrichtes beucl¬</Unicode>
                </TextEquiv>
            </TextLine>
            <TextLine id="r2l40" custom="readingOrder {index:39;}">
                <Coords points="2259,2553 2560,2531 2598,2565 2629,2546 2665,2569 2761,2543 2761,2514 2726,2497 2648,2512 2590,2502 2573,2519 2493,2489 2462,2515 2259,2505"/>
                <Baseline points="2268,2549 2293,2545 2318,2543 2344,2541 2369,2539 2395,2538 2420,2537 2445,2537 2471,2537 2496,2538 2522,2538 2547,2538 2573,2540 2598,2541 2623,2541 2649,2542 2674,2543 2700,2543 2725,2543 2751,2543"/>
                <TextEquiv>
                    <Unicode>der iun obe usz uff de</Unicode>
                </TextEquiv>
            </TextLine>
            <TextLine id="r2l41" custom="readingOrder {index:40;}">
                <Coords points="2097,2558 2124,2564 2168,2546 2193,2548 2210,2561 2247,2555 2247,2521 2229,2517 2216,2531 2202,2517 2181,2525 2155,2518 2147,2510 2141,2512 2131,2502 2120,2512 2097,2516"/>
                <Baseline points="2106,2553 2132,2548 2158,2546 2185,2546 2211,2547 2238,2553"/>
                <TextEquiv>
                    <Unicode>che</Unicode>
                </TextEquiv>
            </TextLine>
            <TextLine id="r2l42" custom="readingOrder {index:41;}">
                <Coords points="2087,2596 2185,2585 2252,2615 2300,2590 2327,2612 2486,2588 2511,2604 2557,2583 2603,2614 2674,2584 2703,2594 2703,2558 2559,2566 2508,2540 2329,2543 2264,2565 2088,2557"/>
                <Baseline points="2096,2583 2125,2583 2155,2583 2185,2583 2215,2583 2245,2585 2275,2585 2305,2585 2335,2585 2365,2586 2395,2586 2424,2587 2454,2588 2484,2588 2514,2588 2544,2588 2574,2588 2604,2588 2634,2588 2664,2587 2694,2586"/>
                <TextEquiv>
                    <Unicode>wonliche richtstat für ime</Unicode>
                </TextEquiv>
            </TextLine>
            <TextLine id="r2l43" custom="readingOrder {index:42;}">
                <Coords points="2091,2651 2166,2639 2197,2662 2254,2636 2367,2651 2448,2630 2782,2661 2781,2598 2751,2579 2599,2608 2557,2583 2383,2611 2285,2592 2250,2615 2214,2594 2091,2597"/>
                <Baseline points="2100,2634 2133,2634 2167,2633 2200,2633 2234,2633 2268,2633 2301,2631 2335,2631 2368,2631 2402,2631 2436,2631 2469,2631 2503,2631 2536,2631 2570,2631 2604,2631 2637,2631 2671,2631 2704,2631 2738,2631 2772,2631"/>
                <TextEquiv>
                    <Unicode>daselbs (usz gund und baden hertzikun</Unicode>
                </TextEquiv>
            </TextLine>
            <TextLine id="r2l44" custom="readingOrder {index:43;}">
                <Coords points="2108,2681 2190,2711 2246,2683 2323,2698 2505,2680 2564,2703 2677,2686 2696,2653 2563,2635 2529,2653 2502,2634 2437,2656 2316,2634 2192,2659 2167,2638 2151,2652 2107,2637"/>
                <Baseline points="2118,2681 2146,2681 2174,2680 2203,2679 2231,2679 2260,2679 2288,2678 2317,2678 2345,2678 2374,2678 2402,2677 2430,2676 2459,2676 2487,2676 2516,2676 2544,2676 2573,2675 2601,2675 2630,2675 2658,2675 2687,2673"/>
                <TextEquiv>
                    <Unicode>in haups abschlachen, vnd also mit</Unicode>
                </TextEquiv>
            </TextLine>
            <TextLine id="r2l45" custom="readingOrder {index:44;}">
                <Coords points="2527,2717 2544,2713 2560,2727 2567,2719 2579,2726 2590,2717 2604,2728 2623,2717 2637,2727 2656,2726 2668,2736 2698,2724 2695,2678 2653,2691 2643,2682 2598,2674 2568,2688 2560,2699 2525,2692"/>
                <Baseline points="2537,2720 2562,2718 2587,2717 2612,2716 2637,2713 2662,2710 2687,2708"/>
                <TextEquiv>
                    <Unicode>zum tad</Unicode>
                </TextEquiv>
            </TextLine>
            <TextLine id="r2l46" custom="readingOrder {index:45;}">
                <Coords points="2103,2725 2220,2730 2237,2718 2277,2734 2352,2718 2390,2729 2432,2708 2471,2727 2494,2716 2519,2725 2518,2681 2464,2679 2439,2693 2335,2684 2321,2698 2247,2683 2163,2701 2101,2681"/>
                <Baseline points="2112,2717 2138,2719 2164,2721 2191,2723 2217,2723 2244,2723 2270,2721 2296,2720 2323,2718 2349,2716 2376,2715 2402,2714 2428,2713 2455,2712 2481,2712 2508,2714"/>
                <TextEquiv>
                    <Unicode>dem schwirt vom leben</Unicode>
                </TextEquiv>
            </TextLine>
            <TextLine id="r2l47" custom="readingOrder {index:46;}">
                <Coords points="2107,2779 2287,2764 2332,2790 2555,2764 2596,2789 2676,2754 2675,2718 2524,2734 2432,2707 2388,2729 2269,2734 2236,2717 2106,2741"/>
                <Baseline points="2117,2763 2144,2763 2172,2763 2199,2763 2227,2763 2254,2763 2282,2763 2309,2762 2337,2762 2364,2762 2392,2761 2419,2760 2447,2760 2474,2760 2502,2759 2529,2757 2557,2757 2584,2756 2612,2754 2639,2753 2667,2751"/>
                <TextEquiv>
                    <Unicode>nach beiserlichen rechten</Unicode>
                </TextEquiv>
            </TextLine>
            <TextLine id="r2l48" custom="readingOrder {index:47;}">
                <Coords points="2640,2791 2652,2787 2670,2795 2676,2789 2694,2788 2707,2775 2728,2783 2737,2781 2724,2717 2706,2717 2691,2730 2685,2729 2673,2737 2663,2753 2632,2754"/>
                <Baseline points="2646,2775 2672,2776 2698,2769 2724,2760"/>
                <TextEquiv>
                    <Unicode>iehn</Unicode>
                </TextEquiv>
            </TextLine>
            <TextLine id="r2l49" custom="readingOrder {index:48;}">
                <Coords points="2122,2833 2134,2832 2153,2817 2191,2814 2207,2826 2219,2818 2230,2817 2224,2769 2209,2769 2202,2774 2193,2768 2186,2776 2172,2768 2157,2770 2131,2795 2118,2797"/>
                <Baseline points="2130,2820 2160,2812 2190,2808 2220,2808"/>
                <TextEquiv>
                    <Unicode>so</Unicode>
                </TextEquiv>
            </TextLine>
            <TextEquiv>
                <Unicode>9
Copfinser
 sambstag dem x
tg obrillin in diser
ep die und funfftggosten jar
In sesen wurtickeit der fromen
Ersamen wysen herrn, v
diet sders, Peter Strlers
vnd Jacob Gunders, all dey des
Rats Thurins sybachs, vnd
Aiclans Richlis der burgen
ineen pastors ✳ gros welk
vnd der weible miner g. hn
gmeinlich
Hat Rudi Copsinger von Sthü¬
pffen beckhent vnd verrächt
Als Sendict weck der Schmid be
auert walpartswyl zuͦ Schuff
gsen ✳ und er im wirtshusz
dasls mit Im gesse v frun
er, sent sy beid daselbs
vnd Eins worden d
rati
ein pundt zusamen geschwor
ddas sy wöltent einandern
helffe zt worden, vnnd
sye er ✳ lops sr ✳ darff mit
im bis gan korckhoffe gand
habent aber nieman anfriff
noch ouch uff Iemant Ewar¬
fet
Vff dise des Sant Rid
lopse sees vergicht und m
tar haben nun 8 herr
Schulths fär und burger diser
lobliche stat dern uff der syd
zu recht ercket vnd gesprochen
Das man denselben Rudi
Copsnnser dem nachrichtes beucl¬
der iun obe usz uff de
che
wonliche richtstat für ime
daselbs (usz gund und baden hertzikun
in haups abschlachen, vnd also mit
zum tad
dem schwirt vom leben
nach beiserlichen rechten
iehn
so</Unicode>
            </TextEquiv>
        </TextRegion>
    </Page>
</PcGts>
