4032 3024
1538 541 2096 666 vnnd Ein Kleins, vnnd E
1507 591 2100 733 Schuldt₎ uffericht ✳ den hald₎n wil
1528 665 2101 792 uff pfingst₎n zebezalen unnd den an
1525 738 2094 830 deren halben will uff S Michels
1520 785 2095 882 tag, darum gemeblter brieff zu
1532 837 2084 927 vnnderpfand hinder den weinen
1519 897 2100 997 gleict word₎n, ✳ iin schweiger mung
1527 953 2078 1055 lerleig sich ouch gegen Imbentz
1519 1008 2021 1102 ergott₎n gutt darfür zesin
1538 1066 2097 1197 Also friger den win gerngfeg
1525 1134 2089 1246 keit, S grosse, vnnd das Klein
1523 1195 2081 1292 zgantz vassem verkaufft, die
1534 1257 2084 1348 ubrig 3 vassz im husz zeuer
1524 1315 2063 1418 bruchen unnd zeuerschenken
1525 1370 1670 1459 bchallten
1501 1428 2068 1542 Harnach vberein Zytt, als der
1516 1505 2095 1604 jntir vegtt zu Houppe w
1520 1552 2096 1659 Rucht Rinssy zuͦ₎ nùwenster
1518 1620 2095 1717 gsin ✳ unnd der winman hiezwù
1524 1680 2077 1775 sthen das sirchl beschouwett
1523 1730 2096 1843 zeig frs dem vogtt zougen ✳
1521 1801 2074 1888 unnd dien be geben tc. mitt an
1512 1854 2065 1940 zöng er wurde übell zu im
1537 1905 2084 2006 vertrost ✳ hiemitt sie also
1515 1961 2058 2056 gschreydruß worden, des er sich
1513 2015 2082 2105 doch nitt verstichen, dan derbe
1513 2076 2081 2174 siye sunst noch uffrecht ✳ unnd
1510 2129 2049 2230 sie an versatzung der guttern
1505 2192 2062 2281 kein trug noch abgangn den.
1512 2242 2057 2336 massen den winnan wol
1518 2297 2065 2392 versichertt Eye, Ober
1518 2348 2071 2451 des sigells gabb sye im die
1506 2406 2077 2497 worheitt us unuerstand wider
1503 2458 2075 2558 farxn unnd ligge ✳ ein froun
1511 2516 2073 2605 hie am Scharer in Manti
1507 2576 2056 2664 artzur sy sye also nitman
1509 2624 2041 2713 Daheine pitter nin gh.
1504 2675 2082 2772 heimzelassen, doch ob sy wöllen
2260 516 2880 662 mögen sy nachin fragen, so werde
2246 596 2815 715 Sy nitt anders veriuen ec
2264 654 2906 786 Der be lyg oder sy nach zu Mur¬
2255 717 2872 840 Ite hinder dem Stattschriber
2253 760 2863 895 Heinrich Pistens Sun vnnd
2271 833 2903 940 das mit vonnötten den Mumebler
2266 892 2877 1001 stunnders, den b so danu vff¬
2254 980 2459 1071 gricht worden
2338 1017 2908 1161 uff fryttag den 28 dann
2264 1109 2919 1205 1554 sreh vogtt Glar spittal
2266 1162 2909 1254 meyster von Remistal, vnnd herr
2262 1233 2901 1311 Großwey Tellsperger Inmist
2275 1271 2889 1374 ettlichen weydle hatte Viclaus
2249 1330 2911 1441 utzen d den inseleanzeigen
2329 1438 2870 1556 des nametter zuns
2278 1510 2859 1619 denn drieff vbergeben do sege
2263 1565 2899 1673 das sigebl nach drau gsin unnd
2262 1633 2890 1729 als er ettwan ungfar 14 tag den
2272 1687 2877 1785 drieff im hus ghan heiger das
2244 1746 2895 1842 Sigelt darab brechen und demnach
2264 1792 2901 1910 als er vff einen tag gan Berlach
2274 1852 2853 1957 zum Kufußen kornen, zeige
2279 1907 2865 2006 derselb inn gfragtt warumb
2274 1961 2885 2053 er kein wyn meer von Imbeu
2268 2019 2859 2114 f ✳ unnd soner er nach by hus
2281 2066 2866 2163 und sy heim wir vorsyge unnd
2263 2120 2890 2218 Im brieff darin sine guter gschi
2282 2177 2852 2259 den Zeige welle er Im iier
2295 2228 2850 2313 win verkauffen, daruf er ge¬
2270 2275 2867 2364 antwortt erheige brieff well Ims
2272 2324 2879 2422 zeigen, darnach als er sein kommen
2281 2385 2874 2475 doheige zin bruder als das wucht
2273 2434 2834 2528 nach vorhandn gsin das wachs
2277 2476 2859 2574 vind guracht, da hießeergeuell
2277 2539 2836 2637 synen bruder einhalben detzen
2278 2567 2864 2674 in das wachß trucken vnnd fur
2288 2629 2837 2733 ein Sigell anhencken, demman
2284 2679 2814 2793 sy er zum kufus zur mine
