<?xml version="1.0" encoding="UTF-8" standalone="yes"?>
<PcGts xmlns="http://schema.primaresearch.org/PAGE/gts/pagecontent/2013-07-15" xmlns:xsi="http://www.w3.org/2001/XMLSchema-instance" xsi:schemaLocation="http://schema.primaresearch.org/PAGE/gts/pagecontent/2013-07-15 http://schema.primaresearch.org/PAGE/gts/pagecontent/2013-07-15/pagecontent.xsd">
    <Metadata>
        <Creator>prov=University of Rostock/Institute of Mathematics/CITlab|PLANET AI GmbH/Gundram Leifert/gundram.leifert@planet-ai.de:name=German_Kurrent_XVI-XVIII_M1(htr_id=19584)::::v=2.6.7
prov=University of Rostock/Institute of Mathematics/CITlab|PLANET AI GmbH/Tobias Gruening/tobias.gruening@planet-ai.de:name=de.uros.citlab.module.baseline2polygon.B2PSeamMultiOriented:v=2.6.7
prov=READ-COOP:name=PyLaia@TranskribusPlatform:version=0.5.8:model_id=38044:lm=none:date=08_11_2021_09:26
prov=READ-Coop:name=PyLaia@Transkribus:version=0.5.8:model_id=38044:lm=none:date=08_11_2021_09:26
prov=University of Rostock/Institute of Mathematics/CITlab|PLANET AI GmbH/Tobias Gruening/tobias.gruening@planet-ai.de:name=de.uros.citlab.module.baseline2polygon.B2PSeamMultiOriented:v=2.6.7</Creator>
        <Created>2021-08-09T15:46:11.183+02:00</Created>
        <LastChange>2022-09-09T17:19:21.828+02:00</LastChange>
        <TranskribusMetadata docId="1334763" pageId="52352405" pageNr="32" tsid="114633932" status="IN_PROGRESS" userId="9570" imgUrl="https://files.transkribus.eu/Get?id=ADQYYGAPLDMJFAJBBPYYCPHY&amp;fileType=view" xmlUrl="https://files.transkribus.eu/Get?id=KXDRIAIOKSNLKSSXNDFEAHWS" imageId="22024886"/>
    </Metadata>
    <Page imageFilename="Foto 23.07.21, 9 17 42 AM.jpg" imageWidth="4032" imageHeight="3024">
        <ReadingOrder>
            <OrderedGroup id="ro_1687514135471" caption="Regions reading order">
                <RegionRefIndexed index="0" regionRef="r1"/>
                <RegionRefIndexed index="1" regionRef="r2"/>
            </OrderedGroup>
        </ReadingOrder>
        <TextRegion orientation="0.0" id="r1" custom="readingOrder {index:0;}">
            <Coords points="1290,422 1290,2551 1998,2551 1998,422"/>
            <TextLine id="r1l1" custom="readingOrder {index:0;}">
                <Coords points="1280,453 1428,491 1494,462 1535,497 1598,504 1681,467 1813,475 1906,531 1969,531 1972,477 1871,418 1750,437 1606,406 1563,431 1440,393 1396,423 1335,385 1283,400"/>
                <Baseline points="1290,449 1323,452 1357,455 1390,456 1424,458 1457,458 1491,459 1524,459 1558,460 1591,461 1625,461 1659,462 1692,464 1726,465 1759,468 1793,471 1826,475 1860,480 1893,487 1927,495 1961,503"/>
                <TextEquiv>
                    <Unicode>kein somlichen gmeinder gheff</Unicode>
                </TextEquiv>
            </TextLine>
            <TextLine id="r1l2" custom="readingOrder {index:1;}">
                <Coords points="1286,529 1396,527 1430,552 1575,523 1711,546 1759,532 1830,579 1907,557 1971,576 1974,531 1775,472 1712,468 1626,502 1288,473"/>
                <Baseline points="1296,516 1329,518 1362,519 1396,520 1429,521 1463,521 1496,521 1529,521 1563,521 1596,521 1630,522 1663,522 1696,524 1730,526 1763,528 1797,532 1830,535 1863,540 1897,545 1930,553 1964,561"/>
                <TextEquiv>
                    <Unicode>unnd soner man im schon ein</Unicode>
                </TextEquiv>
            </TextLine>
            <TextLine id="r1l3" custom="readingOrder {index:2;}">
                <Coords points="1292,595 1858,596 1897,636 1962,635 1965,569 1918,557 1830,579 1757,537 1695,559 1591,523 1437,552 1349,523 1295,533"/>
                <Baseline points="1302,584 1334,585 1367,585 1399,585 1432,585 1464,585 1497,585 1529,585 1562,584 1594,584 1627,584 1660,585 1692,586 1725,587 1757,589 1790,593 1822,596 1855,602 1887,606 1920,614 1953,623"/>
                <TextEquiv>
                    <Unicode>oder noch der andern vßz</Unicode>
                </TextEquiv>
            </TextLine>
            <TextLine id="r1l4" custom="readingOrder {index:3;}">
                <Coords points="1304,664 1517,654 1559,681 1677,652 1731,661 1782,705 1960,699 1962,639 1830,623 1799,598 1679,626 1393,624 1307,593"/>
                <Baseline points="1314,642 1345,645 1377,647 1409,648 1441,648 1473,648 1505,648 1537,648 1569,648 1601,648 1633,648 1664,648 1696,648 1728,650 1760,652 1792,655 1824,658 1856,662 1888,668 1920,674 1952,684"/>
                <TextEquiv>
                    <Unicode>kontte er mitt anders seg</Unicode>
                </TextEquiv>
            </TextLine>
            <TextLine id="r1l5" custom="readingOrder {index:4;}">
                <Coords points="1304,740 1493,722 1550,760 1625,725 1666,746 1783,725 1835,752 1937,738 1983,764 1984,719 1864,680 1840,703 1774,698 1714,658 1510,692 1470,671 1394,693 1305,680"/>
                <Baseline points="1313,720 1346,720 1379,720 1412,719 1445,719 1478,717 1511,717 1544,717 1577,716 1610,716 1643,716 1676,717 1709,717 1742,719 1775,720 1808,722 1841,725 1874,728 1907,732 1940,737 1974,743"/>
                <TextEquiv>
                    <Unicode>wellte ouch das an sine na</Unicode>
                </TextEquiv>
            </TextLine>
            <TextLine id="r1l6" custom="readingOrder {index:5;}">
                <Coords points="1289,823 1462,784 1587,795 1614,819 1756,782 1786,809 1836,790 1973,816 1974,758 1887,758 1861,737 1827,757 1782,726 1707,756 1611,730 1544,760 1493,723 1395,757 1290,741"/>
                <Baseline points="1299,785 1332,786 1365,786 1398,786 1432,785 1465,785 1498,784 1531,783 1565,782 1598,782 1631,782 1664,780 1698,780 1731,782 1764,782 1797,783 1831,785 1864,788 1897,792 1930,796 1964,801"/>
                <TextEquiv>
                    <Unicode>furen sonsen wie obstat, das</Unicode>
                </TextEquiv>
            </TextLine>
            <TextLine id="r1l7" custom="readingOrder {index:6;}">
                <Coords points="1301,859 1367,852 1459,888 1593,840 1657,862 1827,851 1874,891 1976,864 1976,823 1789,809 1759,782 1686,825 1467,785 1301,815"/>
                <Baseline points="1310,854 1342,851 1375,850 1408,849 1441,848 1474,846 1507,845 1539,843 1572,843 1605,843 1638,843 1671,843 1704,843 1737,843 1769,845 1802,846 1835,848 1868,850 1901,851 1934,855 1967,858"/>
                <TextEquiv>
                    <Unicode>er keinem me kein halle</Unicode>
                </TextEquiv>
            </TextLine>
            <TextLine id="r1l8" custom="readingOrder {index:7;}">
                <Coords points="1300,922 1434,946 1543,900 1614,944 1728,908 1886,942 1971,919 1971,870 1873,890 1828,851 1674,875 1558,848 1460,884 1300,889"/>
                <Baseline points="1310,914 1342,912 1375,911 1407,909 1440,908 1473,906 1505,905 1538,905 1570,905 1603,904 1636,903 1668,903 1701,905 1733,905 1766,906 1799,906 1831,908 1864,909 1896,911 1929,912 1962,915"/>
                <TextEquiv>
                    <Unicode>entreytt noch entfromeden</Unicode>
                </TextEquiv>
            </TextLine>
            <TextLine id="r1l9" custom="readingOrder {index:8;}">
                <Coords points="1305,993 1367,1005 1423,984 1530,1018 1585,984 1721,978 1835,1006 1986,988 1986,951 1904,931 1850,948 1815,920 1614,944 1554,902 1510,940 1442,949 1306,924"/>
                <Baseline points="1314,978 1347,977 1380,977 1413,975 1446,974 1479,974 1512,972 1546,972 1579,972 1612,972 1645,971 1678,971 1711,972 1744,972 1778,972 1811,972 1844,974 1877,975 1910,977 1943,978 1977,980"/>
                <TextEquiv>
                    <Unicode>hotte ouch nie kein torhen</Unicode>
                </TextEquiv>
            </TextLine>
            <TextLine id="r1l10" custom="readingOrder {index:9;}">
                <Coords points="1327,1051 1393,1083 1430,1059 1578,1086 1624,1055 1697,1056 1755,1086 1842,1081 1871,1055 1904,1075 1980,1066 1979,1008 1894,986 1845,1016 1770,987 1687,1018 1596,995 1495,1026 1399,987 1372,1007 1326,995"/>
                <Baseline points="1335,1046 1366,1046 1398,1047 1430,1047 1462,1046 1494,1046 1525,1045 1557,1044 1589,1043 1621,1042 1653,1041 1684,1040 1716,1040 1748,1038 1780,1038 1812,1038 1843,1038 1875,1040 1907,1041 1939,1043 1971,1044"/>
                <TextEquiv>
                    <Unicode>begangn dann die und so</Unicode>
                </TextEquiv>
            </TextLine>
            <TextLine id="r1l11" custom="readingOrder {index:10;}">
                <Coords points="1328,1125 1475,1117 1519,1140 1618,1120 1655,1147 1711,1123 1787,1148 1858,1120 1878,1135 1936,1109 1988,1116 1988,1065 1870,1057 1843,1080 1732,1081 1625,1054 1573,1085 1466,1061 1393,1083 1328,1052"/>
                <Baseline points="1338,1110 1370,1109 1402,1109 1434,1109 1466,1107 1498,1107 1530,1107 1562,1107 1594,1107 1626,1106 1658,1106 1690,1106 1722,1106 1754,1106 1786,1106 1818,1106 1850,1106 1882,1106 1914,1106 1946,1106 1979,1106"/>
                <TextEquiv>
                    <Unicode>das nit besthrchen wurdee</Unicode>
                </TextEquiv>
            </TextLine>
            <TextLine id="r1l12" custom="readingOrder {index:11;}">
                <Coords points="1334,1185 1408,1205 1437,1185 1475,1215 1619,1183 1738,1216 1818,1192 1980,1209 1980,1145 1926,1127 1782,1151 1692,1124 1654,1149 1625,1119 1512,1150 1443,1125 1334,1152"/>
                <Baseline points="1344,1173 1375,1172 1406,1172 1438,1172 1469,1172 1500,1172 1532,1172 1563,1172 1594,1173 1626,1173 1657,1173 1688,1175 1720,1175 1751,1175 1782,1176 1814,1176 1845,1176 1876,1176 1908,1175 1939,1174 1971,1173"/>
                <TextEquiv>
                    <Unicode>gumermen beschechen wo</Unicode>
                </TextEquiv>
            </TextLine>
            <TextLine id="r1l13" custom="readingOrder {index:12;}">
                <Coords points="1341,1251 1410,1249 1461,1282 1504,1258 1544,1280 1608,1245 1662,1264 1704,1246 1782,1276 1980,1262 1980,1210 1916,1200 1896,1217 1833,1195 1777,1220 1653,1186 1479,1216 1341,1209"/>
                <Baseline points="1350,1238 1381,1239 1412,1239 1443,1239 1474,1240 1505,1241 1536,1239 1567,1239 1598,1239 1629,1239 1660,1239 1691,1239 1722,1238 1753,1238 1784,1238 1815,1238 1846,1239 1877,1239 1908,1240 1939,1241 1970,1242"/>
                <TextEquiv>
                    <Unicode>er ouch gar der mönen</Unicode>
                </TextEquiv>
            </TextLine>
            <TextLine id="r1l14" custom="readingOrder {index:13;}">
                <Coords points="1348,1315 1473,1338 1562,1313 1729,1317 1760,1338 1981,1311 1980,1271 1781,1276 1721,1257 1687,1281 1637,1249 1529,1283 1499,1260 1458,1284 1414,1252 1347,1246"/>
                <Baseline points="1356,1305 1386,1306 1417,1307 1448,1308 1479,1308 1509,1308 1540,1308 1571,1307 1602,1307 1632,1305 1663,1305 1694,1304 1725,1304 1755,1302 1786,1301 1817,1301 1848,1301 1878,1301 1909,1301 1940,1301 1971,1302"/>
                <TextEquiv>
                    <Unicode>nit gsyn, das er weeete</Unicode>
                </TextEquiv>
            </TextLine>
            <TextLine id="r1l15" custom="readingOrder {index:14;}">
                <Coords points="1331,1389 1384,1405 1498,1380 1579,1406 1648,1378 1732,1384 1757,1408 1777,1388 1852,1407 1984,1387 1983,1311 1818,1344 1589,1312 1479,1340 1330,1311"/>
                <Baseline points="1340,1374 1371,1374 1403,1373 1435,1373 1466,1371 1498,1371 1530,1370 1561,1370 1593,1370 1625,1368 1657,1368 1688,1368 1720,1368 1752,1368 1783,1367 1815,1367 1847,1367 1878,1367 1910,1367 1942,1368 1974,1368"/>
                <TextEquiv>
                    <Unicode>das unbezadet hinwegf</Unicode>
                </TextEquiv>
            </TextLine>
            <TextLine id="r1l16" custom="readingOrder {index:15;}">
                <Coords points="1351,1446 1433,1435 1486,1458 1565,1437 1747,1458 1783,1432 1845,1432 1901,1464 1972,1457 1971,1399 1948,1388 1852,1407 1812,1392 1757,1407 1736,1386 1652,1404 1616,1381 1578,1407 1351,1392"/>
                <Baseline points="1361,1430 1391,1430 1421,1430 1451,1431 1481,1431 1511,1431 1541,1431 1571,1431 1601,1431 1631,1431 1661,1431 1691,1431 1721,1431 1751,1430 1781,1430 1811,1430 1841,1428 1871,1428 1901,1427 1931,1427 1962,1425"/>
                <TextEquiv>
                    <Unicode>gen man sollte ouch an</Unicode>
                </TextEquiv>
            </TextLine>
            <TextLine id="r1l17" custom="readingOrder {index:16;} person {offset:0; length:11;} person {offset:16; length:5; continued:true;}">
                <Coords points="1355,1520 1453,1533 1502,1502 1531,1522 1631,1524 1692,1495 1777,1514 1797,1494 1855,1519 1884,1495 1977,1496 1976,1450 1893,1464 1858,1439 1788,1470 1688,1450 1592,1472 1521,1442 1480,1468 1405,1434 1354,1462"/>
                <Baseline points="1364,1493 1394,1493 1424,1491 1454,1491 1484,1491 1514,1491 1544,1491 1575,1491 1605,1491 1635,1491 1665,1491 1695,1491 1725,1491 1755,1491 1786,1490 1816,1490 1846,1489 1876,1488 1906,1487 1936,1485 1967,1484"/>
                <TextEquiv>
                    <Unicode>Honi Brunen und Jacob</Unicode>
                </TextEquiv>
            </TextLine>
            <TextLine id="r1l18" custom="readingOrder {index:17;} person {offset:0; length:8; continued:true;}">
                <Coords points="1335,1575 1612,1565 1767,1593 1864,1543 1967,1545 1966,1508 1919,1489 1831,1530 1780,1513 1740,1528 1685,1497 1631,1525 1519,1522 1495,1501 1450,1535 1334,1532"/>
                <Baseline points="1344,1562 1374,1560 1405,1559 1436,1559 1466,1557 1497,1557 1528,1556 1558,1556 1589,1556 1620,1556 1651,1556 1681,1554 1712,1554 1743,1554 1773,1553 1804,1553 1835,1551 1865,1550 1896,1548 1927,1545 1958,1542"/>
                <TextEquiv>
                    <Unicode>Garttman fragen, die</Unicode>
                </TextEquiv>
            </TextLine>
            <TextLine id="r1l19" custom="readingOrder {index:18;}">
                <Coords points="1337,1629 1377,1620 1492,1654 1540,1622 1647,1627 1695,1655 1718,1638 1842,1646 1905,1613 1983,1624 1981,1557 1920,1550 1862,1547 1808,1585 1746,1592 1630,1584 1608,1562 1498,1594 1336,1574"/>
                <Baseline points="1346,1616 1377,1617 1408,1619 1440,1619 1471,1619 1502,1620 1534,1620 1565,1619 1596,1619 1628,1619 1659,1617 1690,1616 1722,1616 1753,1614 1784,1613 1816,1611 1847,1610 1878,1608 1910,1607 1941,1605 1973,1604"/>
                <TextEquiv>
                    <Unicode>tragin ouch wussen umd</Unicode>
                </TextEquiv>
            </TextLine>
            <TextLine id="r1l20" custom="readingOrder {index:19;}">
                <Coords points="1317,1716 1358,1692 1422,1722 1579,1706 1679,1720 1703,1704 1812,1717 1844,1711 1844,1641 1679,1651 1648,1626 1572,1638 1541,1620 1474,1651 1379,1621 1316,1631"/>
                <Baseline points="1325,1680 1350,1680 1376,1680 1401,1680 1427,1680 1452,1680 1478,1680 1503,1680 1529,1679 1554,1679 1580,1679 1605,1678 1631,1677 1656,1677 1682,1676 1707,1676 1733,1676 1758,1677 1784,1677 1809,1678 1835,1679"/>
                <TextEquiv>
                    <Unicode>sin husshabetung</Unicode>
                </TextEquiv>
            </TextLine>
            <TextLine id="r1l21" custom="readingOrder {index:20;}">
                <Coords points="1379,1826 1512,1809 1572,1814 1604,1844 1631,1826 1876,1855 1920,1823 1965,1842 1967,1735 1774,1784 1740,1765 1618,1784 1381,1755"/>
                <Baseline points="1389,1803 1417,1803 1445,1805 1474,1805 1502,1806 1530,1808 1559,1808 1587,1809 1615,1810 1644,1811 1672,1812 1700,1812 1729,1812 1757,1814 1785,1814 1814,1814 1842,1814 1870,1814 1899,1814 1927,1813 1956,1812"/>
                <TextEquiv>
                    <Unicode>Soll allen cost₎ abtrag</Unicode>
                </TextEquiv>
            </TextLine>
            <TextLine id="r1l22" custom="readingOrder {index:21;}">
                <Coords points="1394,1880 1552,1898 1592,1884 1796,1919 1857,1882 1971,1873 1972,1848 1921,1823 1850,1856 1732,1856 1687,1833 1623,1848 1570,1815 1487,1844 1395,1833"/>
                <Baseline points="1404,1863 1431,1865 1459,1866 1487,1867 1515,1869 1543,1870 1571,1872 1599,1874 1627,1875 1655,1875 1683,1877 1710,1878 1738,1878 1766,1878 1794,1878 1822,1878 1850,1877 1878,1876 1906,1874 1934,1872 1962,1869"/>
                <TextEquiv>
                    <Unicode>unnd zwentzen guldin</Unicode>
                </TextEquiv>
            </TextLine>
            <TextLine id="r1l23" custom="readingOrder {index:22;}">
                <Coords points="1367,1954 1420,1939 1485,1973 1554,1949 1657,1977 1677,1961 1820,1984 1906,1963 1936,1982 1996,1963 1998,1872 1857,1882 1783,1924 1688,1898 1582,1916 1541,1891 1445,1876 1406,1897 1369,1878"/>
                <Baseline points="1376,1932 1406,1932 1437,1934 1467,1935 1498,1937 1529,1939 1559,1941 1590,1942 1620,1944 1651,1946 1682,1947 1712,1948 1743,1949 1773,1949 1804,1950 1835,1949 1865,1948 1896,1947 1926,1945 1957,1941 1988,1938"/>
                <TextEquiv>
                    <Unicode>gebe ob er ußglassen, vnd</Unicode>
                </TextEquiv>
            </TextLine>
            <TextLine id="r1l24" custom="readingOrder {index:23;}">
                <Coords points="1382,2009 1446,2034 1484,2009 1539,2042 1624,2047 1714,2016 1782,2038 1988,2017 1989,1975 1757,1987 1672,1964 1619,1983 1594,1961 1492,1977 1448,1941 1384,1948"/>
                <Baseline points="1392,1994 1421,1995 1450,1997 1480,2000 1509,2000 1539,2002 1568,2004 1597,2006 1627,2009 1656,2010 1686,2012 1715,2013 1744,2014 1774,2015 1803,2015 1833,2016 1862,2015 1891,2015 1921,2013 1950,2012 1980,2009"/>
                <TextEquiv>
                    <Unicode>souer er wytter ettwes</Unicode>
                </TextEquiv>
            </TextLine>
            <TextLine id="r1l25" custom="readingOrder {index:24;}">
                <Coords points="1364,2090 1405,2070 1442,2091 1536,2069 1591,2106 1628,2082 1770,2079 1875,2118 1987,2095 1990,2015 1858,2041 1705,2025 1646,2047 1535,2039 1488,2009 1445,2035 1391,2009 1367,2021"/>
                <Baseline points="1374,2057 1404,2058 1434,2058 1464,2060 1495,2061 1525,2064 1555,2064 1585,2066 1616,2069 1646,2070 1676,2071 1706,2073 1737,2074 1767,2075 1797,2076 1827,2077 1858,2078 1888,2078 1918,2078 1948,2078 1979,2076"/>
                <TextEquiv>
                    <Unicode>handlen, werde man in</Unicode>
                </TextEquiv>
            </TextLine>
            <TextLine id="r1l26" custom="readingOrder {index:25;}">
                <Coords points="1366,2127 1803,2141 1920,2165 2001,2147 2004,2085 1875,2117 1775,2078 1603,2106 1549,2072 1368,2091"/>
                <Baseline points="1376,2112 1406,2115 1437,2118 1468,2121 1499,2123 1529,2126 1560,2127 1591,2130 1622,2132 1652,2133 1683,2135 1714,2136 1745,2137 1775,2138 1806,2139 1837,2140 1868,2141 1898,2141 1929,2142 1960,2142 1991,2144"/>
                <TextEquiv>
                    <Unicode>uis zum anderen geben</Unicode>
                </TextEquiv>
            </TextLine>
            <TextLine id="r1l27" custom="readingOrder {index:26;}">
                <Coords points="1926,2180 1935,2180 1942,2176 1955,2177 1964,2184 1970,2183 1973,2179 1979,2181 1984,2175 1995,2174 1993,2140 1985,2140 1963,2160 1955,2153 1948,2152 1938,2162 1936,2160 1925,2161"/>
                <Baseline points="1935,2172 1960,2171 1986,2169"/>
                <TextEquiv>
                    <Unicode></Unicode>
                </TextEquiv>
            </TextLine>
            <TextLine id="r1l28" custom="readingOrder {index:27;}">
                <Coords points="1365,2195 1567,2192 1620,2224 1742,2214 1817,2236 1856,2215 1913,2245 2001,2216 2003,2181 1802,2171 1756,2188 1610,2156 1367,2155"/>
                <Baseline points="1374,2184 1404,2187 1435,2190 1466,2191 1497,2194 1528,2195 1559,2198 1590,2199 1621,2201 1652,2204 1683,2205 1713,2207 1744,2208 1775,2208 1806,2210 1837,2210 1868,2210 1899,2210 1930,2210 1961,2208 1992,2207"/>
                <TextEquiv>
                    <Unicode>presentibus e nichtus schwingburt</Unicode>
                </TextEquiv>
            </TextLine>
            <TextLine id="r1l29" custom="readingOrder {index:28;} person {offset:10; length:11;} person {offset:24; length:5; continued:true;}">
                <Coords points="1370,2243 1695,2290 1772,2264 1887,2290 1999,2273 2001,2222 1946,2240 1898,2207 1820,2237 1731,2212 1619,2224 1564,2192 1372,2194"/>
                <Baseline points="1380,2240 1410,2241 1441,2243 1471,2244 1502,2247 1532,2249 1563,2250 1593,2253 1624,2255 1654,2257 1685,2258 1716,2261 1746,2262 1777,2262 1807,2264 1838,2264 1868,2263 1899,2262 1929,2261 1960,2259 1991,2256"/>
                <TextEquiv>
                    <Unicode>des ratts Jacob Buder ✳ Hanns</Unicode>
                </TextEquiv>
            </TextLine>
            <TextLine id="r1l30" custom="readingOrder {index:29;} person {offset:0; length:18; continued:true;} organization {offset:25; length:8;}">
                <Coords points="1343,2322 1384,2301 1488,2328 1558,2304 1589,2331 1775,2315 1834,2340 1947,2320 2006,2341 2009,2288 1891,2293 1781,2264 1711,2286 1579,2280 1518,2255 1346,2245"/>
                <Baseline points="1353,2285 1385,2287 1417,2289 1449,2291 1482,2293 1514,2295 1546,2298 1578,2301 1611,2304 1643,2306 1675,2308 1707,2310 1740,2313 1772,2314 1804,2315 1836,2315 1869,2315 1901,2315 1933,2314 1965,2312 1998,2310"/>
                <TextEquiv>
                    <Unicode>Rudolff Haggenberg ✳ der burgernn</Unicode>
                </TextEquiv>
            </TextLine>
            <TextLine id="r1l31" custom="readingOrder {index:30;} person {offset:19; length:7;}">
                <Coords points="1379,2371 1417,2373 1459,2344 1508,2376 1540,2354 1591,2388 1630,2362 1807,2397 1829,2376 1938,2378 1999,2356 2001,2334 1889,2345 1798,2316 1719,2338 1576,2329 1551,2309 1382,2313"/>
                <Baseline points="1391,2337 1421,2339 1451,2340 1481,2343 1511,2346 1541,2348 1571,2351 1601,2354 1631,2356 1661,2360 1691,2362 1721,2364 1751,2366 1781,2367 1811,2369 1841,2369 1871,2367 1901,2367 1931,2364 1961,2361 1991,2357"/>
                <TextEquiv>
                    <Unicode>hernn Groszweybels Pasters unnd</Unicode>
                </TextEquiv>
            </TextLine>
            <TextLine id="r1l32" custom="readingOrder {index:31;} person {offset:26; length:5; continued:true;}">
                <Coords points="1382,2398 1433,2424 1545,2404 1617,2441 1711,2422 1775,2448 1956,2430 1961,2369 1894,2391 1827,2379 1804,2398 1702,2368 1667,2384 1634,2363 1592,2388 1532,2354 1497,2374 1455,2343 1417,2373 1384,2371"/>
                <Baseline points="1392,2393 1419,2394 1447,2394 1475,2396 1503,2397 1530,2400 1558,2402 1586,2405 1614,2408 1641,2411 1669,2414 1697,2417 1725,2419 1752,2421 1780,2423 1808,2424 1836,2426 1863,2426 1891,2426 1919,2424 1947,2423"/>
                <TextEquiv>
                    <Unicode>smeinenn weyblenn ✳ hertt Jacob</Unicode>
                </TextEquiv>
            </TextLine>
            <TextLine id="r1l33" custom="readingOrder {index:32;} person {offset:0; length:7; continued:true;} place {offset:11; length:7;}">
                <Coords points="1361,2473 1427,2446 1517,2482 1558,2453 1592,2474 1727,2476 1780,2518 1946,2512 2006,2491 2013,2399 1847,2455 1801,2433 1623,2440 1485,2407 1435,2425 1368,2392"/>
                <Baseline points="1373,2436 1404,2439 1435,2442 1466,2445 1498,2450 1529,2453 1560,2456 1591,2460 1623,2464 1654,2467 1685,2470 1716,2473 1748,2476 1779,2478 1810,2480 1841,2481 1873,2483 1904,2483 1935,2483 1966,2481 1998,2480"/>
                <TextEquiv>
                    <Unicode>Hannsei zu Marstli anzeügt uh</Unicode>
                </TextEquiv>
            </TextLine>
            <TextLine id="r1l34" custom="readingOrder {index:33;}">
                <Coords points="1392,2523 1440,2504 1485,2522 1526,2518 1599,2537 1660,2528 1678,2548 1736,2550 1760,2547 1765,2497 1723,2476 1700,2487 1625,2470 1589,2488 1538,2489 1491,2484 1444,2459 1421,2477 1397,2471"/>
                <Baseline points="1404,2504 1430,2505 1457,2505 1484,2507 1510,2508 1537,2510 1564,2513 1590,2515 1617,2519 1644,2521 1670,2525 1697,2530 1724,2534 1751,2538"/>
                <TextEquiv>
                    <Unicode>2. Decemb 1552</Unicode>
                </TextEquiv>
            </TextLine>
            <TextEquiv>
                <Unicode>kein somlichen gmeinder gheff
unnd soner man im schon ein
oder noch der andern vßz
kontte er mitt anders seg
wellte ouch das an sine na
furen sonsen wie obstat, das
er keinem me kein halle
entreytt noch entfromeden
hotte ouch nie kein torhen
begangn dann die und so
das nit besthrchen wurdee
gumermen beschechen wo
er ouch gar der mönen
nit gsyn, das er weeete
das unbezadet hinwegf
gen man sollte ouch an
Honi Brunen und Jacob
Garttman fragen, die
tragin ouch wussen umd
sin husshabetung
Soll allen cost₎ abtrag
unnd zwentzen guldin
gebe ob er ußglassen, vnd
souer er wytter ettwes
handlen, werde man in
uis zum anderen geben

presentibus e nichtus schwingburt
des ratts Jacob Buder ✳ Hanns
Rudolff Haggenberg ✳ der burgernn
hernn Groszweybels Pasters unnd
smeinenn weyblenn ✳ hertt Jacob
Hannsei zu Marstli anzeügt uh
2. Decemb 1552</Unicode>
            </TextEquiv>
        </TextRegion>
        <TextRegion orientation="0.0" id="r2" custom="readingOrder {index:1;}">
            <Coords points="2033,450 2033,2465 2786,2465 2786,450"/>
            <TextLine id="r2l1" custom="readingOrder {index:0;}">
                <Coords points="2054,560 2442,487 2522,510 2772,481 2769,445 2719,427 2653,418 2527,459 2433,408 2370,453 2302,444 2251,473 2213,456 2165,489 2047,462"/>
                <Baseline points="2061,530 2096,524 2131,519 2166,515 2201,510 2236,506 2271,502 2306,499 2341,495 2376,492 2411,490 2446,487 2481,485 2516,483 2551,480 2586,479 2621,477 2656,477 2691,476 2726,474 2762,473"/>
                <TextEquiv>
                    <Unicode>als er gefragtt warumb ur sinweg ho¬</Unicode>
                </TextEquiv>
            </TextLine>
            <TextLine id="r2l2" custom="readingOrder {index:1;}">
                <Coords points="2119,598 2279,553 2392,578 2466,542 2536,563 2625,535 2696,561 2731,529 2778,535 2775,483 2599,515 2555,494 2518,511 2482,486 2420,514 2368,498 2291,534 2203,525 2116,551"/>
                <Baseline points="2126,572 2158,567 2190,563 2222,560 2254,556 2286,554 2318,551 2351,548 2383,546 2415,543 2447,541 2479,539 2511,537 2543,535 2576,534 2608,533 2640,530 2672,530 2704,528 2736,527 2769,525"/>
                <TextEquiv>
                    <Unicode>unnd vonn egund gfarenn hatt</Unicode>
                </TextEquiv>
            </TextLine>
            <TextLine id="r2l3" custom="readingOrder {index:2;}">
                <Coords points="2045,620 2054,618 2058,612 2062,615 2076,602 2092,608 2100,600 2112,597 2101,548 2087,551 2078,561 2061,567 2052,561 2042,573 2034,575"/>
                <Baseline points="2048,590 2073,583 2099,578"/>
                <TextEquiv>
                    <Unicode>en</Unicode>
                </TextEquiv>
            </TextLine>
            <TextLine id="r2l4" custom="readingOrder {index:3;}">
                <Coords points="2024,652 2452,589 2499,608 2528,584 2563,606 2693,578 2763,607 2774,535 2549,566 2465,543 2358,577 2297,558 2020,603"/>
                <Baseline points="2033,639 2069,632 2106,626 2143,618 2180,613 2216,609 2253,605 2290,602 2327,598 2363,596 2400,593 2437,591 2474,588 2510,587 2547,585 2584,584 2621,582 2657,581 2694,579 2731,578 2768,575"/>
                <TextEquiv>
                    <Unicode>er geantwortt es were uff morn stumpstag</Unicode>
                </TextEquiv>
            </TextLine>
            <TextLine id="r2l5" custom="readingOrder {index:4;}">
                <Coords points="2031,688 2117,678 2144,697 2197,675 2239,699 2358,657 2497,649 2526,673 2613,640 2676,661 2755,643 2750,587 2691,577 2554,616 2467,595 2315,607 2286,632 2144,623 2029,665"/>
                <Baseline points="2039,689 2074,682 2109,677 2144,672 2180,667 2215,663 2250,659 2285,656 2321,654 2356,651 2391,648 2426,645 2462,644 2497,642 2532,639 2567,638 2603,636 2638,633 2673,632 2708,629 2744,627"/>
                <TextEquiv>
                    <Unicode>nechtt ✳ ungfar zwolff wuch₎ hette sin</Unicode>
                </TextEquiv>
            </TextLine>
            <TextLine id="r2l6" custom="readingOrder {index:5;}">
                <Coords points="2035,754 2086,761 2228,712 2357,733 2381,707 2491,704 2553,731 2580,701 2776,688 2773,654 2675,661 2641,638 2558,672 2499,658 2397,681 2366,656 2229,694 2196,674 2068,704 2030,687"/>
                <Baseline points="2043,738 2079,733 2115,728 2151,723 2187,719 2223,715 2259,712 2295,708 2331,707 2367,703 2404,701 2440,699 2476,696 2512,694 2548,692 2584,689 2620,688 2656,685 2692,684 2728,681 2765,678"/>
                <TextEquiv>
                    <Unicode>stieffdochtter am offnenn ergrichtt einem</Unicode>
                </TextEquiv>
            </TextLine>
            <TextLine id="r2l7" custom="readingOrder {index:6;}">
                <Coords points="2027,807 2089,811 2114,782 2191,797 2246,764 2362,760 2409,788 2492,753 2576,783 2637,740 2698,755 2695,711 2581,700 2556,729 2491,704 2380,706 2351,734 2203,718 2024,771"/>
                <Baseline points="2034,789 2066,783 2099,779 2131,775 2164,770 2197,767 2229,764 2262,762 2295,759 2327,756 2360,755 2393,753 2425,752 2458,750 2491,749 2523,748 2556,747 2589,746 2621,744 2654,743 2687,741"/>
                <TextEquiv>
                    <Unicode>anderenn das labendig kind gebenn</Unicode>
                </TextEquiv>
            </TextLine>
            <TextLine id="r2l8" custom="readingOrder {index:7;}">
                <Coords points="2032,855 2056,862 2096,838 2141,827 2167,836 2185,820 2237,843 2274,812 2311,822 2330,811 2353,823 2398,811 2394,773 2353,782 2308,764 2282,779 2246,763 2217,790 2192,784 2149,799 2125,788 2090,808 2028,809"/>
                <Baseline points="2039,839 2065,832 2092,827 2119,822 2146,818 2173,815 2200,814 2226,812 2253,812 2280,810 2307,809 2334,807 2361,806 2388,801"/>
                <TextEquiv>
                    <Unicode>Demnach als es</Unicode>
                </TextEquiv>
            </TextLine>
            <TextLine id="r2l9" custom="readingOrder {index:8;}">
                <Coords points="2025,893 2223,896 2305,864 2375,885 2454,851 2671,871 2746,849 2743,791 2672,786 2599,819 2529,769 2468,820 2275,812 2244,839 2187,820 2023,852"/>
                <Baseline points="2034,882 2069,877 2104,872 2139,867 2174,864 2209,860 2244,857 2279,856 2314,853 2349,851 2385,849 2420,849 2455,848 2490,847 2525,846 2560,845 2595,845 2630,843 2665,842 2700,842 2736,840"/>
                <TextEquiv>
                    <Unicode>in pfengknus glegtt wordenn ✳ hàtte</Unicode>
                </TextEquiv>
            </TextLine>
            <TextLine id="r2l10" custom="readingOrder {index:9;}">
                <Coords points="2041,944 2099,938 2127,960 2273,923 2355,938 2421,918 2460,938 2497,914 2641,923 2733,899 2717,849 2669,871 2458,852 2412,882 2257,875 2224,895 2181,866 2108,906 2039,893"/>
                <Baseline points="2049,936 2082,931 2116,926 2150,921 2183,918 2217,915 2251,913 2284,910 2318,909 2352,906 2386,905 2419,903 2453,902 2487,902 2520,900 2554,900 2588,900 2621,899 2655,899 2689,899 2723,897"/>
                <TextEquiv>
                    <Unicode>die stieffdochtter ime h. kind gebenn</Unicode>
                </TextEquiv>
            </TextLine>
            <TextLine id="r2l11" custom="readingOrder {index:10;}">
                <Coords points="2050,1000 2089,981 2150,1000 2355,976 2393,995 2639,947 2689,965 2692,919 2547,928 2486,908 2462,933 2436,916 2364,938 2277,926 2249,948 2208,931 2128,959 2047,945"/>
                <Baseline points="2057,980 2088,977 2119,975 2151,972 2182,971 2213,968 2245,967 2276,964 2307,963 2339,960 2370,959 2401,957 2433,956 2464,954 2495,953 2527,951 2558,951 2589,950 2621,949 2652,948 2684,948"/>
                <TextEquiv>
                    <Unicode>ff das hin schickte tschachlen im</Unicode>
                </TextEquiv>
            </TextLine>
            <TextLine id="r2l12" custom="readingOrder {index:11;} place {offset:0; length:13;}">
                <Coords points="2041,1049 2403,1008 2558,1035 2581,1012 2693,1015 2692,975 2645,983 2590,957 2540,983 2397,994 2354,977 2039,994"/>
                <Baseline points="2049,1026 2080,1023 2112,1022 2144,1020 2176,1019 2207,1018 2239,1017 2271,1016 2303,1014 2334,1013 2366,1013 2398,1011 2430,1010 2461,1009 2493,1008 2525,1007 2557,1006 2588,1004 2620,1003 2652,1001 2684,999"/>
                <TextEquiv>
                    <Unicode>Obersibenthal einen weybel zuͦ ime</Unicode>
                </TextEquiv>
            </TextLine>
            <TextLine id="r2l13" custom="readingOrder {index:12;}">
                <Coords points="2038,1104 2110,1074 2142,1099 2197,1071 2461,1059 2508,1087 2628,1058 2671,1086 2756,1081 2795,1050 2794,1012 2588,1009 2549,1034 2443,1009 2370,1036 2293,1015 2037,1054"/>
                <Baseline points="2046,1074 2083,1071 2120,1070 2157,1068 2194,1067 2231,1065 2268,1064 2305,1062 2342,1062 2379,1061 2416,1060 2453,1059 2490,1058 2527,1056 2564,1055 2601,1053 2638,1052 2675,1049 2712,1047 2749,1044 2786,1041"/>
                <TextEquiv>
                    <Unicode>inn gebrruffenn ✳ er domals die tischmacher</Unicode>
                </TextEquiv>
            </TextLine>
            <TextLine id="r2l14" custom="readingOrder {index:13;}">
                <Coords points="2029,1143 2320,1111 2513,1123 2536,1105 2611,1130 2687,1102 2727,1113 2725,1075 2666,1083 2631,1058 2508,1086 2462,1059 2388,1078 2290,1065 2142,1099 2108,1075 2028,1110"/>
                <Baseline points="2037,1128 2071,1124 2105,1121 2139,1118 2173,1115 2207,1113 2241,1111 2275,1110 2309,1109 2343,1107 2377,1107 2411,1106 2445,1106 2479,1105 2513,1104 2547,1104 2581,1103 2615,1103 2649,1101 2683,1100 2718,1098"/>
                <TextEquiv>
                    <Unicode>unnd sonst niemantts dann sin fromw</Unicode>
                </TextEquiv>
            </TextLine>
            <TextLine id="r2l15" custom="readingOrder {index:14;}">
                <Coords points="2037,1194 2173,1171 2225,1198 2304,1195 2472,1157 2538,1174 2619,1158 2662,1191 2732,1174 2729,1107 2689,1099 2612,1130 2533,1105 2512,1123 2239,1114 2213,1135 2035,1140"/>
                <Baseline points="2045,1178 2078,1175 2112,1172 2146,1170 2180,1169 2214,1167 2247,1166 2281,1164 2315,1163 2349,1161 2383,1160 2416,1158 2450,1158 2484,1156 2518,1155 2551,1154 2585,1154 2619,1152 2653,1151 2687,1149 2721,1149"/>
                <TextEquiv>
                    <Unicode>dahenen gehoptt ✳ er ime domals zr</Unicode>
                </TextEquiv>
            </TextLine>
            <TextLine id="r2l16" custom="readingOrder {index:15;}">
                <Coords points="2055,1245 2547,1208 2586,1227 2647,1206 2720,1219 2743,1216 2742,1165 2661,1188 2591,1158 2539,1176 2471,1156 2430,1181 2225,1199 2172,1170 2137,1204 2053,1205"/>
                <Baseline points="2063,1226 2096,1225 2130,1223 2163,1221 2197,1220 2230,1219 2264,1218 2297,1217 2331,1215 2364,1215 2398,1214 2431,1212 2465,1212 2498,1211 2532,1209 2565,1208 2599,1208 2632,1206 2666,1205 2699,1203 2733,1202"/>
                <TextEquiv>
                    <Unicode>entwortt gebenn weltte morn oder eins</Unicode>
                </TextEquiv>
            </TextLine>
            <TextLine id="r2l17" custom="readingOrder {index:16;}">
                <Coords points="2060,1292 2140,1282 2195,1303 2303,1276 2353,1305 2406,1267 2488,1292 2653,1265 2708,1284 2738,1277 2737,1226 2543,1236 2451,1213 2271,1248 2247,1230 2222,1253 2107,1233 2059,1258"/>
                <Baseline points="2069,1275 2102,1274 2135,1274 2168,1272 2201,1271 2234,1271 2267,1269 2300,1268 2333,1266 2366,1266 2399,1265 2432,1264 2465,1262 2498,1262 2531,1260 2564,1260 2597,1259 2630,1259 2663,1257 2696,1257 2729,1257"/>
                <TextEquiv>
                    <Unicode>indern andern tags kompn in dem</Unicode>
                </TextEquiv>
            </TextLine>
            <TextLine id="r2l18" custom="readingOrder {index:17;} place {offset:22; length:10;}">
                <Coords points="2061,1370 2191,1327 2284,1349 2318,1326 2355,1346 2428,1324 2543,1349 2599,1316 2666,1326 2664,1268 2483,1293 2408,1266 2365,1293 2298,1276 2201,1307 2138,1282 2059,1293"/>
                <Baseline points="2070,1337 2099,1332 2128,1329 2158,1327 2187,1325 2216,1323 2246,1322 2275,1320 2304,1319 2334,1319 2363,1319 2392,1318 2422,1317 2451,1317 2480,1317 2510,1316 2539,1315 2568,1314 2598,1312 2627,1310 2657,1308"/>
                <TextEquiv>
                    <Unicode>apte im ein frouw von Wyssenbach</Unicode>
                </TextEquiv>
            </TextLine>
            <TextLine id="r2l19" custom="readingOrder {index:18;} person {offset:0; length:18;} person {offset:29; length:6; continued:true;}">
                <Coords points="2040,1389 2225,1399 2247,1378 2267,1398 2317,1382 2380,1402 2522,1373 2575,1399 2620,1369 2700,1361 2699,1323 2436,1348 2387,1324 2326,1353 2202,1336 2110,1360 2073,1337 2039,1355"/>
                <Baseline points="2049,1382 2081,1379 2113,1376 2145,1375 2177,1374 2209,1373 2241,1373 2273,1371 2305,1371 2337,1371 2369,1371 2401,1370 2433,1370 2465,1370 2497,1368 2529,1368 2561,1367 2593,1365 2625,1364 2657,1361 2690,1358"/>
                <TextEquiv>
                    <Unicode>Lorentz schaffters schwöster Petter</Unicode>
                </TextEquiv>
            </TextLine>
            <TextLine id="r2l20" custom="readingOrder {index:19;} person {offset:0; length:7; continued:true;}">
                <Coords points="2059,1451 2104,1432 2144,1455 2268,1452 2293,1432 2434,1449 2555,1418 2654,1431 2731,1416 2730,1360 2562,1400 2520,1373 2404,1399 2353,1376 2272,1400 2246,1378 2225,1399 2058,1387"/>
                <Baseline points="2067,1425 2099,1425 2132,1424 2165,1424 2198,1424 2231,1424 2263,1423 2296,1422 2329,1422 2362,1422 2395,1422 2427,1422 2460,1421 2493,1421 2526,1420 2558,1419 2591,1418 2624,1416 2657,1414 2690,1412 2723,1409"/>
                <TextEquiv>
                    <Unicode>fanusts befrouw er hatte ein kind</Unicode>
                </TextEquiv>
            </TextLine>
            <TextLine id="r2l21" custom="readingOrder {index:20;}">
                <Coords points="2058,1494 2089,1479 2167,1510 2390,1480 2432,1503 2466,1479 2572,1501 2633,1474 2729,1484 2729,1436 2554,1419 2442,1454 2300,1432 2252,1455 2058,1449"/>
                <Baseline points="2067,1482 2099,1481 2132,1479 2164,1478 2197,1478 2230,1476 2262,1476 2295,1476 2328,1476 2360,1476 2393,1476 2426,1476 2458,1476 2491,1475 2524,1475 2556,1475 2589,1473 2622,1472 2654,1471 2687,1469 2720,1466"/>
                <TextEquiv>
                    <Unicode>by siner stirffdochtter gmachtt ✳ soltte sic</Unicode>
                </TextEquiv>
            </TextLine>
            <TextLine id="r2l22" custom="readingOrder {index:21;}">
                <Coords points="2060,1544 2288,1566 2319,1542 2395,1561 2466,1528 2624,1552 2651,1530 2771,1531 2770,1497 2650,1474 2582,1502 2378,1482 2335,1506 2059,1499"/>
                <Baseline points="2069,1529 2103,1529 2138,1529 2172,1530 2207,1530 2242,1530 2276,1530 2311,1530 2346,1530 2380,1530 2415,1529 2450,1529 2484,1529 2519,1529 2554,1527 2588,1527 2623,1527 2658,1526 2692,1526 2727,1524 2762,1523"/>
                <TextEquiv>
                    <Unicode>hin weg mach dann wo min herrenn</Unicode>
                </TextEquiv>
            </TextLine>
            <TextLine id="r2l23" custom="readingOrder {index:22;}">
                <Coords points="2059,1596 2351,1606 2489,1582 2525,1600 2636,1576 2658,1596 2727,1592 2727,1547 2669,1527 2623,1551 2493,1548 2467,1528 2397,1561 2173,1543 2101,1563 2059,1545"/>
                <Baseline points="2069,1580 2101,1580 2133,1581 2166,1581 2198,1581 2231,1581 2263,1581 2295,1581 2328,1581 2360,1581 2393,1581 2425,1581 2457,1581 2490,1581 2522,1580 2555,1580 2587,1580 2619,1580 2652,1580 2684,1578 2717,1578"/>
                <TextEquiv>
                    <Unicode>Inne beträttenn wurde sy ime den</Unicode>
                </TextEquiv>
            </TextLine>
            <TextLine id="r2l24" custom="readingOrder {index:23;}">
                <Coords points="2068,1670 2256,1643 2367,1667 2463,1639 2503,1666 2591,1637 2648,1639 2684,1673 2718,1641 2775,1648 2774,1601 2731,1592 2067,1605"/>
                <Baseline points="2076,1641 2110,1638 2144,1637 2179,1637 2213,1635 2248,1635 2282,1635 2317,1635 2351,1635 2386,1635 2420,1635 2454,1637 2489,1637 2523,1637 2558,1635 2592,1635 2627,1634 2661,1632 2696,1631 2730,1628 2765,1625"/>
                <TextEquiv>
                    <Unicode>fff kopff abhouwenn tc. uff dhin</Unicode>
                </TextEquiv>
            </TextLine>
            <TextLine id="r2l25" custom="readingOrder {index:24;}">
                <Coords points="2054,1705 2123,1727 2198,1692 2272,1724 2463,1691 2635,1717 2673,1693 2711,1713 2747,1705 2747,1655 2680,1671 2647,1640 2562,1640 2499,1670 2464,1639 2372,1668 2294,1648 2054,1676"/>
                <Baseline points="2063,1694 2096,1692 2130,1691 2164,1691 2198,1691 2232,1691 2265,1689 2299,1689 2333,1689 2367,1690 2401,1691 2434,1691 2468,1691 2502,1691 2536,1691 2569,1691 2603,1691 2637,1691 2671,1690 2705,1689 2739,1689"/>
                <TextEquiv>
                    <Unicode>er somlichs siner frouwenn anzougtt</Unicode>
                </TextEquiv>
            </TextLine>
            <TextLine id="r2l26" custom="readingOrder {index:25;}">
                <Coords points="2039,1764 2124,1749 2299,1778 2467,1745 2614,1769 2690,1752 2723,1776 2766,1756 2766,1691 2707,1716 2676,1692 2627,1716 2447,1722 2409,1698 2271,1726 2249,1704 2039,1711"/>
                <Baseline points="2048,1745 2083,1745 2118,1743 2154,1743 2189,1742 2225,1742 2260,1742 2296,1742 2331,1742 2367,1742 2402,1742 2437,1743 2473,1743 2508,1743 2544,1743 2579,1743 2615,1743 2650,1743 2686,1743 2721,1742 2757,1740"/>
                <TextEquiv>
                    <Unicode>unnd sich deshalber das er by siner stirff¬</Unicode>
                </TextEquiv>
            </TextLine>
            <TextLine id="r2l27" custom="readingOrder {index:26;}">
                <Coords points="2059,1801 2115,1828 2217,1805 2241,1825 2299,1825 2324,1802 2409,1818 2464,1799 2527,1824 2714,1807 2714,1756 2524,1768 2464,1746 2386,1777 2059,1759"/>
                <Baseline points="2069,1794 2100,1794 2132,1794 2164,1794 2196,1794 2228,1796 2259,1796 2291,1796 2323,1796 2355,1797 2387,1797 2418,1797 2450,1797 2482,1797 2514,1797 2546,1797 2577,1797 2609,1796 2641,1796 2673,1794 2705,1793"/>
                <TextEquiv>
                    <Unicode>vochtter glegenn hin weg gemachtt</Unicode>
                </TextEquiv>
            </TextLine>
            <TextLine id="r2l28" custom="readingOrder {index:27;}">
                <Coords points="2057,1862 2154,1847 2199,1876 2250,1850 2380,1875 2446,1860 2476,1882 2544,1854 2628,1878 2720,1854 2709,1805 2586,1825 2450,1802 2295,1827 2058,1818"/>
                <Baseline points="2066,1847 2098,1847 2130,1845 2162,1845 2195,1845 2227,1845 2259,1845 2291,1847 2324,1848 2356,1848 2388,1850 2420,1850 2453,1851 2485,1851 2517,1852 2549,1853 2582,1853 2614,1853 2646,1851 2678,1851 2711,1850"/>
                <TextEquiv>
                    <Unicode>demnach aber uff ein zytt ✳ als ettlich</Unicode>
                </TextEquiv>
            </TextLine>
            <TextLine id="r2l29" custom="readingOrder {index:28;}">
                <Coords points="2067,1928 2135,1905 2196,1933 2291,1903 2410,1928 2780,1910 2781,1870 2719,1883 2665,1860 2617,1883 2543,1853 2476,1882 2253,1863 2200,1879 2139,1847 2068,1867"/>
                <Baseline points="2076,1895 2110,1896 2145,1897 2180,1898 2215,1899 2250,1899 2284,1901 2319,1901 2354,1902 2389,1902 2424,1902 2458,1903 2493,1904 2528,1904 2563,1904 2598,1904 2632,1904 2667,1904 2702,1902 2737,1902 2772,1901"/>
                <TextEquiv>
                    <Unicode>bed von im uszgangen der trenckeren</Unicode>
                </TextEquiv>
            </TextLine>
            <TextLine id="r2l30" custom="readingOrder {index:29;}">
                <Coords points="2073,1970 2265,1952 2318,1993 2418,1958 2539,1956 2604,1986 2681,1963 2719,1984 2769,1975 2770,1934 2714,1911 2614,1941 2547,1911 2413,1929 2299,1904 2229,1934 2074,1923"/>
                <Baseline points="2082,1950 2115,1950 2149,1950 2183,1950 2217,1951 2251,1952 2285,1953 2319,1953 2353,1955 2387,1955 2421,1956 2454,1956 2488,1958 2522,1958 2556,1958 2590,1958 2624,1958 2658,1958 2692,1956 2726,1956 2760,1955"/>
                <TextEquiv>
                    <Unicode>halb ✳ unnd c das kind vergrabenn</Unicode>
                </TextEquiv>
            </TextLine>
            <TextLine id="r2l31" custom="readingOrder {index:30;}">
                <Coords points="2069,2018 2293,2003 2352,2038 2472,2006 2611,2034 2655,2010 2699,2031 2733,2020 2734,1986 2683,1964 2540,1982 2502,1958 2425,1988 2311,1986 2266,1953 2070,1973"/>
                <Baseline points="2079,2003 2111,2003 2143,2003 2175,2003 2208,2004 2240,2004 2272,2004 2304,2004 2337,2004 2369,2006 2401,2006 2433,2006 2466,2007 2498,2007 2530,2007 2562,2008 2595,2009 2627,2009 2659,2009 2691,2009 2724,2010"/>
                <TextEquiv>
                    <Unicode>were wordenn ✳ unnd die lutth in</Unicode>
                </TextEquiv>
            </TextLine>
            <TextLine id="r2l32" custom="readingOrder {index:31;}">
                <Coords points="2059,2076 2159,2084 2264,2056 2335,2089 2546,2060 2614,2088 2776,2062 2776,2031 2716,2018 2635,2040 2540,2011 2462,2036 2417,2017 2286,2038 2180,2004 2060,2011"/>
                <Baseline points="2069,2055 2103,2055 2138,2054 2173,2054 2208,2054 2243,2054 2278,2054 2312,2054 2347,2055 2382,2055 2417,2055 2452,2056 2487,2057 2522,2057 2556,2058 2591,2058 2626,2058 2661,2058 2696,2058 2731,2058 2766,2058"/>
                <TextEquiv>
                    <Unicode>fragtentt warumb er hinweg gangenn</Unicode>
                </TextEquiv>
            </TextLine>
            <TextLine id="r2l33" custom="readingOrder {index:32;}">
                <Coords points="2072,2121 2194,2109 2221,2130 2351,2134 2500,2109 2593,2113 2629,2139 2729,2108 2778,2122 2778,2086 2713,2064 2610,2088 2536,2063 2479,2089 2434,2068 2334,2086 2264,2056 2073,2085"/>
                <Baseline points="2082,2105 2116,2103 2150,2103 2185,2103 2219,2103 2253,2103 2288,2103 2322,2105 2356,2105 2391,2106 2425,2106 2459,2108 2494,2108 2528,2109 2562,2110 2597,2111 2631,2112 2665,2112 2700,2113 2734,2114 2769,2114"/>
                <TextEquiv>
                    <Unicode>ere mit anzöngtt er wurde derselbenn</Unicode>
                </TextEquiv>
            </TextLine>
            <TextLine id="r2l34" custom="readingOrder {index:33;}">
                <Coords points="2073,2163 2744,2178 2769,2171 2770,2128 2725,2110 2650,2140 2520,2109 2456,2137 2073,2122"/>
                <Baseline points="2082,2153 2115,2151 2149,2151 2183,2151 2217,2153 2251,2153 2285,2153 2319,2154 2353,2154 2387,2156 2421,2156 2454,2157 2488,2157 2522,2159 2556,2159 2590,2160 2624,2160 2658,2160 2692,2160 2726,2160 2760,2159"/>
                <TextEquiv>
                    <Unicode>suchenn ouch zygenn do sye er wider</Unicode>
                </TextEquiv>
            </TextLine>
            <TextLine id="r2l35" custom="readingOrder {index:34;}">
                <Coords points="2073,2211 2201,2227 2380,2206 2426,2240 2472,2213 2521,2237 2547,2213 2701,2221 2702,2177 2662,2163 2589,2189 2508,2159 2390,2185 2321,2179 2294,2153 2243,2179 2205,2158 2114,2179 2074,2165"/>
                <Baseline points="2082,2195 2112,2195 2142,2196 2173,2196 2203,2198 2234,2198 2264,2199 2295,2200 2325,2201 2356,2202 2386,2202 2416,2204 2447,2205 2477,2205 2508,2207 2538,2207 2569,2208 2599,2208 2630,2209 2660,2210 2691,2210"/>
                <TextEquiv>
                    <Unicode>ims lannd thom zum tschachtkan</Unicode>
                </TextEquiv>
            </TextLine>
            <TextLine id="r2l36" custom="readingOrder {index:35;}">
                <Coords points="2086,2265 2175,2281 2218,2263 2245,2289 2485,2257 2663,2272 2748,2257 2749,2212 2667,2231 2547,2213 2523,2236 2458,2221 2433,2239 2380,2205 2202,2227 2087,2207"/>
                <Baseline points="2096,2247 2128,2247 2160,2249 2192,2249 2224,2250 2256,2251 2288,2252 2321,2253 2353,2253 2385,2255 2417,2255 2449,2255 2481,2256 2513,2256 2546,2256 2578,2256 2610,2256 2642,2255 2674,2255 2706,2253 2739,2252"/>
                <TextEquiv>
                    <Unicode>ich zeentschuldigenn unnd rechtt um</Unicode>
                </TextEquiv>
            </TextLine>
            <TextLine id="r2l37" custom="readingOrder {index:36;}">
                <Coords points="2066,2327 2132,2343 2304,2307 2589,2333 2623,2309 2777,2302 2777,2264 2269,2285 2216,2262 2066,2286"/>
                <Baseline points="2075,2310 2109,2309 2144,2307 2178,2306 2213,2304 2248,2304 2282,2304 2317,2304 2352,2304 2386,2304 2421,2306 2456,2306 2490,2306 2525,2306 2560,2306 2594,2304 2629,2304 2664,2303 2698,2300 2733,2299 2768,2295"/>
                <TextEquiv>
                    <Unicode>dieselbenn artickel anzeruffenn dann</Unicode>
                </TextEquiv>
            </TextLine>
            <TextLine id="r2l38" custom="readingOrder {index:37;}">
                <Coords points="2077,2373 2217,2391 2259,2365 2353,2384 2380,2361 2792,2361 2791,2327 2699,2315 2077,2326"/>
                <Baseline points="2087,2358 2121,2358 2156,2357 2191,2357 2226,2357 2261,2355 2295,2355 2330,2355 2365,2355 2400,2355 2435,2355 2469,2355 2504,2355 2539,2355 2574,2354 2609,2353 2643,2352 2678,2351 2713,2349 2748,2346 2783,2345"/>
                <TextEquiv>
                    <Unicode>soner vr nitt gwarnott von des billigenns</Unicode>
                </TextEquiv>
            </TextLine>
            <TextLine id="r2l39" custom="readingOrder {index:38;}">
                <Coords points="2074,2413 2266,2405 2365,2434 2397,2412 2504,2427 2586,2401 2644,2426 2716,2411 2716,2374 2643,2357 2522,2376 2495,2358 2460,2380 2074,2382"/>
                <Baseline points="2084,2405 2115,2405 2146,2403 2177,2403 2208,2403 2240,2403 2271,2403 2302,2403 2333,2403 2364,2403 2396,2403 2427,2403 2458,2403 2489,2403 2520,2403 2552,2402 2583,2402 2614,2400 2645,2399 2676,2397 2708,2396"/>
                <TextEquiv>
                    <Unicode>wegenn allem wereer keins wegs</Unicode>
                </TextEquiv>
            </TextLine>
            <TextLine id="r2l40" custom="readingOrder {index:39;}">
                <Coords points="2076,2476 2098,2476 2119,2459 2148,2472 2181,2459 2210,2482 2248,2475 2265,2487 2332,2472 2402,2479 2402,2416 2335,2434 2300,2425 2284,2433 2261,2420 2239,2433 2213,2421 2174,2428 2076,2414"/>
                <Baseline points="2085,2451 2110,2454 2136,2454 2162,2454 2188,2454 2213,2454 2239,2453 2265,2451 2291,2451 2316,2451 2342,2451 2368,2453 2394,2454"/>
                <TextEquiv>
                    <Unicode>hinweg gangenn</Unicode>
                </TextEquiv>
            </TextLine>
            <TextEquiv>
                <Unicode>als er gefragtt warumb ur sinweg ho¬
unnd vonn egund gfarenn hatt
en
er geantwortt es were uff morn stumpstag
nechtt ✳ ungfar zwolff wuch₎ hette sin
stieffdochtter am offnenn ergrichtt einem
anderenn das labendig kind gebenn
Demnach als es
in pfengknus glegtt wordenn ✳ hàtte
die stieffdochtter ime h. kind gebenn
ff das hin schickte tschachlen im
Obersibenthal einen weybel zuͦ ime
inn gebrruffenn ✳ er domals die tischmacher
unnd sonst niemantts dann sin fromw
dahenen gehoptt ✳ er ime domals zr
entwortt gebenn weltte morn oder eins
indern andern tags kompn in dem
apte im ein frouw von Wyssenbach
Lorentz schaffters schwöster Petter
fanusts befrouw er hatte ein kind
by siner stirffdochtter gmachtt ✳ soltte sic
hin weg mach dann wo min herrenn
Inne beträttenn wurde sy ime den
fff kopff abhouwenn tc. uff dhin
er somlichs siner frouwenn anzougtt
unnd sich deshalber das er by siner stirff¬
vochtter glegenn hin weg gemachtt
demnach aber uff ein zytt ✳ als ettlich
bed von im uszgangen der trenckeren
halb ✳ unnd c das kind vergrabenn
were wordenn ✳ unnd die lutth in
fragtentt warumb er hinweg gangenn
ere mit anzöngtt er wurde derselbenn
suchenn ouch zygenn do sye er wider
ims lannd thom zum tschachtkan
ich zeentschuldigenn unnd rechtt um
dieselbenn artickel anzeruffenn dann
soner vr nitt gwarnott von des billigenns
wegenn allem wereer keins wegs
hinweg gangenn</Unicode>
            </TextEquiv>
        </TextRegion>
    </Page>
</PcGts>
