4032 3024
1278 412 1964 572 Err habe ouch ine mitt verhrissenn
1295 509 1950 614 noch sy mitt keiner glatt₎ worttenn
1298 560 1977 702 berredtt ✳ unnd wenn schon ettwas
1292 607 1931 729 beschrchen so musse es in einem
1295 686 1969 784 trunck gsehen sin ✳ deszglychenn
1305 745 1978 855 so heige er ouch kein kind gsen dan
1295 812 1977 910 alem ghortt sagenn sin frouw he
1294 851 1938 958 dem tschachtlan veriechenn das
1291 912 1972 1022 das kind in ein kumpen vernytt
1310 978 1985 1083 unnd d an einem arm gehoptt un
1309 1024 1975 1134 mitt der anderenn hannd In der
1300 1082 1949 1203 buchi gewüscht ✳ unnd das in
1310 1147 1977 1253 filch hoff vergrabenn ✳ danner
1303 1216 1984 1299 nitt sunder die mutter mitt den
1314 1263 1946 1378 trenckerenn umgangenn sige
1304 1331 1969 1447 Derglychen das letst tranck ers
1319 1411 1982 1518 und das kind khon habe Better
1316 1462 1986 1567 Rrubi gmachett doch allein für das
1345 1518 1984 1630 haltt wee ✳ sugende wenn sy mit
1337 1579 1987 1688 eine kind gang ✳ soͤll sys nit trink
1343 1636 1988 1746 das soll sy dry morgen trynck unnd
1321 1694 1971 1795 demnach daruff schwytz das si
1333 1745 1990 1845 getrunck₎ ✳ unnd demnach überdrg
1333 1812 1986 1908 wuch were c kind wie er erst ich
1328 1863 1984 1977 wenon ✳ das die frouw sage es sye en
1325 1924 2001 2035 kind gsin von ira gangenn und
1325 1979 1988 2086 als er gfragtt ✳ ob er by iren gles
1327 2031 1992 2139 ob unnd sy nie kein tranck truncken
1332 2076 1668 2176 hab sagt er ja
1334 2132 1982 2252 er hàtte ouch von dem lettsten
1341 2203 1993 2320 tranck woll gwüst d getter buͦb
1332 2249 1986 2380 fùrch hattt we gmachtt ✳ dann siy
1337 2303 1993 2440 frow hette im canzeigtt ✳ obent
1321 2365 2001 2489 Enwyttli kein tranck nie ingnomen
1332 2427 1996 2551 were er erstlich nachtz by iren gleg
1311 2467 1995 2599 uonnd als ergfragtt wir menge nach
1319 2532 1998 2646 sagteee wuste es mitt damn s
2021 416 2731 561 Syent byeinandern in der vorsasse
2035 509 2746 618 ssin er syge ouch an keinem tranck
2038 569 2701 660 nitt schuldig er hette ouch bishar
2030 637 2619 710 von keinem kind mitt gwùst
2051 682 2693 779 er heig sy ouch zum anderen
2040 750 2674 852 kind so noch leptt kein tranck
2048 810 2734 899 glertt mach₎ ✳ sy thuge im daran
2037 864 2717 956 unrechtt ✳ ober der der schärer
2042 926 2716 1019 usz Zürich piett heig ira das selbs
2050 987 2758 1081 ms sie wüssenn gemachtt usz shrisse
2047 1040 2691 1127 der mutter doch habe es doch die
2054 1093 2684 1168 tochter nitt truncken ✳ er habe ouch
2041 1147 2760 1235 dohial nit gwusen das sin stieffdochter
2065 1198 2470 1288 thwanger esn sige
2056 1251 2733 1357 unnd als er gefragtt ✳ wo sy kindtbettett
2062 1328 2730 1411 oder wie lang er ins mitt mer mit iren
2061 1379 2492 1478 geschaffenn hab ghan
2047 1434 2750 1540 reihtt er an sy werr zuͦ sittenn
2056 1497 2749 1590 im wallisser land kindts glegenn ✳
2065 1556 2743 1639 unnd hùr im mmeyen widerkomenn✳
2065 1603 2722 1686 sider har haber nir nitt mer mit
2072 1659 2677 1747 irenn zeschaffenn ghoptt ghan
2068 1751 2716 1866 ist einest fàr ✳ unnd einest mitt
2072 1826 2744 1919 den kleinen stein uffzogenn unnd
2085 1881 2728 1966 ist lettstlich des byligenns von anfang
2072 1939 2719 2023 unnd darnach für unnd fùr bis sy
2063 1983 2740 2090 des lettsten kinds in wallis gnesz
2082 2044 2198 2116 anrod
2116 2107 2718 2201 wil aber nitt beckantlich sin ✳ das
2066 2177 2730 2267 er ira des erstenn khinds halbemicht
2069 2228 2757 2296 trencken ✳ das es deum khaͤue ✳ gebenn
2076 2284 2701 2370 noch gheissenn gebenn ✳ sunders so
2073 2330 2708 2427 trage die mutter derselben trencken
2072 2387 2767 2484 aller schuld sy syent für die pestelentz
2072 2442 2741 2527 oder für das faltt we gebenn item
2073 2493 2730 2569 syr die dochtter und dassees kind ken
2064 2541 2737 2637 das hrig er nir gwüst ✳ dann die
