4032 3024
1392 537 1965 659 wider vnckortt willenns
1398 612 1975 704 wider heimzeziehen, dauer noch
1384 667 1975 770 klin gellt enpfangenn ghegt und
1397 716 1983 818 als er komenn bis gan Bern
1384 785 1969 899 syge er demnach zur vaxyr
1394 848 1970 939 mitly gangenn unnd seingin
1399 895 1982 999 kleinenn klißly darinn zwo
1393 957 1976 1071 neienn von  galle syg
1400 1016 1967 1123 hie dißthalb dembach zuorgen
1405 1078 1950 1181 geßen, syge er in die pwyr
1413 1147 1975 1225 muli gangenn mitt klin
1402 1192 1992 1291 kuffer ✳ unnd gernn ein mas
1406 1251 1997 1356 wyn ghept syge nitman vor¬
1410 1313 1951 1406 hand gspiefto stunde ein
1411 1373 1987 1463 becer uff dem kanck neber
1414 1422 1990 1521 dem Auffett darin were wyn
1419 1484 1960 1579 unnd salbynen̄ den wyn
1416 1548 1988 1636 hab er vsstrunckenn den bec¬
1411 1597 1967 1697 er in busen gstosen unnd
1404 1648 1986 1756 Demnach daruon zogen, der
1423 1718 1983 1808 selbigenn hab er wollen ver¬
1410 1777 1979 1874 kouffenn damitt er ouch gellt
1421 1847 1497 1904 fettl
1431 1905 1970 2002 Item er zeiget ann, das er byßig
1451 1958 1984 2050 syg unnd grad den nöchster
1428 2019 1989 2114 zan̄ bad₎ gwollenn ✳ unnd da¬
1439 2076 1970 2165 selbst 1 tag bad₎ daselbig
1433 2122 1966 2222 bysoen heite gschaffee, das er den
1434 2182 1763 2275 becher gstalen helg
1417 2266 1949 2392 It so ist erouch kanttlich
1432 2350 2003 2451 de er geett er sigge in̄ h hallen
1434 2422 1981 2513 hus übernacht glegenn, doch
1425 2484 1964 2572 zeigtt et jetzan, das er zur
1422 2532 1976 2636 sonen übernacht gsinn
1427 2603 1537 2703 1799
2692 484 2729 573 1
2149 545 2793 673 Denne ist er ouch bekanntlich
2159 622 2752 715 das er iry sontag verschinen
2158 677 2789 786 zum Schumachernn zabitt trunck
2164 737 2785 845 an de er als schier die vetti uß¬
2169 787 2782 906 gsin hinweg gangenn unnd die
2164 858 2787 954 urttenn entragen habe, doch so zeigt
2165 918 2752 1017 er hieby an den ein schumacher
2164 965 2765 1064 knecht grett er wolle nn die vr¬
2168 1032 2503 1126 ein dargebenn
2188 1086 2765 1202 Aber ist er kanttlich gfunden
2169 1169 2767 1250 er dem wirtt zum Wilchmann
2163 1212 2767 1319 alhie ouch ein vrttenn entragen
2166 1282 2266 1378 habe
2153 1336 2777 1466 Ihte soist er ouch kantlich her
2223 1420 2759 1513 zu des nachrychters hus ann
2208 1470 2705 1573 verschinem sontag znacht
2185 1529 2777 1627 gangt inne un herberg pette
2187 1584 2770 1675 vnnd darby anzeigt er syge der
2172 1643 2766 1734 hencker von Zürych vnnd als
2169 1682 2776 1778 Inn daruff der nachrychter alhie
2178 1750 2776 1846 gfragt, ob er nachrychter Zurych sych
2182 1808 2741 1890 Er geantwortt habe, wey er
2184 1858 2744 1968 helffe Ind aber zelemalen
2185 1891 2763 2019 derselbig beyg inn übernacht
2174 1973 2726 2086 ghopt unnd im gutt gstyr
2191 2038 2733 2131 gmacht doch zeigtt eransd er
2177 2095 2734 2184 zuorggesthotte solichs allein
2193 2142 2740 2235 fürgebenn, damitt er junge
2187 2197 2400 2304 gast herr
2173 2277 2758 2411 Wyters haber mit ghandlen
2176 2368 2768 2472 Bittett nin gd herrenn vnd
2188 2436 2762 2532 gnad, woll es nemermer
2191 2497 2336 2604 huns
