4032 3024
1595 568 2185 670 nach dem habe ir iren von
1608 621 2162 718 des diebstatt wegen im
1597 674 2173 767 Kloster genempst paradiß mitt
1612 722 2184 819 witt von schaffesten sinde
1599 774 2165 857 mi wundem ghuwen und
1601 805 2161 916 do sigend tröstger so darzu
1602 851 2189 970 gegen warnn zuͦ glouffen ver
1608 899 2182 1014 mimtendt in ouch zuͦstlhan
1617 953 2190 1063 das er also mitt Irnn machte
1612 1002 2183 1104 dar wistgen legte der her
1620 1037 2178 1145 des Elosters Zum fenster vß
1616 1097 2182 1197 vnnd steite man solte ime
1613 1151 2181 1240 mit thun Erwelte wolte
1609 1201 2170 1284 iu wol andrist demen
1599 1235 2188 1350 iher gan schaffnsten fint
1616 1293 2174 1396 worden unnd alls er fùr
1623 1348 2182 1447 ein herrnn gan schaffnsten
1614 1388 2180 1495 khomen so augfer  persam
1602 1438 2185 1544 let waren seige man inne
1611 1485 2187 1582 den bintel shalten jule
1630 1531 2191 1637 dig glose unnd ist da de
1603 1585 2194 1698 men gan obenscheat guig
1622 1628 2194 1736 da getröstent dar nach wider
1632 1678 2195 1781 gan sthaffesten khon, habe
1614 1720 2189 1823 sin schwart um druffind
1626 1788 2191 1877 verkhoufft, das er sin frou
1627 1832 2192 1914 von schaffnsten vonn sthirer
1626 1869 2191 1954 loste ist sey wytter mitt im
1633 1923 2194 2006 unber zogen sigby 8 wuc
1624 1947 2191 2035 aber numeuf mitt ein andre
1624 1989 2189 2093 unher zognn unnd als sy
1620 2026 2175 2132 gen afftholtenn komen
1624 2075 2190 2185 heige er da vor dem nitz
1620 2123 2196 2233 hus das almusten gehöst
1611 2169 2160 2265 gezzynschet unnd als im
1628 2229 2189 2310 niemand mitt weben nehen
1633 2273 2189 2365 habe Er mitt smeinstellen
1628 2314 2193 2416 das funster uff gstosen aber
1620 2358 2163 2461 In keiner köste meinung
1611 2399 2185 2494 Kozany das meitlin und
1612 2443 2186 2545 bracht im ein stickli brott
1634 2510 2197 2595 unnd sppreche wir sin frouw
1620 2543 2178 2641 gstollen und man ir nach
1627 2597 2152 2691 luffe so syg er ouch ir
1616 2639 2196 2734 flochen damitt er mittz
1614 2705 2191 2782 schanden mitt jrenkenn
1605 2751 2196 2845 ouch sige man ime mitt nah
2370 536 2989 665 gluffen byß das sy seiten
2355 587 3010 725 Er werre ir man da buffe
2370 653 2982 754 man ime ouch nach, aber
2364 686 3015 799 brlteige sy mit gspert sun
2373 732 3025 845 ders sich gutt wyligklich da
2374 794 3027 898 sten fattten vnnd sichglich
2384 852 3001 935 nachtet vor den burnn ab
2371 883 3025 1008 zogen das man inn ersuch
2384 945 2978 1039 te darnach jan Trrichstel
2381 996 2967 1091 wald ffürrnd worden
2404 1053 3008 1151 Denne Wyster er nitt was
2371 1117 3012 1210 sie gstolen ✳ dan syll inwal
2388 1176 2980 1252 lis unwùsantlich gethan
2397 1223 3005 1310 uff ein zytt hab siy woll
2379 1278 3016 1367 zwor hiemer gnomnn ✳ und
2392 1330 3003 1407 als iren der weybel des
2398 1384 3015 1468 stelten Ortt vß den busen
2390 1439 2978 1521 zogen habe er der weybel
2388 1489 3008 1570 Iren das Einglassen, das
2378 1539 3006 1614 ander gnomen Sunst wyß
2386 1585 3006 1663 er gar unnd gantz mitt das
2391 1636 2980 1717 syy gnomen ouch das so syy
2399 1696 2997 1772 thant nitt mitt seinem wylen
2393 1736 3002 1826 sunders ime vnwysentlich
2412 1808 2974 1874 Wytterspricher Ouch Es.
2418 1860 2987 1943 Ib erst bytri tagen das siy
2405 1914 2993 1975 also hannd muesten bettlen
2395 1952 3000 2026 vorhin habe ergellt und
2392 1990 3003 2076 Kleider ghan die Er darstrekt
2396 2041 2993 2122 dan als er von sinenmeister
2406 2087 2981 2165 wi altingen gescheiden
2406 2130 2988 2225 habe Er 12 besteb pfundmit
2405 2186 2979 2272 Im enomen die aber alls
2397 2228 2994 2305 alle by einem Haldermitt
2395 2271 2988 2347 iren werzertt sin hembd
2391 2307 2916 2392 so Framzeige ers zu
2394 2353 2951 2424 solenthurnn krufft von
2401 2394 2981 2468 einer näcgerin heise worden
2400 2437 2958 2503 Wadlen Koste at 11 bapptert
2421 2485 2944 2548 zuns wambest aberzeige
2412 2519 2905 2594 Er die Zwilchen kouff
2421 2529 2960 2632 also das man wol gressizen
2410 2601 2948 2675 möge mitt was stachen er
2610 2638 2905 2703 Gitet nins
2407 2648 2617 2712 uigange
2407 2677 2907 2757 sy welend mit mitt me
