4032 3024
1226 433 1952 580 Demnach so zeygt er an der spiesz₎ habs s
1233 496 1941 616 da soltenn von forcht in eiandern zitter
1241 546 1937 666 hand hab er also gseyt ✳ als sy über das
1248 592 1941 703 vasser by bar gsöllen dann es keine ein
1237 627 1937 733 lerman unnd zwßman die spies undern
1238 673 1923 772 fen unnd louffenn ✳ domals ware ein
1230 715 1949 829 elter lufft unnd nasz waͤtter dermas das
1913 738 1956 791 ba
1235 758 1963 873 die knecht unden unnd oben nasz gsin vn
1225 804 1952 919 als sy gluffen were inen friszword darin
1220 845 1927 960 abs sy von wagen des katten luffts
1224 893 1943 1005 wyderumb erkaltet ✳ hettend sy von wi
1238 937 1953 1049 des forchts in einanderen zetteren, Er
1239 985 1952 1091 hab aber nitt gred, das der ber nitwölte
1245 1037 1936 1138 läwen sonders er heis ablein gseyt
1244 1070 1929 1171 das die von Zürich sölchs grodt feigind
1238 1124 1930 1210 Item so heich er ouch nit gret, das die
1234 1167 1939 1253 spilss von forcht zittert zittert oder
1243 1200 1892 1305 klaffeket aber von fht frost
1258 1297 1898 1402 Demnach ist im in underougen
1905 1343 1965 1418 gse
1268 1380 1970 1456 unnd hatt undermereds gred adrian man
1271 1418 1962 1505 bacher us der tieracher Kilchhori syge
1275 1456 1956 1550 war das meister lux zu im komen inn
1259 1501 1968 1577 gfragt ob er mit ime welle zuchen arbeitt
1263 1548 1973 1634 wo eres finde es syge in gryersz piett oder
1260 1576 1970 1682 anderschwo ✳ daruff er sich lassen bereden
1258 1628 1946 1709 von wegen siner armut unnd kleinenn
1257 1659 1957 1759 kindenn ✳ vermint wurde sin von unnd
1263 1709 1951 1811 zernng zusampt einer schentti enpfachen
1265 1758 1957 1835 darmit er dester bas mit sinen kleinen
1284 1796 1963 1885 kinden fùrkon mochte ✳ als sy nun in
1272 1840 1973 1933 das guͦgisperg unnd schwartzenbauch
1275 1886 1965 1976 lassenn verkunden konen zu Statt.
1281 1930 1967 2020 galten vorbach ✳ weren sy sy in uff
1278 1982 1933 2061 ugstenn ubernachtt gsin ✳ do heige Lùx
1266 2038 1903 2109 den stotthaltter prftenn ✳ soltte inns
1260 2065 1923 2150 zu gughisperg unnd schwartzenburg lasst
1257 2126 1940 2204 weküng ob aber das sschenn sih oder nit
1259 2166 1949 2249 möge vr nitt wüssenn dann sy ouch daselbst
1253 2220 1962 2299 pfflich tag gwarttett ✳ demnach ùber die ensen
1262 2259 1966 2344 in frybürger piett gangenn unnd demnach
1259 2307 1969 2390 gan rechtthaltt₎ in das wirtzhus der wirtt
1245 2349 1984 2438 ruff egko grnant by dem sy znachtt gesz₎
1260 2400 1886 2489 unnd werenn irenn vier gsin ✳ nambte
1268 2443 1972 2535 Lux der wirtt einer von guggisperg unnd
1262 2503 1944 2581 er odrian ✳ in welich nachttma₎ sy meng
1256 2550 1900 2632 erwy mitt einandern grett und eranderm
2012 446 2696 550 were des Cappetter kriegs ouch dachtt
2000 501 2671 598 wordenn es ward ouch giett wir herr
1995 511 2775 645 bastian vonn diespach ein soupttman were gsin
2005 591 2751 692 vor okian ✳ darunder ouch gefragtt ward wir
2007 637 2750 732 es kùnw ✳ das er in miner x herrenn unzuld
1998 694 2759 801 khommenn were geber idrian zuͦ antwortt
1988 740 2750 836 erwüst es nitt er hab inenn zuͦ oban vill
2000 783 2715 901 gutz them ✳ so würde anzog₎ sy duchte er solte
1994 830 2715 941 sin dein Cappeler zug ✳ verschuldett han
1990 878 2758 992 demnach ward gefragtt ✳ wie es krùw das man
1999 937 2734 1024 denenn uff dem berg nitt zhilff khommenn
2000 983 2727 1081 unnd aber so noch by inenn glegenn werv
1992 1017 2772 1125 so seytt Lux erwere ouch da gsin ✳ wir lagend
1991 1076 2741 1165 ebenn indem wald wie vin zuw in dem
2000 1127 2748 1225 walld ✳ ich weisz nitt ob wir es nit dorfftend
1995 1179 2750 1259 aber nitt thuͦn ✳ dann wir zitterttend vonn
1996 1219 2762 1309 forchtt, das die spirs in einandern kiffecottet
2000 1263 2760 1353 welche ued (wirwoll vrrs ungern shrptt
2010 1315 2768 1400 er las hingan ✳ dann vr ouch in dem urnng
2002 1354 2767 1433 vonn thun gsin so seytt luxwytter ✳ der batt
2009 1411 2724 1493 hatt da verschuldett ✳ das man im hatt
2004 1455 2729 1542 die frauvte abghouwenn er wirtt nit mer
2010 1500 2751 1586 fräuenn ✳ dann er hatt es da verschulldtt
2008 1548 2705 1635 so seytt er sarian  als er solichs ungern
2005 1596 2707 1680 ehrptt zuͦ lupenn ✳ warumb schwygend ir
2006 1637 2718 1715 nitt ir hannd dataue gnug grott ✳ unnd
2012 1663 2759 1765 ob es schon were ✳ (das er aber truwtt nit sin
2010 1729 2727 1809 so soltte er es doch nitt rech ✳ sonnders vil
2018 1771 2751 1856 mer min herrenn deck dann vntteck do seytte
2015 1816 2751 1900 zux wytter druff unnd schwurj getz kùri
2012 1869 2696 1941 Es ist die warheitt geschouw einer die
2024 1895 2735 1992 dick pfening ✳ so liesz₎ sy darvon ermeint
2024 1960 2718 2036 er hab dem lùpenn zuverstan gebenn es
2026 2005 2681 2074 wir ein böser vogell der im selbs in sin
2021 2027 2730 2123 nichst urschtschise ✳ uff dise offnung unnd
2024 2088 2751 2173 anzeigung gab ✳ lux ✳ zuͦ antwurtt ✳ si gutten
2020 2137 2725 2212 es nitt vonn forchtt sonnder vonn frost
2034 2167 2724 2247 unnd vonn windess wegenn zitteren ✳ er
2034 2224 2755 2303 hatte us ouch us keiner bösenn meinung getha
2035 2262 2767 2354 hab ouch annderst unnd wytter nitt dann
2069 2315 2441 2404 vie er anzeigtt grett ✳
