4032 3024
1412 512 1993 668 vergangen sig es ein habb in
1411 600 1994 755 gsin, hab sy das knäblin nih
1403 677 1996 791 der Stitt Zosamna gegen mute
1401 739 1958 841 als es Bugnett im khatt
1366 787 1995 931 funden ✳ unnd daselbich ufzna
1414 852 1969 981 unnd gan Hosanna gfurtt
1399 928 1989 1043 daselbs die Spittalmutter Ire
1398 998 1970 1117 Ira anzeigtt, das khind habe
1413 1054 1988 1167 weder vatter nach muutter und
1421 1121 1965 1253 y sölle eunn es nun frölichn
1388 1189 1974 1299 mitt tra fùren wytter
1402 1246 1987 1371 hatt sy anteigtt das sy bege
1418 1316 1961 1428 man söll das khind deye
1412 1390 1973 1499 es so kranck ✳ hie vilj oder
1405 1452 1970 1557 vei tag im spittal ha
1397 1515 1970 1609 Oowollen sy dann pfhar
1398 1578 1997 1693 khonn ✳ unnd es wider teychen
1406 1643 1984 1762 Ist Bekhantlich das sy geltt
1406 1710 1975 1812 moge das kiind nitt ge
1417 1780 1986 1874 s wolle sy es lasen hocken
1390 1833 1961 1937 Es sye inn holtz oder füld
1414 1887 1979 2003 woll es mitt gan, so wölle sy
1416 1966 1979 2065 es mit tragen, sonder schleyffen
1425 2025 1994 2133 dann von synott wägen well
1437 2088 1999 2200 y nitt dahinden blyben doch sye
1416 2158 2002 2252 ira nitt eynst gsin ✳ unnd well
1412 2219 1970 2328 glmeblts khind für ir kind
1412 2288 1996 2391 hans dann sy habe sunst keins
1416 2355 1973 2472 zu sant Johanßen als ir
1429 2435 2004 2526 man da flikhen wädebe gmacht
1419 2484 2004 2596 haben sy deselben bösen was¬
1921 2559 2000 2645 1e
2141 454 2782 624 ers truncken, da sye er vnnd das
2140 558 2791 691 kind khranck worden sonce habe
2133 608 2757 761 sy zu Rutterlingen unnd zuͦ
2144 668 2793 817 Pbystorff noch mie bleyder ✳ unnd
2153 772 2797 910 sye ir Captah im bättel vnzoge
2132 891 2762 1026 Maritz schumacher von dos
2154 986 2723 1115 der ferrsthafft Olen hatt
2155 1064 2776 1183 anzziget er sie 1 jar ge¬
2155 1135 2762 1231 wandlett vnnd nit in laster
2155 1198 2717 1306 noch beid khommen, dann zu
2149 1259 2780 1372 Bandorff uff dem schwarswald
2152 1328 2771 1448 habe imlin pur die hand abge¬
2161 1393 2760 1496 houwen, werde iet zu liecht:
2164 1462 2773 1580 grlszu gi jar Fruere sich
2163 1521 2763 1637 des allmusens vnnd mach für
2153 1588 2715 1697 unnd fùr flicgenn wadels
2168 1663 2778 1762 willlns ein trunck damitt zu¬
2172 1719 2411 1807 überkhommen.
2419 1724 2783 1837 Merhatt eran¬
2166 1787 2737 1896 teige die spittalmutter zu
2150 1859 2767 1962 Cosanna ✳ habe zuͦ inen gsritt
2178 1913 2764 2031 sy söllind das khind nun frö
2112 1984 2716 2078 lich wen, dann es weder
2208 2059 2762 2163 vatter nach mutter habe, also
2180 2118 2790 2220 habent sy es gnomen ✳ unnd sytt
2184 2175 2767 2290 zfangs des arspredlens ✳ mitt
2171 2228 2767 2346 inen gfurtt nun sye das khind
2185 2291 2777 2405 schranck worden unnd sy willen
2165 2350 2760 2466 gsyn das khind vf oder 1ii
2196 2409 2750 2526 tag allhie zu Berun zelaßen
2190 2461 2764 2586 unntzitt es gsùnd worden wäre
2671 2490 2783 2615 denn
