4032 3024
1406 560 1997 705 Anfangs hab sy ermuter
1424 658 1995 763 Schwester zu diserem man
1429 732 1996 847 wungen vorhin syr sy mirs
1418 778 1999 912 keinem anndern man glegen
1446 858 1992 981 Diser ir man aber hieg ihren
1430 922 1985 1042 kemerbey lybs narung geben
1429 991 1989 1115 unangstaͤchen das sy von ir
1436 1058 1980 1170 mutter vil husratt ✳ bett₎
1444 1128 1993 1250 heffen ✳ beszy ✳ unnd ander
1450 1200 1989 1304 In bracht Item so heig dr
1449 1265 1997 1365 sy so hertt ghallt₎ das nitt
1441 1326 2001 1437 dörffen biderberlüttn bywon
1449 1393 1973 1505 in ruhen In Irens hußer
1446 1462 2000 1562 shon gan Spinnen Dlena
1454 1528 1997 1627 sye Er zum ersten von Iren
1445 1592 2003 1694 zigen ettwan 14 tag oder dee
1453 1655 1990 1762 wuchen von Irengsin unnd
1460 1723 1990 1829 sy zwungenlich geursachett
1456 1792 2008 1892 das sy zeige mußen ziechen
1464 1856 1990 1954 gan dienen dan Er iren
1459 1913 2017 2006 vber das treuwtt einarm
1465 1984 1732 2087 abzuschlachen
1451 2077 2017 2221 unnd bittett min 8 herren
1463 2173 2018 2265 ein gnad ✳ sy wüsse im nitt
1464 2230 2005 2337 zetbun ✳ unnd wan iren gott
1477 2300 1990 2402 widerum ußhin helffe so
1477 2362 2012 2460 wolle sy werchen oder gott
1476 2412 2020 2520 muß iren ir läben wider wöll
1467 2475 2017 2579 mitt mer in dem rolender
1470 2539 2030 2639 baben ✳ daryn ir man sy bracht
1472 2609 1946 2709 als obstatt uncher ziechen
1911 2642 2019 2725 4
2136 514 2782 679 It₎ das sy am begricht
2169 570 2805 736 n nitt vī verzychung gegett
2160 662 2767 802 das sye usz widermutt ✳ unnd
2163 746 2781 865 betrachtung deß vnfals, darin
2166 814 2789 941 sy ir man sy bracht beschächen
2153 880 2764 998 die sach sye ouch so gaͤchlings
2164 945 2779 1065 uff sy khon, das sy ir anligen
2176 1027 2772 1149 mitt kheimen dar thun, dann
2166 1088 2777 1215 er heig vorhin min herren deß
2168 1166 2748 1273 ferrichts durch sich selbs
2167 1228 2769 1330 unnd gutt fürmunder uff sin
2178 1293 2786 1423 gbrupff unnd vortheil beredt
2179 1371 2752 1502 unnd sye sy wyszlosz unnd
2136 1452 2749 1581 rhattlos ✳ da gstanden nitt
2193 1520 2765 1636 gwüßt was sy sagen söllen
2193 1590 2779 1707 heig sich also mitt stibe schwi¬
2196 1651 2591 1763 gen selbs versumpt
2172 1758 2764 1876 von wegen ireinfallt unnd
2194 1831 2762 1926 das der man sy geurstachett
2192 1887 2741 1995 In das ellend gezuchen, ist sy
2200 1941 2739 2060 ledig ußglassen, doch sol sy
2198 2014 2728 2123 von des Eebrucht wegen
2192 2070 2791 2188 v tag im loch lig₎ ✳ unnd dem
2210 2134 2773 2236 nach noch dry tag in gfanck¬
2205 2190 2764 2294 nus zu straff irs falbers
2205 2262 2538 2363 enthallten werden.
2795 1230 2856 1321 diß
