4032 3024
2336 529 2990 671 uff Zinstag den 18t tag vor
2404 579 2948 703 Im 155 jar Intibu
2365 647 2417 701 li
2358 636 2981 757 Her grsweybel dellsperser
2354 687 2961 788 unnd der weyblen hat ✳ dl
2359 719 3006 837 betht einziherber anzeigt sysiie
2358 783 3004 894 us dem nleien bypten vo
2361 840 3006 947 iren gschlecht aber stunst zuͦ
2356 903 3004 1004 hertenstein y zug worden
2351 951 2974 1064 sich disessst koufft ✳ wie s
2357 1022 2948 1101 ich dan wol erfunde nitt
2353 1064 2983 1151 Böttin und gotten so noch
2365 1117 2966 1197 da leiben denn sy habe
2367 1170 2979 1244 wider vatter noch mutter
2354 1218 2989 1302 aber Ein Brunder der gunge
2380 1258 2995 1349 noch mitt den heiden umb
2368 1310 2994 1388 her unnd ein scgwöster die
2372 1364 2983 1435 kouffe eben in dem labew
2382 1409 2982 1489 wyesi unber syge ein can
2471 1453 2983 1540 kytt das sy von den hey
2384 1479 2984 1576 Ten abgwichen vnnd wolte
2387 1537 3005 1621 Rittt gernn mitt Erren Errirt
2374 1592 2953 1671 haben do habe siy ein bus
2397 1623 2987 1708 vberedt das sy irem meister
2386 1680 2961 1748 ein messer sthmid dumstie
2393 1712 2992 1798 gedirnt zu fryburg verlasen
2423 1765 2994 1858 so sich irn ir jntzigerman
2390 1832 2990 1895 mitt wytt von Pasherstgwil
2373 1869 2976 1952 ompttommen sey gefragt ebso
2386 1922 2982 1988 mitt im inn korgg wolte und
2388 1961 2993 2036 als sey im zwytfaret stosigen
2382 2006 2972 2083 sy Im selben ort gunswirte
2375 2056 2982 2128 husz kart unnd al si da getru
2399 2098 2976 2172 ncthen habe Er Iren die Ee¬
2405 2144 2980 2228 zu gsprechen unnd mitt dren
2398 2181 2979 2271 in kurtzem zilizenzgan vir
2410 2231 2991 2310 Guisten styge etwan by den
2413 2279 2973 2352 vierwochen das es beschechen
2391 2328 2464 2400 ist
2395 2359 2993 2454 Wytter Als sy mitt ein andren
2405 2415 2982 2495 durch das land pfaren unnd
2393 2460 2944 2531 jan astel khomen habesty
2403 2504 2977 2571 dem stelten irem man einen
2395 2539 2983 2612 Lùntihnn tock unn ein kron
2397 2580 2922 2645 verstetz vnnd darum ein
2387 2609 2968 2701 bottt den sty jrtz trage gekonfft
2429 2668 2963 2790 ytter als sy gan schaffusten
