3024 4032
721 147 1580 409 en shee stlih sie veen
753 291 1526 490 villichen ern dos ennd
705 368 1598 614 guomen. Daruff er sin bsched
706 478 1563 672 also geben als er mit smer
728 572 1553 773 Rtzigen hus frromnen an¬
717 668 1547 905 pfangen hushaltten sr
686 780 1591 984 Esin äßzige Tyß meer vor¬
725 891 1564 1076 handen gsin destzhalb er an¬
719 967 1529 1165 gfrang iunkoufft ✳ und im
713 1091 1556 1247 ouch fürgeben ✳ ds nit meer
709 1180 1531 1373 danm min hnndert pfund
696 1288 1538 1464 an der wurttschafft zubezolen
688 1380 1553 1562 ware, vnd sich aber befinde des
698 1464 1576 1655 sy mwer dann pi f guld₎ scheld
711 1565 1537 1710 sig und im fievor solcchs
685 1647 1520 1786 nit angereiht zu semn hab
683 1716 1567 1890 er ein pfrunder vnd pfeundern
677 1818 1574 1998 im hfisz fùnd₎n z ouch den
651 1898 1516 2057 recht und jungekfrouw
647 2013 1560 2154 sy einandern Liger und
643 2079 1552 2247 Ir tochtter ouch by inen vnd
630 2184 1544 2329 bs den geft₎ inn der gestn
655 2262 1523 2431 kamern liepen lassen d
676 2357 1523 2481 er nit dulden wollen und
644 2450 1535 2597 als er den knecht und die
572 2534 1488 2687 Jnngekfrouw heisten von
614 2630 1512 2759 ein andern legen habent
679 2727 1550 2860 oin geantwurt wellint
557 2787 1514 2945 Rigsen wo sy wollen ✳ und
622 2891 1500 3036 als er einmal von sins
592 2987 1482 3140 vorfaren gschefftt weg
570 3066 1515 3233 Ban Batterling und zuͦe
594 3182 1496 3327 Lannderen ganzen Eye
1757 207 2732 423 noch 2n sonm wins im keller
1736 360 2741 553 gten die Er verlasen vnd erwan
1758 447 2702 619 pi fronen wertt gsin unnd
1755 538 2724 679 als er Heimkomen sye der win
1768 619 2696 785 usgesein und ein husz frouw
1745 733 2678 859 Im anstat inste meer dann
1769 788 2674 964 ꝫ fromen geben und als d
1780 885 2711 1026 aman und ander zu imkonen
1741 971 2625 1126 Ann heistn das volck us
1807 1061 2686 1222 dem hus thun mit anzuig
1793 1173 2695 1311 sy halttnn liederlich husz
1707 1247 2688 1391 das er thun wollen, habe
1810 1341 2714 1492 sein frouw gsagt, so ers thü
1799 1415 2685 1586 so wir₎ sy ouch uff dem husz
1799 1530 2674 1681 tnoch mit destmund hab er
1817 1610 2691 1760 die dienst bhalt vnd hin¬
1806 1706 2679 1846 wac gschickt unnd nach dein
1793 1790 2677 1942 petter Hans der findn vogt
1771 1879 2704 1991 widerumb nach dem er ei
1771 1949 2630 2114 Einnal d rogry erlasen
1765 2047 2608 2195 konen und sych wie vor
1759 2137 2643 2284 inn dvogtts jungsteltt
1773 2219 2667 2373 hab sin fro mir simen weder
1790 2321 2689 2485 bett nach zusch mit gwolen
1775 2410 2622 2561 und sye hin vier wachn
1783 2496 2667 2645 gesin, das er zu Burgdorff
1783 2567 2640 2717 gestie, vnd mit dem altten
1780 2634 2685 2812 man heim ganffen ✳ wyr dr
2328 2765 2484 2823 abe
1753 2716 2630 2908 finden vogt by fr am tisch
1791 2799 2630 2992 gsesen vnd wie sy zu er¬
1787 2911 2640 3097 sthten sye sy uffgstannden
1765 2992 2618 3184 E vnd euge ge Emem
1779 3082 2589 3277 Vnderen Tisch gesesenn
1740 3210 2647 3367 da er in und dem smann
