3024 4032
641 183 1386 413 off Obbemlttem tag
636 335 1406 490 In Sagemannpsscheyft wie
657 431 972 524 vor statt.
598 594 1468 848 Ist anthann Reker in r¬
643 756 1467 924 stilli wirt der Martten befengt
615 832 1485 1002 werden vonwasz Hanns Krattser
629 918 1451 1082 und Jeng kos ✳ wellche er
630 1024 1472 1174 Nahrs, soble androifft. haben
635 1111 1477 1273 under gunst dme bösse gsteltschafft
617 1196 1460 1367 auch mir den fürghallen somptt
621 1291 1422 1422 otlich kinden, so er by jeide
622 1374 1449 1496 frouwen überkhomen, die er
615 1455 1428 1621 dermaßen gehangen, das sy
632 1584 1421 1713 uns ennte kombn ✳ wollichs
621 1648 1448 1804 vnder die schwellen sye prgraben
616 1753 911 1849 worden
629 1922 1452 2070 daruff hatt er Erstlich anziset
608 2025 1442 2139 des eridens halb so man im
600 2099 1455 2230 furhalltte den er mitt brattuger
600 2174 1452 2322 gmahre, sye zu morglisen gschehen
592 2259 1430 2394 ja int kratuser ein bar
605 2336 1465 2490 Haurschen geben, aber sin huß
594 2431 1451 2568 frouw, habe es erst darnach
612 2521 1461 2658 Ime anchern anpüfftt, das er
602 2616 1467 2749 Arca der unmeren angmuttett
610 2690 1466 2815 daruor habe ers mit gwüst, des
598 2788 1445 2930 halb sis er verersahett, wie
589 2846 1492 3012 ur den Ewner bekhant und veseh
595 2943 1389 3068 das er allso den Krattnstem
573 3032 1472 3177 ben stächen huß zu Nydorin an.
559 3105 1491 3278 griffer und mit funst gschegen
2391 23 2491 102 24
1665 148 2525 376 aber fedol, habee er nie begertt
1662 223 2500 440 weder den brattinger noch
1646 311 2524 546 den beuosten, kheme wegeze.
1658 385 2545 611 wurden, noch ander auch gedoden
1663 482 2575 715 aber sy woll mitt fürsten gschlaßen
1632 627 2492 818 der trostung halb ✳ ses geng
1645 712 2519 887 lostl, wisse er sannmmmit
1634 772 2536 970 darvon gesagen, Dan alls er
1657 874 2579 1098 uff ein zytt mitt im gschrgen
1649 984 2530 1180 moge villiche bendsch trostug ges
2030 1097 2286 1171 noder mi
1645 1092 2555 1271 ime gebn haben, aber er ancker
1652 1172 2578 1372 habe mi fhei trostung gebn imme
1666 1287 2535 1474 ieh ✳ doch solle man die prsoren
1667 1378 2436 1520 Domalln darb gsin
1726 1551 1852 1656 desen.
1665 1586 2515 1725 wr einden halb hatt er disen
1657 1650 2544 1812 bscheyde gebenn, Ales es sich
1672 1754 2483 1907 uff ein zytt bezeb. das ein
1670 1832 2567 1990 ing ins Eiskardin bschech seye er
1668 1951 2525 2076 ouch in denselb fricz zohren
1667 2032 2543 2183 habe sich sin hußfraw vast
1655 2141 2561 2278 vbell ghegtt, das er hinwas
1674 2238 2548 2370 welle mitt anront sy gange
1669 2319 2570 2479 groß mitt den kundt, jedoch
1677 2399 2535 2559 das er in frieg zogen vnd
1672 2494 2551 2656 sy allso verlassen, habe sich
1688 2587 2605 2743 hieenschn ettwas bostes traffen,
1668 2658 2527 2821 Darum trage er gant khei
1683 2764 2515 2919 wussen, noch khein schullde
1687 2861 2641 3005 dan er domalln weder in stat
1694 2945 2586 3103 Noh Lannk gsein doshalb
1702 3039 2606 3212 fram hornn unguttlich bescheche
1704 3125 2628 3310 bitternun g. h dem gnat
2602 393 2680 518 ebei
2619 753 2690 863 s
2625 852 2681 922 Es
2630 1298 2695 1378 l
