<?xml version="1.0" encoding="UTF-8" standalone="yes"?>
<PcGts xmlns="http://schema.primaresearch.org/PAGE/gts/pagecontent/2013-07-15" xmlns:xsi="http://www.w3.org/2001/XMLSchema-instance" xsi:schemaLocation="http://schema.primaresearch.org/PAGE/gts/pagecontent/2013-07-15 http://schema.primaresearch.org/PAGE/gts/pagecontent/2013-07-15/pagecontent.xsd">
    <Metadata>
        <Creator>prov=University of Rostock/Institute of Mathematics/CITlab|PLANET AI GmbH/Gundram Leifert/gundram.leifert@planet-ai.de:name=German_Kurrent_XVI-XVIII_M1(htr_id=19584)::::v=2.6.6
prov=University of Rostock/Institute of Mathematics/CITlab|PLANET AI GmbH/Tobias Gruening/tobias.gruening@planet-ai.de:name=de.uros.citlab.module.baseline2polygon.B2PSeamMultiOriented:v=2.6.6
prov=University of Rostock/Institute of Mathematics/CITlab|PLANET AI GmbH/Tobias Gruening/tobias.gruening@planet-ai.de:name=/net_tf/LA73_249_0mod360.pb:de.uros.citlab.segmentation.CITlab_LA_ML:v=2.6.6
Transkribus</Creator>
        <Created>2020-10-11T13:10:39.439+02:00</Created>
        <LastChange>2022-09-09T15:21:32.149+02:00</LastChange>
        <TranskribusMetadata docId="1334770" pageId="52353535" pageNr="132" tsid="114635093" status="IN_PROGRESS" userId="9570" imgUrl="https://files.transkribus.eu/Get?id=AWBWAJIJKSNCQPWMDZBWVKXL&amp;fileType=view" xmlUrl="https://files.transkribus.eu/Get?id=KHZYPNOXZXEQEWVQQEPDOCPV" imageId="16491506"/>
    </Metadata>
    <Page imageFilename="IMG_2365.JPG" imageWidth="3024" imageHeight="4032">
        <ReadingOrder>
            <OrderedGroup id="ro_1687514101552" caption="Regions reading order">
                <RegionRefIndexed index="0" regionRef="r1"/>
                <RegionRefIndexed index="1" regionRef="r2"/>
            </OrderedGroup>
        </ReadingOrder>
        <TextRegion orientation="0.0" id="r1" custom="readingOrder {index:0;}">
            <Coords points="852,372 852,3447 1808,3447 1808,372"/>
            <TextLine id="r1l1" custom="readingOrder {index:0;}">
                <Coords points="1038,431 1076,454 1117,426 1171,435 1221,493 1283,464 1356,468 1431,526 1482,495 1538,528 1603,506 1676,563 1766,535 1746,484 1684,451 1631,465 1567,408 1492,441 1457,414 1345,416 1249,346 1168,377 1051,355"/>
                <Baseline points="1047,411 1082,417 1118,423 1153,428 1189,433 1225,438 1260,443 1296,448 1332,454 1367,459 1403,465 1439,471 1474,476 1510,483 1546,490 1581,496 1617,503 1653,510 1688,518 1724,526 1760,536"/>
                <TextEquiv>
                    <Unicode>ser sast ages dershen</Unicode>
                </TextEquiv>
            </TextLine>
            <TextLine id="r1l2" custom="readingOrder {index:1;}">
                <Coords points="1024,515 1155,529 1221,583 1335,544 1435,550 1583,582 1662,643 1761,644 1771,579 1704,549 1637,575 1597,534 1525,540 1484,495 1432,528 1343,524 1284,464 1222,494 1193,460 1086,466 1037,432"/>
                <Baseline points="1032,500 1068,504 1104,510 1141,515 1177,521 1214,526 1250,529 1286,535 1323,539 1359,545 1396,550 1432,555 1468,560 1505,565 1541,572 1578,578 1614,585 1650,592 1687,601 1723,609 1760,618"/>
                <TextEquiv>
                    <Unicode>Gews So er domnaln ghesten</Unicode>
                </TextEquiv>
            </TextLine>
            <TextLine id="r1l3" custom="readingOrder {index:2;}">
                <Coords points="996,582 1069,585 1114,624 1246,606 1417,678 1455,655 1505,713 1632,675 1695,721 1756,701 1761,665 1711,631 1644,646 1553,580 1477,616 1349,551 1260,596 1122,532 1001,549"/>
                <Baseline points="1002,581 1039,585 1076,590 1114,594 1151,598 1189,603 1226,608 1264,613 1301,618 1339,623 1376,629 1413,635 1451,639 1488,645 1526,651 1563,657 1601,663 1638,670 1676,676 1713,683 1751,690"/>
                <TextEquiv>
                    <Unicode>hab Im Fnechtenhoffer er</Unicode>
                </TextEquiv>
            </TextLine>
            <TextLine id="r1l4" custom="readingOrder {index:3;} place {offset:12; length:7;}">
                <Coords points="1035,684 1164,701 1206,754 1271,724 1419,737 1451,764 1551,753 1606,796 1651,766 1763,784 1768,742 1736,750 1682,709 1506,713 1460,663 1419,679 1350,642 1274,649 1232,609 1126,617 1038,659"/>
                <Baseline points="1041,680 1076,683 1112,686 1148,691 1184,694 1220,699 1256,703 1291,708 1327,712 1363,717 1399,722 1435,726 1471,732 1507,737 1542,742 1578,747 1614,752 1650,758 1686,764 1722,769 1758,776"/>
                <TextEquiv>
                    <Unicode>profesor zu Losanen gebenn</Unicode>
                </TextEquiv>
            </TextLine>
            <TextLine id="r1l5" custom="readingOrder {index:4;}">
                <Coords points="1004,802 1113,776 1144,811 1182,784 1334,828 1406,816 1472,875 1589,835 1759,902 1766,839 1588,809 1517,763 1416,784 1359,738 1261,727 1150,760 1060,688 1019,691"/>
                <Baseline points="1014,768 1051,771 1088,774 1125,778 1162,782 1200,785 1237,789 1274,793 1311,797 1348,802 1386,807 1423,812 1460,818 1497,823 1534,829 1572,834 1609,840 1646,848 1683,854 1720,860 1758,867"/>
                <TextEquiv>
                    <Unicode>Dann er demselben ettwas</Unicode>
                </TextEquiv>
            </TextLine>
            <TextLine id="r1l6" custom="readingOrder {index:5;} place {offset:9; length:11;}">
                <Coords points="1033,901 1080,918 1149,873 1217,930 1283,896 1347,926 1383,907 1521,930 1563,914 1635,930 1693,979 1748,967 1755,911 1674,877 1628,895 1474,877 1409,834 1378,846 1325,820 1261,836 1144,812 1118,830 1046,787"/>
                <Baseline points="1044,854 1079,858 1114,862 1149,866 1184,870 1219,874 1254,878 1289,882 1324,886 1359,890 1395,894 1430,899 1465,902 1500,907 1535,911 1570,916 1605,920 1640,925 1675,930 1710,934 1746,939"/>
                <TextEquiv>
                    <Unicode>chuld zu Inderlappen zn¬</Unicode>
                </TextEquiv>
            </TextLine>
            <TextLine id="r1l7" custom="readingOrder {index:6;}">
                <Coords points="1006,1001 1074,1001 1109,1017 1169,984 1257,1019 1293,991 1364,976 1401,1008 1432,1008 1436,964 1278,902 1220,942 1120,885 1069,924 1047,909 1013,913"/>
                <Baseline points="1017,944 1042,947 1068,951 1094,954 1119,956 1145,959 1171,959 1196,961 1222,963 1248,966 1273,967 1299,969 1325,971 1350,974 1376,976 1402,979 1428,983"/>
                <TextEquiv>
                    <Unicode>zuhen sollen</Unicode>
                </TextEquiv>
            </TextLine>
            <TextLine id="r1l8" custom="readingOrder {index:7;}">
                <Coords points="1029,1145 1128,1143 1229,1184 1360,1161 1436,1207 1528,1171 1731,1222 1770,1203 1776,1140 1664,1117 1597,1159 1367,1080 1262,1118 1036,1066"/>
                <Baseline points="1035,1134 1071,1136 1107,1139 1144,1141 1180,1143 1217,1146 1253,1149 1290,1152 1326,1154 1363,1158 1399,1162 1435,1165 1472,1169 1508,1173 1545,1176 1581,1181 1618,1185 1654,1190 1691,1195 1727,1200 1764,1205"/>
                <TextEquiv>
                    <Unicode>vnd zuletst ist er befragt</Unicode>
                </TextEquiv>
            </TextLine>
            <TextLine id="r1l9" custom="readingOrder {index:8;}">
                <Coords points="957,1244 1169,1234 1339,1257 1372,1290 1457,1254 1575,1293 1652,1267 1733,1291 1774,1256 1655,1247 1531,1179 1456,1228 1381,1176 1271,1219 1203,1169 1059,1192 961,1168"/>
                <Baseline points="963,1233 1003,1232 1043,1232 1083,1232 1123,1232 1164,1233 1204,1235 1244,1236 1284,1239 1324,1241 1365,1244 1405,1247 1445,1250 1485,1254 1525,1257 1566,1260 1606,1264 1646,1267 1686,1270 1726,1272 1767,1274"/>
                <TextEquiv>
                    <Unicode>Wannen er für und für mit</Unicode>
                </TextEquiv>
            </TextLine>
            <TextLine id="r1l10" custom="readingOrder {index:9;}">
                <Coords points="1020,1299 1117,1336 1163,1321 1218,1370 1259,1338 1401,1355 1564,1327 1615,1359 1656,1339 1738,1376 1741,1320 1701,1299 1671,1326 1598,1284 1482,1308 1423,1253 1344,1302 1160,1260 1098,1287 1024,1242"/>
                <Baseline points="1026,1302 1061,1306 1096,1309 1132,1313 1167,1315 1203,1317 1238,1320 1273,1322 1309,1323 1344,1325 1380,1327 1415,1328 1450,1331 1486,1332 1521,1335 1557,1336 1592,1339 1627,1342 1663,1345 1698,1348 1734,1352"/>
                <TextEquiv>
                    <Unicode>sovil gelts kanen se das</Unicode>
                </TextEquiv>
            </TextLine>
            <TextLine id="r1l11" custom="readingOrder {index:10;}">
                <Coords points="1025,1407 1110,1393 1287,1469 1382,1426 1486,1484 1545,1450 1618,1492 1655,1462 1749,1485 1753,1410 1560,1326 1448,1395 1386,1370 1231,1382 1188,1341 1104,1376 1028,1359"/>
                <Baseline points="1032,1388 1067,1391 1103,1395 1139,1398 1174,1401 1210,1404 1246,1407 1281,1409 1317,1412 1353,1413 1389,1416 1424,1418 1460,1419 1496,1421 1531,1423 1567,1424 1603,1427 1638,1427 1674,1429 1710,1430 1746,1431"/>
                <TextEquiv>
                    <Unicode>er also grzert hab hat in</Unicode>
                </TextEquiv>
            </TextLine>
            <TextLine id="r1l12" custom="readingOrder {index:11;} person {offset:16; length:7;}">
                <Coords points="1008,1518 1088,1558 1241,1506 1329,1549 1476,1507 1634,1572 1794,1520 1795,1491 1666,1465 1618,1492 1486,1486 1447,1456 1371,1480 1212,1449 1181,1475 1010,1458"/>
                <Baseline points="1014,1493 1052,1495 1091,1497 1130,1499 1168,1500 1207,1502 1246,1502 1284,1503 1323,1505 1362,1505 1401,1506 1439,1506 1478,1506 1517,1508 1555,1508 1594,1509 1633,1510 1671,1511 1710,1512 1749,1514 1788,1515"/>
                <TextEquiv>
                    <Unicode>anzeigt, das er wanthal sein</Unicode>
                </TextEquiv>
            </TextLine>
            <TextLine id="r1l13" custom="readingOrder {index:12;}">
                <Coords points="999,1617 1026,1632 1096,1588 1182,1584 1264,1592 1342,1650 1410,1603 1452,1647 1492,1633 1536,1657 1597,1614 1627,1644 1782,1607 1783,1567 1753,1552 1655,1576 1535,1533 1440,1555 1362,1528 1299,1557 1147,1533 1085,1558 1002,1517"/>
                <Baseline points="1005,1583 1043,1583 1082,1581 1120,1581 1159,1583 1197,1583 1236,1583 1274,1584 1313,1586 1351,1586 1390,1588 1429,1589 1467,1592 1506,1593 1544,1595 1583,1598 1621,1598 1660,1601 1698,1602 1737,1605 1776,1607"/>
                <TextEquiv>
                    <Unicode>frauen thel huses zu broben</Unicode>
                </TextEquiv>
            </TextLine>
            <TextLine id="r1l14" custom="readingOrder {index:13;}">
                <Coords points="1002,1695 1079,1675 1164,1726 1287,1671 1431,1668 1513,1708 1544,1691 1603,1726 1688,1703 1738,1734 1740,1653 1596,1639 1542,1662 1489,1634 1455,1651 1419,1614 1283,1650 1212,1599 1135,1629 1088,1593 1003,1631"/>
                <Baseline points="1008,1670 1044,1668 1080,1667 1116,1665 1153,1665 1189,1665 1225,1666 1262,1667 1298,1668 1334,1670 1371,1671 1407,1673 1443,1674 1479,1676 1516,1677 1552,1679 1588,1680 1625,1680 1661,1680 1697,1680 1734,1680"/>
                <TextEquiv>
                    <Unicode>gekouffn und by xxfi</Unicode>
                </TextEquiv>
            </TextLine>
            <TextLine id="r1l15" custom="readingOrder {index:14;}">
                <Coords points="1019,1781 1080,1801 1135,1761 1255,1821 1321,1775 1431,1828 1540,1812 1621,1765 1687,1816 1786,1796 1789,1728 1648,1716 1594,1742 1543,1692 1432,1745 1395,1705 1355,1735 1283,1707 1238,1733 1135,1725 1081,1677 1022,1701"/>
                <Baseline points="1026,1754 1063,1752 1101,1752 1139,1752 1177,1752 1215,1754 1252,1755 1290,1757 1328,1758 1366,1759 1404,1761 1441,1763 1479,1765 1517,1766 1555,1768 1593,1769 1630,1770 1668,1772 1706,1772 1744,1772 1782,1772"/>
                <TextEquiv>
                    <Unicode>pfund₎n darus gloßt deselbig</Unicode>
                </TextEquiv>
            </TextLine>
            <TextLine id="r1l16" custom="readingOrder {index:15;}">
                <Coords points="1006,1895 1143,1844 1236,1861 1283,1900 1375,1848 1543,1870 1601,1850 1666,1911 1739,1861 1772,1879 1773,1805 1713,1797 1650,1823 1556,1796 1454,1828 1334,1788 1134,1826 1098,1793 1052,1814 1008,1798"/>
                <Baseline points="1013,1842 1050,1842 1088,1841 1126,1841 1163,1841 1201,1842 1239,1842 1276,1843 1314,1844 1352,1845 1390,1845 1427,1847 1465,1847 1503,1848 1540,1848 1578,1849 1616,1850 1653,1850 1691,1850 1729,1848 1767,1848"/>
                <TextEquiv>
                    <Unicode>sele nach dem er suw schulden</Unicode>
                </TextEquiv>
            </TextLine>
            <TextLine id="r1l17" custom="readingOrder {index:16;}">
                <Coords points="980,1983 1034,1997 1137,1933 1198,1973 1302,1952 1369,1976 1467,1925 1571,1959 1571,1874 1503,1870 1450,1904 1356,1859 1283,1900 1235,1862 1162,1910 1045,1872 980,1891"/>
                <Baseline points="986,1935 1016,1935 1046,1935 1077,1935 1107,1934 1138,1934 1168,1934 1199,1934 1229,1934 1260,1934 1290,1932 1321,1932 1351,1932 1382,1932 1412,1933 1443,1934 1473,1934 1504,1935 1534,1935 1565,1937"/>
                <TextEquiv>
                    <Unicode>galt wezert</Unicode>
                </TextEquiv>
            </TextLine>
            <TextLine id="r1l18" custom="readingOrder {index:17;}">
                <Coords points="1078,2191 1189,2191 1235,2165 1285,2194 1331,2155 1478,2160 1473,2115 1366,2053 1325,2047 1219,2119 1163,2125 1129,2113 1073,2135"/>
                <Baseline points="1083,2178 1108,2173 1134,2167 1160,2161 1186,2156 1212,2152 1237,2148 1263,2145 1289,2142 1315,2140 1341,2139 1366,2138 1392,2139 1418,2139 1444,2143 1470,2145"/>
                <TextEquiv>
                    <Unicode>Todem</Unicode>
                </TextEquiv>
            </TextLine>
            <TextLine id="r1l19" custom="readingOrder {index:18;} person {offset:0; length:13;}">
                <Coords points="960,2343 1075,2302 1268,2321 1333,2294 1461,2346 1521,2302 1595,2301 1648,2351 1711,2293 1769,2300 1768,2253 1675,2210 1551,2270 1413,2193 1284,2239 1230,2201 1138,2239 1052,2201 957,2232"/>
                <Baseline points="965,2312 1004,2306 1044,2304 1084,2301 1124,2299 1164,2297 1204,2295 1244,2295 1284,2295 1324,2294 1364,2294 1403,2294 1443,2294 1483,2294 1523,2294 1563,2293 1603,2292 1643,2291 1683,2289 1723,2286 1763,2283"/>
                <TextEquiv>
                    <Unicode>Marx Burknzer uf dem</Unicode>
                </TextEquiv>
            </TextLine>
            <TextLine id="r1l20" custom="readingOrder {index:19;} place {offset:0; length:11;}">
                <Coords points="960,2394 1111,2406 1150,2439 1236,2397 1329,2402 1375,2442 1464,2389 1583,2434 1643,2392 1763,2404 1762,2321 1648,2352 1583,2304 1495,2355 1415,2331 1376,2358 1336,2325 1192,2351 1138,2303 1051,2361 999,2333 960,2349"/>
                <Baseline points="966,2393 1005,2389 1045,2386 1084,2384 1124,2382 1163,2382 1203,2381 1242,2379 1282,2379 1321,2379 1361,2379 1401,2379 1440,2381 1480,2381 1519,2381 1559,2381 1598,2379 1638,2379 1677,2379 1717,2378 1757,2376"/>
                <TextEquiv>
                    <Unicode>troufenthal hatt behens, das</Unicode>
                </TextEquiv>
            </TextLine>
            <TextLine id="r1l21" custom="readingOrder {index:20;}">
                <Coords points="930,2498 1097,2469 1274,2492 1471,2465 1539,2491 1638,2450 1745,2454 1747,2422 1588,2435 1547,2406 1337,2441 1252,2395 1162,2446 1079,2449 1035,2412 929,2465"/>
                <Baseline points="936,2481 976,2478 1016,2474 1056,2472 1097,2471 1137,2468 1177,2468 1218,2466 1258,2466 1298,2466 1339,2465 1379,2465 1419,2465 1459,2464 1500,2463 1540,2462 1580,2460 1621,2459 1661,2456 1701,2453 1742,2448"/>
                <TextEquiv>
                    <Unicode>Er er Ihmem meyttl ei</Unicode>
                </TextEquiv>
            </TextLine>
            <TextLine id="r1l22" custom="readingOrder {index:21;}">
                <Coords points="969,2574 1051,2562 1109,2587 1171,2543 1306,2604 1395,2560 1483,2602 1597,2538 1698,2554 1697,2511 1650,2525 1584,2495 1553,2522 1441,2527 1349,2489 1212,2520 1070,2483 968,2528"/>
                <Baseline points="974,2561 1009,2559 1045,2556 1081,2555 1117,2553 1153,2552 1189,2552 1225,2550 1261,2550 1297,2549 1333,2549 1368,2549 1404,2548 1440,2547 1476,2547 1512,2546 1548,2546 1584,2544 1620,2544 1656,2542 1692,2541"/>
                <TextEquiv>
                    <Unicode>Füsthli abgschinten und im</Unicode>
                </TextEquiv>
            </TextLine>
            <TextLine id="r1l23" custom="readingOrder {index:22;}">
                <Coords points="930,2690 1011,2657 1154,2688 1225,2646 1336,2703 1389,2700 1555,2630 1635,2633 1611,2595 1409,2609 1353,2575 1284,2616 1238,2596 1183,2622 1057,2568 1005,2618 926,2611"/>
                <Baseline points="935,2667 969,2663 1004,2660 1038,2656 1073,2653 1108,2649 1142,2648 1177,2644 1212,2643 1246,2641 1281,2639 1316,2637 1350,2636 1385,2635 1420,2634 1454,2632 1489,2630 1524,2629 1558,2628 1593,2625 1628,2622"/>
                <TextEquiv>
                    <Unicode>sickpf darus gnomen</Unicode>
                </TextEquiv>
            </TextLine>
            <TextLine id="r1l24" custom="readingOrder {index:23;}">
                <Coords points="937,2863 1388,2810 1556,2808 1599,2838 1656,2788 1769,2785 1766,2739 1667,2724 1563,2772 1470,2763 1389,2794 1255,2747 1128,2802 929,2748"/>
                <Baseline points="941,2843 982,2839 1023,2834 1064,2831 1105,2828 1146,2826 1187,2822 1228,2820 1269,2818 1310,2816 1352,2814 1393,2811 1434,2810 1475,2807 1516,2804 1557,2801 1598,2797 1639,2795 1680,2789 1721,2784 1763,2778"/>
                <TextEquiv>
                    <Unicode>Denne dem wurt in der</Unicode>
                </TextEquiv>
            </TextLine>
            <TextLine id="r1l25" custom="readingOrder {index:24;} place {offset:0; length:8;}">
                <Coords points="925,2938 1159,2899 1268,2936 1334,2897 1503,2882 1545,2916 1591,2882 1629,2904 1779,2874 1776,2825 1645,2797 1600,2835 1546,2808 1487,2862 1250,2839 1144,2874 1015,2855 923,2896"/>
                <Baseline points="929,2916 971,2912 1013,2908 1055,2905 1097,2903 1139,2900 1181,2898 1224,2896 1266,2894 1308,2892 1350,2891 1392,2889 1434,2887 1476,2885 1519,2882 1561,2880 1603,2878 1645,2875 1687,2871 1729,2867 1772,2862"/>
                <TextEquiv>
                    <Unicode>Lutteren hab er ein stuck lader</Unicode>
                </TextEquiv>
            </TextLine>
            <TextLine id="r1l26" custom="readingOrder {index:25;}">
                <Coords points="916,3012 1041,3009 1087,3047 1178,2977 1382,3015 1476,2969 1549,2997 1612,2955 1749,2940 1746,2894 1676,2883 1596,2929 1531,2903 1433,2941 1102,2910 913,2965"/>
                <Baseline points="920,2993 961,2989 1002,2986 1043,2983 1084,2981 1125,2978 1166,2976 1207,2973 1248,2972 1289,2970 1331,2968 1372,2966 1413,2964 1454,2962 1495,2960 1536,2957 1577,2954 1618,2949 1659,2944 1700,2940 1742,2934"/>
                <TextEquiv>
                    <Unicode>entfrombden di er im dar¬</Unicode>
                </TextEquiv>
            </TextLine>
            <TextLine id="r1l27" custom="readingOrder {index:26;}">
                <Coords points="965,3108 1000,3084 1061,3113 1107,3078 1147,3107 1207,3064 1315,3048 1434,3067 1498,3030 1670,3060 1729,3010 1813,3019 1810,2959 1404,3016 1269,3020 1203,2992 1088,3048 1053,3020 961,3052"/>
                <Baseline points="968,3078 1010,3074 1052,3069 1094,3065 1136,3061 1178,3057 1220,3054 1262,3051 1304,3047 1346,3044 1388,3042 1430,3039 1472,3036 1514,3033 1556,3030 1598,3026 1640,3023 1682,3020 1724,3014 1766,3011 1808,3006"/>
                <TextEquiv>
                    <Unicode>nach bzalen müsen und ii dar</Unicode>
                </TextEquiv>
            </TextLine>
            <TextLine id="r1l28" custom="readingOrder {index:27;}">
                <Coords points="852,3247 1011,3164 1224,3139 1381,3193 1537,3123 1654,3119 1704,3070 1637,3054 1489,3096 1401,3061 1365,3093 1230,3062 1158,3105 1116,3089 1054,3127 1005,3106 843,3159"/>
                <Baseline points="852,3194 894,3184 936,3176 979,3169 1021,3162 1064,3155 1106,3150 1148,3145 1191,3140 1233,3136 1276,3133 1318,3128 1360,3125 1403,3123 1445,3119 1488,3116 1530,3112 1572,3108 1615,3105 1657,3101 1700,3095"/>
                <TextEquiv>
                    <Unicode>fur ein dickpf geben, musen</Unicode>
                </TextEquiv>
            </TextLine>
            <TextLine id="r1l29" custom="readingOrder {index:28;}">
                <Coords points="956,3389 1029,3377 1096,3329 1181,3316 1251,3343 1443,3298 1555,3314 1700,3269 1697,3237 1558,3223 1442,3270 1327,3262 1215,3185 1136,3260 1023,3245 947,3284"/>
                <Baseline points="957,3338 993,3334 1030,3331 1067,3326 1104,3323 1141,3319 1178,3317 1214,3312 1251,3311 1288,3307 1325,3305 1362,3300 1399,3298 1436,3295 1472,3291 1509,3288 1546,3285 1583,3281 1620,3276 1657,3272 1694,3267"/>
                <TextEquiv>
                    <Unicode>ttem als er uff ein</Unicode>
                </TextEquiv>
            </TextLine>
            <TextLine id="r1l30" custom="readingOrder {index:29;}">
                <Coords points="958,3472 1096,3397 1235,3425 1423,3363 1566,3397 1744,3363 1797,3337 1789,3262 1654,3320 1515,3303 1449,3341 1407,3321 1369,3350 1177,3340 1072,3387 948,3386"/>
                <Baseline points="959,3429 1000,3422 1042,3415 1083,3409 1125,3402 1166,3398 1208,3393 1249,3388 1291,3383 1332,3379 1374,3376 1416,3371 1457,3368 1499,3363 1540,3359 1582,3356 1623,3350 1665,3345 1706,3340 1748,3333 1790,3326"/>
                <TextEquiv>
                    <Unicode>zim vier wir lang mangeln</Unicode>
                </TextEquiv>
            </TextLine>
            <TextEquiv>
                <Unicode>ser sast ages dershen
Gews So er domnaln ghesten
hab Im Fnechtenhoffer er
profesor zu Losanen gebenn
Dann er demselben ettwas
chuld zu Inderlappen zn¬
zuhen sollen
vnd zuletst ist er befragt
Wannen er für und für mit
sovil gelts kanen se das
er also grzert hab hat in
anzeigt, das er wanthal sein
frauen thel huses zu broben
gekouffn und by xxfi
pfund₎n darus gloßt deselbig
sele nach dem er suw schulden
galt wezert
Todem
Marx Burknzer uf dem
troufenthal hatt behens, das
Er er Ihmem meyttl ei
Füsthli abgschinten und im
sickpf darus gnomen
Denne dem wurt in der
Lutteren hab er ein stuck lader
entfrombden di er im dar¬
nach bzalen müsen und ii dar
fur ein dickpf geben, musen
ttem als er uff ein
zim vier wir lang mangeln</Unicode>
            </TextEquiv>
        </TextRegion>
        <TextRegion orientation="0.0" id="r2" custom="readingOrder {index:1;}">
            <Coords points="1895,296 1895,3337 2829,3337 2829,296"/>
            <TextLine id="r2l1" custom="readingOrder {index:0;}">
                <Coords points="2646,377 2665,365 2693,370 2812,342 2797,260 2783,270 2760,272 2730,302 2712,290 2692,310 2666,305 2636,321"/>
                <Baseline points="2649,360 2674,355 2700,350 2726,345 2752,339 2778,336 2804,335"/>
                <TextEquiv>
                    <Unicode>62</Unicode>
                </TextEquiv>
            </TextLine>
            <TextLine id="r2l2" custom="readingOrder {index:1;}">
                <Coords points="1934,547 2153,523 2175,498 2372,526 2458,471 2526,508 2609,460 2691,470 2725,448 2716,378 2555,381 2508,423 2430,410 2400,436 2327,419 2173,486 2065,464 1928,500"/>
                <Baseline points="1937,528 1976,525 2015,522 2054,518 2093,514 2132,509 2171,504 2210,499 2249,494 2288,489 2327,482 2366,477 2405,472 2444,465 2483,460 2522,455 2561,450 2600,444 2639,440 2678,435 2717,431"/>
                <TextEquiv>
                    <Unicode>an Erot vnd gebt ghephtt</Unicode>
                </TextEquiv>
            </TextLine>
            <TextLine id="r2l3" custom="readingOrder {index:2;}">
                <Coords points="1915,623 2028,623 2107,588 2251,606 2293,571 2455,583 2592,533 2657,559 2710,518 2683,463 2615,461 2534,511 2458,472 2378,532 2253,525 2202,556 2127,537 2054,563 2011,537 1910,588"/>
                <Baseline points="1920,618 1959,614 1998,610 2037,605 2076,599 2115,595 2154,589 2194,584 2233,578 2272,572 2311,566 2350,561 2389,555 2428,549 2468,543 2507,538 2546,532 2585,527 2624,520 2663,516 2703,510"/>
                <TextEquiv>
                    <Unicode>vnd dlems ewussen ea</Unicode>
                </TextEquiv>
            </TextLine>
            <TextLine id="r2l4" custom="readingOrder {index:3;}">
                <Coords points="1902,719 2161,669 2240,708 2359,635 2408,654 2455,617 2704,610 2742,590 2735,542 2529,588 2494,565 2382,609 2286,588 2126,651 2084,622 2024,656 1971,627 1896,679"/>
                <Baseline points="1905,699 1946,694 1988,689 2029,684 2071,678 2112,673 2154,667 2195,663 2237,656 2278,650 2320,644 2361,638 2403,632 2444,626 2486,621 2527,614 2569,609 2610,603 2652,597 2693,592 2735,587"/>
                <TextEquiv>
                    <Unicode>Furleten hab er armunt</Unicode>
                </TextEquiv>
            </TextLine>
            <TextLine id="r2l5" custom="readingOrder {index:4;}">
                <Coords points="1940,787 2214,755 2269,724 2342,748 2446,706 2554,724 2712,671 2703,605 2577,652 2414,657 2285,707 2109,688 1935,746"/>
                <Baseline points="1944,776 1982,769 2020,762 2058,757 2096,751 2134,746 2172,741 2210,736 2248,732 2286,727 2324,722 2362,717 2400,713 2438,709 2476,703 2514,698 2552,693 2590,687 2628,681 2666,674 2705,666"/>
                <TextEquiv>
                    <Unicode>halb. Dem muller Ztoub</Unicode>
                </TextEquiv>
            </TextLine>
            <TextLine id="r2l6" custom="readingOrder {index:5;}">
                <Coords points="1925,908 2168,825 2256,872 2336,802 2455,788 2572,834 2646,763 2829,738 2824,702 2751,669 2674,714 2586,703 2524,754 2395,742 2308,774 2234,750 2118,799 1909,786"/>
                <Baseline points="1923,846 1970,841 2017,835 2064,830 2112,825 2159,820 2206,814 2254,809 2301,804 2348,799 2396,792 2443,787 2490,781 2538,775 2585,768 2632,762 2680,754 2727,747 2774,740 2822,731"/>
                <TextEquiv>
                    <Unicode>zwoy mes mehn entfrömtder</Unicode>
                </TextEquiv>
            </TextLine>
            <TextLine id="r2l7" custom="readingOrder {index:6;}">
                <Coords points="1892,1055 2011,1028 2071,1063 2118,1010 2410,969 2493,1001 2637,955 2702,987 2775,929 2770,884 2424,938 2343,916 2262,967 2211,947 2061,972 1966,932 1882,966"/>
                <Baseline points="1895,1032 1938,1026 1982,1019 2026,1014 2069,1009 2113,1003 2157,999 2200,993 2244,989 2288,985 2332,981 2375,976 2419,972 2463,967 2506,963 2550,958 2594,953 2637,948 2681,942 2725,936 2769,930"/>
                <TextEquiv>
                    <Unicode>Er hatt ouch anzeigt als iun</Unicode>
                </TextEquiv>
            </TextLine>
            <TextLine id="r2l8" custom="readingOrder {index:7;}">
                <Coords points="1920,1141 2099,1088 2198,1112 2251,1067 2420,1108 2478,1055 2526,1071 2670,1015 2784,1024 2778,967 2498,1022 2410,967 2359,1014 2296,996 2206,1047 1912,1054"/>
                <Baseline points="1922,1103 1964,1097 2007,1093 2050,1089 2093,1085 2135,1080 2178,1077 2221,1071 2264,1067 2306,1064 2349,1060 2392,1055 2435,1051 2477,1048 2520,1043 2563,1038 2606,1034 2648,1029 2691,1025 2734,1019 2777,1014"/>
                <TextEquiv>
                    <Unicode>der warbelngfangen das er</Unicode>
                </TextEquiv>
            </TextLine>
            <TextLine id="r2l9" custom="readingOrder {index:8;}">
                <Coords points="1901,1215 2292,1146 2404,1193 2474,1131 2583,1183 2625,1155 2682,1172 2768,1098 2765,1068 2562,1060 2379,1108 2252,1067 2182,1131 2094,1092 2032,1155 1894,1147"/>
                <Baseline points="1904,1191 1946,1186 1989,1180 2032,1175 2075,1170 2118,1165 2161,1160 2204,1156 2247,1151 2290,1146 2333,1142 2375,1138 2418,1134 2461,1131 2504,1126 2547,1121 2590,1119 2633,1114 2676,1110 2719,1107 2762,1103"/>
                <TextEquiv>
                    <Unicode>fured und bspantlich g pe</Unicode>
                </TextEquiv>
            </TextLine>
            <TextLine id="r2l10" custom="readingOrder {index:9;}">
                <Coords points="1921,1278 2447,1217 2487,1238 2557,1209 2627,1242 2708,1195 2800,1202 2773,1144 2590,1184 2526,1143 2403,1194 2359,1160 2315,1192 2214,1175 2138,1220 2063,1191 1917,1230"/>
                <Baseline points="1926,1266 1969,1261 2012,1255 2056,1249 2099,1244 2142,1240 2186,1236 2229,1230 2272,1226 2316,1222 2359,1218 2402,1215 2446,1211 2489,1208 2532,1204 2576,1200 2619,1198 2662,1194 2706,1190 2749,1188 2793,1185"/>
                <TextEquiv>
                    <Unicode>als inn der wreybel gfangen</Unicode>
                </TextEquiv>
            </TextLine>
            <TextLine id="r2l11" custom="readingOrder {index:10;}">
                <Coords points="2020,1347 2087,1329 2137,1360 2182,1321 2317,1302 2373,1329 2397,1303 2562,1279 2637,1314 2713,1273 2784,1271 2779,1217 2732,1212 2543,1264 2371,1225 2311,1272 2229,1242 2107,1290 2043,1261 2014,1282"/>
                <Baseline points="2025,1338 2062,1333 2100,1327 2137,1323 2175,1318 2213,1313 2250,1309 2288,1305 2326,1301 2363,1297 2401,1295 2439,1291 2476,1287 2514,1285 2552,1282 2589,1279 2627,1277 2665,1274 2702,1272 2740,1269 2778,1266"/>
                <TextEquiv>
                    <Unicode>er zu Demselben weybel</Unicode>
                </TextEquiv>
            </TextLine>
            <TextLine id="r2l12" custom="readingOrder {index:11;}">
                <Coords points="1935,1394 1958,1391 2005,1342 2016,1343 2014,1277 2008,1277 1998,1285 1984,1272 1965,1269 1946,1282 1930,1281"/>
                <Baseline points="1938,1341 1974,1341 2010,1338"/>
                <TextEquiv>
                    <Unicode>3</Unicode>
                </TextEquiv>
            </TextLine>
            <TextLine id="r2l13" custom="readingOrder {index:12;}">
                <Coords points="1935,1466 1993,1470 2047,1420 2096,1457 2161,1408 2217,1433 2294,1379 2404,1391 2456,1426 2566,1352 2715,1358 2709,1302 2638,1315 2569,1288 2267,1354 2200,1336 2144,1367 2065,1338 1929,1396"/>
                <Baseline points="1937,1419 1975,1414 2014,1408 2052,1402 2091,1398 2129,1394 2168,1389 2206,1385 2245,1382 2283,1379 2322,1376 2361,1372 2399,1368 2438,1367 2476,1363 2515,1360 2553,1358 2592,1355 2630,1352 2669,1348 2708,1344"/>
                <TextEquiv>
                    <Unicode>gsprochen ir rachen mit</Unicode>
                </TextEquiv>
            </TextLine>
            <TextLine id="r2l14" custom="readingOrder {index:13;}">
                <Coords points="1927,1523 2255,1462 2414,1461 2477,1493 2571,1440 2762,1454 2768,1392 2667,1379 2578,1422 2456,1426 2359,1396 2305,1439 2162,1415 2100,1456 2046,1422 1993,1468 1923,1470"/>
                <Baseline points="1931,1500 1972,1494 2014,1488 2056,1483 2097,1479 2139,1474 2181,1470 2222,1467 2264,1464 2306,1461 2348,1458 2389,1455 2431,1454 2473,1451 2514,1448 2556,1445 2598,1443 2639,1440 2681,1437 2723,1433 2765,1430"/>
                <TextEquiv>
                    <Unicode>und land ander gen die ss</Unicode>
                </TextEquiv>
            </TextLine>
            <TextLine id="r2l15" custom="readingOrder {index:14;}">
                <Coords points="1924,1590 2013,1616 2085,1566 2160,1561 2220,1595 2264,1555 2436,1555 2463,1530 2567,1534 2640,1575 2693,1539 2825,1527 2823,1477 2525,1468 2471,1514 2263,1480 2220,1511 2178,1488 2140,1516 1989,1499 1920,1527"/>
                <Baseline points="1929,1571 1973,1565 2018,1561 2062,1557 2107,1554 2151,1550 2196,1548 2240,1545 2285,1544 2329,1541 2374,1539 2418,1538 2463,1536 2507,1534 2552,1532 2596,1529 2641,1527 2685,1524 2730,1521 2774,1517 2819,1511"/>
                <TextEquiv>
                    <Unicode>baß verschuldt als der gesagee</Unicode>
                </TextEquiv>
            </TextLine>
            <TextLine id="r2l16" custom="readingOrder {index:15;}">
                <Coords points="1925,1661 2149,1645 2264,1687 2427,1612 2506,1635 2810,1611 2831,1565 2438,1594 2266,1560 2220,1596 2160,1559 2012,1616 1922,1605"/>
                <Baseline points="1929,1638 1973,1635 2018,1634 2063,1631 2108,1629 2153,1628 2198,1626 2242,1625 2287,1623 2332,1621 2377,1620 2422,1618 2467,1617 2512,1614 2556,1613 2601,1609 2646,1607 2691,1603 2736,1600 2781,1595 2826,1590"/>
                <TextEquiv>
                    <Unicode>weybell gfragt wen er mein</Unicode>
                </TextEquiv>
            </TextLine>
            <TextLine id="r2l17" custom="readingOrder {index:16;}">
                <Coords points="1934,1774 2118,1698 2226,1705 2282,1744 2348,1704 2772,1697 2770,1660 2695,1632 2630,1674 2471,1650 2268,1684 2012,1647 1930,1663"/>
                <Baseline points="1938,1716 1979,1713 2020,1712 2062,1709 2103,1707 2145,1705 2186,1703 2227,1701 2269,1700 2310,1698 2352,1697 2393,1695 2434,1695 2476,1694 2517,1692 2559,1691 2600,1691 2641,1689 2683,1688 2724,1688 2766,1686"/>
                <TextEquiv>
                    <Unicode>hab er im grantwirt aber</Unicode>
                </TextEquiv>
            </TextLine>
            <TextLine id="r2l18" custom="readingOrder {index:17;}">
                <Coords points="1917,1799 2103,1781 2270,1810 2456,1781 2506,1821 2563,1777 2799,1762 2797,1725 2622,1716 2580,1743 2418,1712 2231,1761 2136,1697 2078,1737 1916,1764"/>
                <Baseline points="1923,1791 1966,1790 2010,1789 2053,1788 2097,1786 2140,1785 2184,1784 2227,1782 2271,1781 2314,1779 2358,1777 2401,1775 2445,1773 2488,1772 2532,1770 2575,1768 2619,1766 2662,1764 2706,1763 2749,1761 2793,1760"/>
                <TextEquiv>
                    <Unicode>vnder Eun, vnd hiemit an¬</Unicode>
                </TextEquiv>
            </TextLine>
            <TextLine id="r2l19" custom="readingOrder {index:18;}">
                <Coords points="1947,1898 2083,1861 2154,1897 2202,1864 2281,1917 2367,1856 2749,1867 2781,1807 2506,1822 2473,1792 2424,1826 2361,1795 2275,1818 2235,1800 2119,1841 2075,1815 1946,1823"/>
                <Baseline points="1952,1863 1993,1862 2034,1860 2075,1860 2116,1858 2157,1857 2198,1856 2240,1855 2281,1854 2322,1853 2363,1852 2404,1851 2445,1851 2486,1851 2528,1850 2569,1850 2610,1850 2651,1850 2692,1850 2733,1851 2775,1851"/>
                <TextEquiv>
                    <Unicode>zeige daz deselben Teybels</Unicode>
                </TextEquiv>
            </TextLine>
            <TextLine id="r2l20" custom="readingOrder {index:19;} person {offset:8; length:13;}">
                <Coords points="1941,1965 2104,1933 2322,1942 2371,1974 2413,1948 2566,1965 2680,1940 2795,1973 2795,1911 2670,1871 2626,1902 2549,1850 2445,1910 2375,1866 2285,1918 2184,1891 2069,1915 1941,1894"/>
                <Baseline points="1947,1938 1989,1936 2031,1935 2073,1934 2115,1934 2157,1934 2199,1934 2241,1934 2283,1934 2325,1934 2368,1934 2410,1935 2452,1935 2494,1936 2536,1937 2578,1937 2620,1938 2662,1938 2704,1938 2746,1938 2789,1938"/>
                <TextEquiv>
                    <Unicode>ien dem Hans Studeren</Unicode>
                </TextEquiv>
            </TextLine>
            <TextLine id="r2l21" custom="readingOrder {index:20;} place {offset:3; length:7;}">
                <Coords points="1953,2036 1982,2051 2035,2018 2125,2051 2187,2016 2442,2012 2561,2077 2653,2026 2762,2029 2763,1984 2539,1957 2415,1994 2220,1990 2105,1933 1953,1972"/>
                <Baseline points="1959,2013 1998,2013 2038,2013 2078,2013 2118,2013 2158,2013 2198,2013 2238,2013 2278,2013 2318,2013 2358,2013 2397,2015 2437,2015 2477,2015 2517,2016 2557,2016 2597,2018 2637,2018 2677,2019 2717,2019 2757,2021"/>
                <TextEquiv>
                    <Unicode>zu asthlib mat ein bost nüt</Unicode>
                </TextEquiv>
            </TextLine>
            <TextLine id="r2l22" custom="readingOrder {index:21;}">
                <Coords points="1902,2120 2357,2101 2483,2168 2645,2124 2712,2153 2768,2119 2770,2051 2728,2040 2628,2091 2485,2038 2363,2063 2310,2024 2257,2060 2154,2065 2072,2022 1997,2061 1957,2033 1903,2060"/>
                <Baseline points="1908,2093 1950,2093 1993,2094 2036,2094 2078,2096 2121,2096 2164,2097 2206,2099 2249,2100 2292,2100 2335,2102 2377,2103 2420,2104 2463,2105 2505,2106 2548,2108 2591,2109 2633,2110 2676,2111 2719,2111 2762,2112"/>
                <TextEquiv>
                    <Unicode>frombdet vnd dasselbig alhie</Unicode>
                </TextEquiv>
            </TextLine>
            <TextLine id="r2l23" custom="readingOrder {index:22;}">
                <Coords points="1931,2197 2058,2240 2243,2175 2401,2218 2520,2193 2745,2224 2794,2207 2795,2173 2672,2125 2487,2170 2412,2136 2228,2165 2100,2112 1932,2160"/>
                <Baseline points="1937,2183 1979,2181 2022,2180 2064,2180 2107,2180 2150,2180 2192,2181 2235,2183 2277,2184 2320,2185 2363,2187 2405,2189 2448,2190 2490,2193 2533,2195 2576,2196 2618,2198 2661,2199 2703,2201 2746,2202 2789,2202"/>
                <TextEquiv>
                    <Unicode>vff fryei merckt verkontt</Unicode>
                </TextEquiv>
            </TextLine>
            <TextLine id="r2l24" custom="readingOrder {index:23;}">
                <Coords points="1938,2271 2046,2277 2116,2323 2234,2294 2311,2333 2353,2314 2420,2335 2475,2288 2545,2285 2579,2313 2733,2287 2734,2241 2647,2243 2605,2211 2507,2248 2418,2213 2229,2234 2142,2191 2092,2238 2022,2210 1939,2235"/>
                <Baseline points="1944,2264 1983,2264 2022,2262 2061,2262 2100,2263 2139,2264 2178,2264 2218,2265 2257,2267 2296,2268 2335,2270 2374,2271 2413,2273 2452,2274 2492,2274 2531,2276 2570,2276 2609,2277 2648,2277 2687,2277 2727,2277"/>
                <TextEquiv>
                    <Unicode>werde sich ouch alß er finde</Unicode>
                </TextEquiv>
            </TextLine>
            <TextLine id="r2l25" custom="readingOrder {index:24;}">
                <Coords points="1903,2445 1997,2474 2069,2457 2131,2503 2174,2469 2328,2492 2465,2472 2661,2517 2754,2494 2756,2457 2677,2442 2611,2383 2528,2444 2437,2454 2281,2383 2077,2431 1994,2381 1906,2384"/>
                <Baseline points="1908,2447 1950,2448 1992,2448 2034,2450 2076,2452 2118,2453 2160,2455 2202,2459 2244,2460 2286,2464 2328,2466 2370,2469 2412,2473 2454,2475 2496,2478 2538,2481 2580,2484 2622,2486 2664,2487 2706,2490 2748,2492"/>
                <TextEquiv>
                    <Unicode>Itt₎ das er dem weyvel</Unicode>
                </TextEquiv>
            </TextLine>
            <TextLine id="r2l26" custom="readingOrder {index:25;}">
                <Coords points="1907,2546 2172,2540 2356,2575 2416,2620 2559,2572 2749,2578 2797,2608 2801,2556 2597,2545 2470,2485 2361,2519 2274,2476 2183,2528 2085,2513 2030,2461 1912,2470"/>
                <Baseline points="1914,2526 1960,2529 2006,2531 2052,2533 2099,2537 2145,2539 2191,2542 2237,2546 2284,2549 2330,2552 2376,2556 2422,2560 2469,2563 2515,2567 2561,2568 2607,2571 2654,2574 2700,2577 2746,2578 2793,2580"/>
                <TextEquiv>
                    <Unicode>prosmen und gsagt, wan er</Unicode>
                </TextEquiv>
            </TextLine>
            <TextLine id="r2l27" custom="readingOrder {index:26;}">
                <Coords points="1936,2659 2033,2645 2085,2680 2171,2636 2222,2665 2262,2642 2359,2702 2487,2644 2621,2717 2737,2686 2741,2624 2622,2599 2557,2624 2529,2600 2310,2617 2252,2574 2183,2609 2104,2548 2050,2581 1941,2582"/>
                <Baseline points="1944,2616 1983,2617 2022,2619 2062,2620 2101,2622 2141,2624 2180,2626 2220,2630 2259,2632 2299,2635 2338,2638 2377,2641 2417,2643 2456,2646 2496,2649 2535,2651 2575,2652 2614,2654 2654,2655 2693,2657 2733,2657"/>
                <TextEquiv>
                    <Unicode>gwusst hat, das er In herre</Unicode>
                </TextEquiv>
            </TextLine>
            <TextLine id="r2l28" custom="readingOrder {index:27;}">
                <Coords points="1925,2715 2026,2712 2136,2763 2331,2719 2414,2752 2753,2760 2756,2723 2552,2717 2488,2647 2338,2706 2256,2652 2093,2695 2048,2658 1929,2653"/>
                <Baseline points="1931,2700 1971,2700 2012,2702 2053,2703 2094,2706 2135,2708 2176,2710 2216,2714 2257,2716 2298,2720 2339,2722 2380,2726 2421,2729 2462,2732 2502,2735 2543,2738 2584,2741 2625,2743 2666,2744 2707,2746 2748,2747"/>
                <TextEquiv>
                    <Unicode>nach wollen wolte er ein</Unicode>
                </TextEquiv>
            </TextLine>
            <TextLine id="r2l29" custom="readingOrder {index:28;}">
                <Coords points="1940,2797 2074,2814 2117,2852 2255,2859 2341,2827 2465,2880 2568,2835 2640,2870 2774,2845 2778,2785 2700,2758 2610,2798 2472,2746 2366,2779 2303,2735 2209,2783 2174,2756 2106,2767 2029,2715 1944,2737"/>
                <Baseline points="1947,2783 1988,2785 2029,2788 2070,2791 2111,2794 2152,2796 2193,2799 2234,2802 2275,2805 2316,2808 2358,2810 2399,2813 2440,2815 2481,2818 2522,2820 2563,2823 2604,2825 2645,2828 2686,2831 2727,2832 2769,2834"/>
                <TextEquiv>
                    <Unicode>meser In Ine gstosen haben</Unicode>
                </TextEquiv>
            </TextLine>
            <TextLine id="r2l30" custom="readingOrder {index:29;}">
                <Coords points="1926,2905 1999,2898 2075,2933 2146,2886 2211,2886 2352,2906 2417,2964 2587,2906 2752,2952 2788,2941 2794,2862 2754,2844 2666,2888 2608,2837 2455,2886 2389,2844 2307,2871 2071,2859 2009,2797 1931,2832"/>
                <Baseline points="1935,2858 1977,2863 2019,2867 2062,2871 2104,2875 2147,2879 2189,2883 2232,2887 2274,2891 2317,2896 2359,2898 2401,2902 2444,2906 2486,2908 2529,2911 2571,2913 2614,2916 2656,2918 2699,2919 2741,2920 2784,2921"/>
                <TextEquiv>
                    <Unicode>vnd wan er usso ine welle</Unicode>
                </TextEquiv>
            </TextLine>
            <TextLine id="r2l31" custom="readingOrder {index:30;}">
                <Coords points="1918,2938 2048,2991 2143,2953 2298,2977 2365,3034 2420,3000 2477,3030 2591,2998 2709,3046 2834,3031 2840,2967 2601,2964 2538,2936 2418,2964 2351,2908 2210,2945 2178,2916 1920,2916"/>
                <Baseline points="1923,2940 1968,2945 2013,2949 2058,2952 2104,2956 2149,2960 2194,2965 2240,2968 2285,2972 2330,2976 2376,2979 2421,2984 2466,2988 2511,2990 2557,2995 2602,2999 2647,3003 2693,3007 2738,3013 2783,3017 2829,3021"/>
                <TextEquiv>
                    <Unicode>er im ein Letzt geben, deselben</Unicode>
                </TextEquiv>
            </TextLine>
            <TextLine id="r2l32" custom="readingOrder {index:31;}">
                <Coords points="1928,3038 1994,3083 2167,3046 2242,3103 2326,3067 2533,3091 2617,3070 2689,3121 2778,3116 2783,3058 2702,3069 2580,3026 2496,3050 2420,2999 2374,3035 2308,3032 2227,2976 2066,3016 2015,2972 1933,2971"/>
                <Baseline points="1934,3024 1976,3028 2018,3032 2060,3035 2102,3039 2144,3042 2186,3045 2228,3050 2270,3053 2312,3057 2354,3059 2396,3064 2438,3066 2480,3070 2522,3073 2564,3077 2606,3081 2648,3084 2690,3088 2732,3092 2774,3096"/>
                <TextEquiv>
                    <Unicode>Ist er sonst ni unred mit</Unicode>
                </TextEquiv>
            </TextLine>
            <TextLine id="r2l33" custom="readingOrder {index:32;}">
                <Coords points="1931,3153 2053,3119 2167,3176 2245,3133 2329,3149 2390,3204 2434,3175 2472,3206 2563,3156 2612,3187 2769,3185 2772,3115 2592,3093 2534,3133 2488,3090 2237,3109 2199,3079 1995,3084 1939,3059"/>
                <Baseline points="1941,3113 1982,3114 2023,3117 2064,3119 2105,3122 2146,3125 2187,3127 2228,3131 2269,3135 2310,3138 2352,3142 2393,3145 2434,3149 2475,3153 2516,3157 2557,3160 2598,3165 2639,3168 2680,3173 2721,3176 2763,3180"/>
                <TextEquiv>
                    <Unicode>Rupteg so vrs gethan sye es</Unicode>
                </TextEquiv>
            </TextLine>
            <TextLine id="r2l34" custom="readingOrder {index:33;}">
                <Coords points="1943,3204 2117,3198 2495,3266 2590,3252 2691,3310 2780,3269 2784,3226 2570,3221 2525,3192 2493,3214 2433,3188 2370,3203 2251,3160 2115,3176 2052,3120 1948,3148"/>
                <Baseline points="1950,3195 1991,3197 2032,3199 2073,3201 2115,3205 2156,3207 2197,3211 2238,3215 2280,3218 2321,3221 2362,3226 2403,3228 2445,3233 2486,3237 2527,3241 2568,3244 2610,3248 2651,3252 2692,3256 2733,3260 2775,3263"/>
                <TextEquiv>
                    <Unicode>tun Voller er mfner wys</Unicode>
                </TextEquiv>
            </TextLine>
            <TextLine id="r2l35" custom="readingOrder {index:34;}">
                <Coords points="1960,3311 2042,3353 2079,3349 2119,3364 2189,3352 2234,3375 2259,3361 2284,3365 2291,3266 2222,3270 2205,3258 2182,3273 2147,3270 2112,3243 2077,3254 2018,3214 1986,3237 1967,3233"/>
                <Baseline points="1968,3284 1994,3286 2020,3287 2046,3288 2072,3290 2098,3291 2125,3294 2151,3295 2177,3298 2203,3302 2229,3306 2255,3312 2282,3318"/>
                <TextEquiv>
                    <Unicode>gschehenen.</Unicode>
                </TextEquiv>
            </TextLine>
            <TextEquiv>
                <Unicode>62
an Erot vnd gebt ghephtt
vnd dlems ewussen ea
Furleten hab er armunt
halb. Dem muller Ztoub
zwoy mes mehn entfrömtder
Er hatt ouch anzeigt als iun
der warbelngfangen das er
fured und bspantlich g pe
als inn der wreybel gfangen
er zu Demselben weybel
3
gsprochen ir rachen mit
und land ander gen die ss
baß verschuldt als der gesagee
weybell gfragt wen er mein
hab er im grantwirt aber
vnder Eun, vnd hiemit an¬
zeige daz deselben Teybels
ien dem Hans Studeren
zu asthlib mat ein bost nüt
frombdet vnd dasselbig alhie
vff fryei merckt verkontt
werde sich ouch alß er finde
Itt₎ das er dem weyvel
prosmen und gsagt, wan er
gwusst hat, das er In herre
nach wollen wolte er ein
meser In Ine gstosen haben
vnd wan er usso ine welle
er im ein Letzt geben, deselben
Ist er sonst ni unred mit
Rupteg so vrs gethan sye es
tun Voller er mfner wys
gschehenen.</Unicode>
            </TextEquiv>
        </TextRegion>
    </Page>
</PcGts>
