3024 4032
1111 459 1776 668 Vergetegen
1238 553 1792 781 betisten
983 766 1812 971 Tagnes Mallagen vonssen
991 845 1775 1047 befragt u was ursachenn
993 942 1740 1115 als inn ein Louffer wie er
1001 1022 1795 1204 auch er maln alhie pfangen usin
1011 1130 1795 1264 gvn Wens zu eiem vatter
996 1210 1756 1349 bleytten sollen, zuu Boll sich
971 1288 1808 1441 von dem Couffern verborse
986 1362 1791 1522 und widerumb hiehar wers,
993 1464 1765 1599 von im gluff daruf er
950 1551 1785 1654 aweigt da inne ein stall
966 1607 1813 1753 kecht zu Bol alß uffgwisen
984 1690 1782 1826 das er widerumb ins entsten
971 1774 1800 1901 land zwih sol, dann sin vatter
947 1848 1802 1992 wurde zn wan er zu im fan
992 1927 1784 2085 hie vnd dorn thun vnd In als
986 2030 1742 2134 wald vnd schlaken. e Er
967 2098 1790 2248 habe aber sye seiner ersten
988 2192 1776 2339 pfang enschaft nitze ent
928 2276 1799 2402 Fromvden Sonders sich side,
955 2363 1802 2516 jhar im closter sann urban
952 2446 1824 2588 und sonst by zweyen meysten
918 2556 1443 2682 Enthaltten
1016 2691 1784 2833 Niclans flier de bioley¬
962 2787 1782 2933 Orgicntla der vterschaffe
971 2886 1766 3046 Mstharlin har anzeigt
967 2965 1776 3118 das ser zu Hettel am mern
962 3028 1764 3212 gsin dann er gen Lurern
945 3114 1792 3292 zu Eiem Bruder so er da¬
961 3202 1792 3356 selbst hab gwollen daselbst
970 3287 1787 3472 Ehr zu einem Landtstrucher
2686 265 2805 359 1267
1891 319 2800 574 fonnn̄ dem er frenor hab
1894 453 2850 666 zu wvon ettws selts fùrgsenze
1886 539 2849 741 demsselben er solich gelt gchonschn
1892 608 2833 819 welch im ✳ an derselben shuld
1919 705 2781 889 Ein schwerden geben, vnd hie
1918 791 2772 955 mit dern im gflochen ann
1904 865 2766 1034 dem der fuestersthund des
1902 938 2785 1149 dasselbig schwerdt ysin komen
1890 1036 2768 1211 im dasselbig gnomen und
1908 1134 2768 1286 darumb gfangn worden
1913 1363 2785 1534 Blayse Brux à Biex us
1929 1478 2774 1622 dr Lanndt nogi Bransen
1932 1584 2798 1716 hat anzeigt, das er zu hatwil
1903 1637 2765 1787 im spital zwoy hanbder
1930 1750 2807 1889 zwaschen geben ain dem einer
1949 1826 2742 1969 s in vormals als sy zuͦ
1929 1926 2786 2009 Anenburg mit einanderen
1916 1993 2823 2112 die brant trag ehent und
1937 2058 2842 2201 anzu im konden, anim ver¬
1946 2164 2785 2303 mogen, das er im p Erntzer
1942 2233 2790 2395 uff ein hut vi par henschu
1948 2326 2812 2473 slich mit Janzeig frebt den
1949 2421 2818 2554 hur und kentsche in einer
1971 2488 2769 2631 tnnd widerlosen uff
1973 2588 2895 2739 das er den hur und die henschu
1931 2671 2847 2822 in busen gstoen welches ein
1935 2741 2893 2904 frauwer er sach und gmeint
1961 2844 2828 3010 er hab den eir und hendschu
1959 2916 2897 3109 gstellen und in angelitz nach
1956 3002 2176 3083 Lasten
1968 3138 2847 3339 Diß wend sonst kheiner
1988 3231 2788 3433 unszhandlung eured sin
