3024 4032
694 152 1509 401 er Schgrhelen osfe
655 229 1479 487 mn geen wichte
646 430 1546 701 zu Ederngesegen
647 579 1486 794 wie das er uff ein gott
637 641 1520 886 zu siiner frouwen sol gesagt
638 765 1525 956 habten, er wel Hnns weles
645 846 1492 1073 hus, daselbst um kronen
615 953 1515 1163 Etuck daruff er anzege
624 1086 1484 1274 es mochtts inn voller wys
636 1162 1019 1331 bschechen si.
655 1333 1485 1550 zum Gritt im ouch für¬
621 1410 1479 1633 schept, das er zu frauchml
581 1550 1520 1740 n seiner vrrty ußgassen
583 1678 1517 1830 haben sol ja der obygler sin
611 1770 1488 1934 nachvur gstelle sich lein er
593 1835 1473 2039 mass inn doch sag lasen
598 1962 1519 2138 das vn im sin frouwen ghalsen
572 2058 1466 2221 hierüber er getanttwurt das
587 2168 1440 2321 er solichs nit sonders also
584 2256 1478 2432 gsahn er habe, sins nach
593 2349 1455 2535 pure des Wolers frouw
560 2452 1445 2613 Domaln als er von jien
518 2580 1512 2717 Geste zu ir gangen mit ghalsen
590 2641 1493 2787 aber was vor demselben
1121 2733 1192 2805 in
562 2761 1454 2916 bschechn sye, dar umb woll
562 2852 1360 3020 er keein End schweren,
561 3032 1421 3199 zum viertt im ouch₎ für¬
549 3138 1499 3313 gehalten als im wol gewußt
2505 96 2587 187 33
1728 170 2641 342 wie er inn ein span mit
1693 247 2696 458 dem prednanten zu Papfers
1732 368 2609 567 will komen ✳ soe deszhalb
1737 479 2641 656 an eig wie sich die sachen
1721 576 2653 780 verluffen, also haet er angegt¬
1737 684 2648 837 da sy beid zu Papfers wil
1710 780 2610 978 by des kilchmeyers hus
1746 893 2615 1057 zusammen komnen, da der pre¬
1740 1015 2605 1178 dieant zu im gsagt sam.
1736 1116 2636 1279 mitwüch sol er dem vogt
1707 1229 2645 1378 zuorgen kothen, dann sy woln
1753 1310 2634 1460 wollmit die kilchen rechtt
1718 1419 2671 1572 verhoren, da er im zu ant
1745 1538 2597 1652 wirt gebe, nei Herr ich
1724 1588 2607 1713 wirden es it ihnn dann
1733 1693 2626 1850 ich die warr etschaft ufgeben.
1718 1781 2593 1941 Spräche daruf der pre¬
1727 1907 2609 2033 diekant, so wol aber er im
1733 1966 2617 2151 kochen so votte er Barri
1737 2088 2617 2230 zu Im er mochte es wol
1742 2175 2620 2309 thun, als der prederannt
1725 2259 2640 2424 wych gsprochen (warii erb
1733 2373 2632 2530 nit thun ewol, hab er Im
1751 2463 2567 2627 anzeigt, darmi da er der
1751 2542 2569 2709 vordwant win verkusfe
1746 2632 2615 2781 and die niteng darvon
1757 2728 2625 2893 neine, vnd mit doruon
1735 2833 2602 2967 geb. vnd er die rauernen
1753 2926 2637 3093 szallen mußte vnd er sein
1736 3023 2615 3178 eer schaden hate, dann er
1715 3107 2632 3262 vnd darun hatte er die
1722 3227 2628 3360 tauernen. offgebenn
2643 989 2685 1079 1
