3024 4032
806 364 1646 543 zuo Einer Edlen frouwen
715 484 1629 686 Aener von fruff seshaht
774 544 1591 763 kommen sy dero sy achtt
783 657 1661 861 far und vier monat se
765 751 1625 934 dient ✳ und lentlich mit
761 868 1620 1026 derselbigen san Jyonn
789 941 1636 1127 pfasen, da selbst sy iich mit
721 1034 1624 1217 Einem gnuspt batchlome
778 1168 1643 1301 müller unsig ust der stat
743 1240 1624 1402 von getlichet dr enselben
740 1330 1615 1514 sy allei iun wuchen ihept
683 1441 1669 1617 In der ist er pa emskindt
752 1539 1662 1714 Ich wanger gmacht und als
785 1673 1646 1807 ssy mit irem man hiher
771 1730 1650 1897 wartts hein zwollen ✳ sye
753 1816 1610 1977 Ir man in mihl anennt
749 1913 1643 2085 truff gstork und sye solichs
746 2022 1664 2182 Def verschinenn Sant Johens
740 2118 1638 2277 tag ein jar gsin ✳ das
773 2186 1652 2336 widerum von Hon korten
794 2295 1643 2458 ve und von demselben jr
733 2395 1637 2558 man hab sy em fos sein
762 2476 1677 2645 unhier ung und andern
742 2595 1534 2747 gtum uberkomen das
749 2652 1690 2845 Alles gan Fryberg gefertge
754 2779 1624 2944 darnach alhr zog unnd
763 2852 1661 3056 alhie in wurchnor der lieche
747 2948 1647 3156 maßen an der schonblingassen
697 3030 1671 3266 In einem husz des kindts
749 3148 1644 3356 gnäsen welches ind alhie
739 3264 1608 3474 Innamen irs mans des
2633 245 2746 342 94
1751 327 2766 541 kindts vatter getoufft und
1768 439 2734 639 durch petter sterllenn und
1795 539 2741 770 petter Heimparts frouwen
1761 624 2772 827 als dem toufgeheppt dem
1776 716 2749 933 mndch ✳ syr sy mit demselb₎n
1776 852 2735 1033 irem kinnd ds sy in einer
1776 955 2733 1123 Wiegen trag gan Frebers
1806 1027 2743 1226 gang₎ und den ispral
1801 1143 2694 1323 megster gebat ira das ros
1798 1254 2747 1392 so s von irem man obar
1760 1322 2772 1509 fgbinen Euuerkouffen, das er
1782 1428 2695 1609 f aber dumb wegs den
1766 1540 2720 1711 ellen deshalb sy zupfaren
1769 1648 2754 1811 und d vost in an fronen
1782 1742 2778 1911 verkoufft vnd stilschwegen
1788 1843 2757 2000 das kind in der jeg₎ für
1772 1948 2779 2109 den spral gstelt daselbst
1799 2032 2750 2197 g bind ir fleisch und beut
1788 2145 2761 2288 vrlasen und ir mitlichen wei
1806 2221 2761 2384 an im vergesen und wider
1793 2301 2730 2493 umb alhar zog, als darnach
1793 2394 2775 2559 der Stpnalmeyster vernomen
1763 2462 2736 2670 d d nd ir gsen hab er
1806 2586 2614 2734 ein pfund des Geles
1804 2687 2740 2874 man Ihseren das dos zehend
1803 2754 2741 2966 schuldig gei, ouch dem trog
1820 2893 2706 3046 s v costen zu des
1779 2966 2642 3189 sonals Han₎ gezogn
1799 3193 2674 3433 Denne ist sy befragt
