3024 4032
925 379 1697 597 uff pfrngst₎ sye ein darnerk
913 508 1694 674 zu Murren pfan. Da here er
883 557 1705 748 sunste ein trieff und v f
897 643 1690 840 offzercht dan er fienor viel
887 760 1706 933 by demsolben schryber schryben
941 840 1709 1022 assen. Da krme, diß fenn
883 941 1684 1099 ouch dahin, vnd spreche zu im
887 1029 1679 1189 ob wir vnsere soch duch mitt
882 1126 1684 1264 gradt mahen welltten daruff
901 1189 1661 1353 y in der schrybers ysondt
859 1288 1669 1433 husskhommen, vnnd allso den
852 1381 1696 1546 Shreff anreb₎ und iwen jngen
845 1481 1679 1640 Lassen dem stellen siye der
861 1595 1682 1733 iin von biell der guler aber
848 1667 1699 1824 von Frybung ✳ so er mit khennt
854 1766 1716 1919 dan die an dahin gmärttt fon
864 1850 1679 2000 und ob der brieff angeb₎n und
841 1949 1660 2106 uffgrehtt worden, habe er fra
859 2058 1688 2191 darvor 2 agt dinck geb₎n den
850 2147 1707 2269 einen dem müller Jacob Mupsen
875 2209 1709 2367 der In gmallen, vnd sy gessen
849 2316 1684 2442 Der ander aber sye im wider
874 2403 1697 2556 von Fryben₎ hnskommen ud im
856 2472 1637 2653 eefin wordenn, sunst sye
835 2584 1684 2730 fen das korn nitt volkomenlch
843 2656 1734 2797 wordenn, aber ir Mannstes
850 2740 1645 2945 sye i jme by xxxv f
809 2838 1730 3043 schulldig gster, das habe er hiee
824 2963 1661 3128 mitt ira abverrechteett und
802 3009 1658 3209 allso abzogen, ledach so
822 3130 1693 3326 habt In Erlich korn von
2655 272 2787 376 104
1865 378 2747 609 Niheel Bereschen zu Poffs husernn
1877 517 2704 690 olen werden, vnd so ime
1850 617 2712 769 dasselbig worden were wette
1866 669 2742 850 er Ira die 12 an velkom.
1863 763 2717 942 enlich ussprihft ✳ unnd das
1860 843 2652 1022 geltt dee xexv l s
1858 948 2727 1148 sy ime schulldig llüben
1814 1039 2753 1217 uff er hus gschras haben
1911 1156 2633 1302 Lunders ✳ sye es mit
1874 1258 2218 1392 brgangen
1900 1544 2670 1687 uff E. obbmelttem tag in
1921 1620 2725 1789 gegenwürttig kheyst allsobstan
1865 1835 2649 2012 Iste Benndihtt marmott der
1883 1947 2658 2073 schnyder alhie in der koffi
1866 2033 2724 2183 bfragtt usz was ursachen ✳ alls
1893 2127 2742 2259 man in greychtt wie sin frauw
1887 2219 2785 2349 sterben wellen, das er gesprochen
1871 2286 2688 2430 si konne woll starben an
1887 2385 2704 2509 mich er musse fra massen
1901 2489 2154 2600 famien
1882 2627 2772 2782 daruff er anzouett, Namlich alls
1883 2715 2738 2869 es sich begeben, das sin frouw
1884 2800 2732 2942 vllig von mittschellig waßen, aus
1872 2868 2722 3011 forgeihtt beschickt, das sy do¬
1886 2966 2783 3100 malen erschrock ie das sy uns
1865 3024 2748 3206 kinde komen, da habe er
1865 3139 2809 3281 fra alltag ein maß nin kauffet
