3024 4032
681 185 1403 389 denne so sye er unlangest
658 278 1427 468 liener, alhie zu kunle dem
646 331 1451 541 küffer khomen, mitt anzons, der
664 433 1474 631 von zu frienisperg, lasse in
641 532 1474 713 bitten jme dieb s. gelistn
645 608 1432 795 das er bundli gehan, aber
622 711 1466 910 der sein habe Im mit bevolhen
630 792 1435 962 Jedoch, siye der dick ich dem
634 882 1425 1065 funli wider worden, Irtem
644 982 1460 1144 alls er von Frwnisteng heweg
619 1077 1442 1235 zogen, sye er gan murn und
615 1166 1457 1315 frybung gang₎ darual wider
626 1232 1420 1389 vff bern zu zogen. Da er
594 1346 1454 1496 in einem wirtts fusz by einem
488 1428 1482 1597 froublgstellen uber nahr gosn, morndes
614 1538 1443 1686 alls er wider uff friensten
601 1618 1459 1753 zuͦ gwellen ✳ sye im uff der
594 1714 1450 1855 stras ein meyttli begegnett ✳ mitt
584 1811 1467 1949 dan er spanffe alls sy noch ei
572 1892 1446 2037 Euoster konen habe ers flusfen
590 1977 1502 2123 und uff gieserkeidt zuͦgansen ✳ allh
608 2085 1433 2204 vber Naht gligen darnah
595 2161 1474 2289 von einem dorff im andern ✳ bisz
600 2234 1453 2391 er gan kapellen komen, da er
581 2333 1370 2466 zu einem prwyster geduffen.
593 2408 1496 2558 und daselbs gedienett ✳ des enstis
573 2511 1506 2645 halb by der zendeschur zu bargen
605 2586 1441 2726 so ufsprochn worden und den
600 2665 1443 2793 troschernn ettlik fwey der und
600 2739 1462 2903 yß druß solle gromemn sein
593 2835 1482 2972 darunn wüsse er gantz mir gesaßen
596 2909 1476 3073 bundens alls das bsthih sye sie
593 3006 1488 3133 er domalln diestelbe mahr in
599 3089 1463 3216 Ans meysters fnß zu Cappellen
589 3174 1464 3332 gsin, semlchs werde der mryster
2455 47 2519 126 23
1668 189 2423 390 von im sagen, deszhalb er
1657 309 2284 502 hern nie geldig sy
1648 386 2488 605 Item und das er nachtts uff
1668 494 2445 667 dem friemisperg ✳ ine holtz
1650 579 2524 777 Ersechen sise, hatt er anoufftt
1627 663 2520 858 alls der vogtt dnselbs ewen
1639 704 2566 913 fnaben gan born hein gschickt
1678 854 2407 992 vnnd alls die am abentt
1658 883 2550 1084 widerum ium kuoster zu kamen
1646 1011 2592 1215 habe er die vff der wislorn,
1653 1092 2501 1304 vnd sy in ouch ersechen. in
1647 1210 2628 1368 dan er inen zugschruwen beyttedt
1641 1283 2550 1455 willens mirt Inen Ins Kroster
1628 1396 2543 1566 hiab gegan, aber die knaben
1651 1500 2571 1662 gffrochen, sunst habe er weder
1646 1605 2502 1743 Inen noch neinants andern
1630 1669 2619 1845 keinen schaden begeren zuzefugen.
1653 1811 2119 1949 noch geschedigen.
1625 1940 2484 2066 in dem das ergezigen wil
1655 2051 2534 2152 er mitt der unwanheytt gern
1661 2114 2508 2250 vn gange, hatt er anonfftt
1649 2187 2479 2303 Es sye mit an, dan das
1662 2275 2553 2391 es ein mall oder mooy von
1649 2353 2589 2510 wagen des gnommen schwertte
1649 2456 2581 2587 vnd des dick. d. so funclis
1661 2532 2572 2694 gsin grogen. Sunst habe er
1658 2655 2609 2788 me memants wycher ninett gnon
1648 2736 2563 2852 noch ver untruwott bitdtt min
1635 2815 2534 2965 g hu vn gnadt, ist erlich
1658 2904 2629 3054 ar uffzos, nahwerts mit dem
1669 2988 2601 3126 kleinen stein, um dritten mall
1658 3081 2639 3235 mitt dem mittosten stein zum Eldenst
1651 3154 2659 3317 buuch wegenet zeutier vnd ef
1688 3258 2596 3418 will mit wich kantich sin,
2643 854 2671 916 6
