3024 4032
621 244 1516 472 er awouftt wie im sin vater
635 331 1466 594 f dessen freng shlen
642 460 1492 625 untrag zemen, habe er ein
598 521 1488 749 knaben gsech, den er mit kheig
584 629 1464 830 by der kilster, da nin ich.
587 733 1476 927 schullheyß Neyper inher gode
579 830 1476 981 sed dem kilheoff mit wycht
604 914 1500 1093 an der sellit beissen dasole.
625 1022 1431 1168 vnd alls er sinen Inen
598 1148 1439 1286 worden, habe er der fych
572 1231 1509 1377 than, alls er die fenster daselbe
580 1324 1433 1480 anschouwe, hiemit ich gstegtt
570 1429 1445 1536 vnd ettwas vnder den Rock
571 1491 1456 1656 gstosen, wüsse aber nit was
599 1591 1004 1752 es gsein sye.
893 1813 1473 2007 uff obbemellen noh
595 2017 1477 2197 ist Ulli Geynman von Sofp
584 2111 1441 2266 In der koffi befragtt von
600 2207 1418 2345 was Ertlih diebstellen ✳ und
575 2281 1427 2439 bossen anzwangt sach halb
584 2367 1334 2528 Darmnet er amm gange.
605 2505 1404 2664 daruff er anzonget, alls in
591 2613 1474 2764 der vogtt von Wanff spenckli
596 2701 1436 2850 angnang. Haber er bekhent.
579 2774 1490 2929 das er dem nargto dasecbz
582 2878 1403 3028 ein par schu gnomen, und
584 2973 1365 3102 alls der wirtt mitt dn
581 3045 1458 3221 jans und ettwas arhwens uff
596 3161 1375 3311 In heptt, habe er die
2539 209 2630 283 42
1755 282 2619 457 schu so er In seinem bemell
1766 375 2623 534 sheytt uff der strasz usche
1744 462 2617 644 gos die ins tob gstosen
1738 545 2643 706 Jedoch darnach dieselben dem
1737 662 2666 779 witt widerun verzeyptt ✳
1734 746 2574 910 denne eines radts halb
1761 834 2607 1002 man in guhen, das er solle
1735 939 2617 1085 enttfrombdet han. hatt er
1750 1018 2634 1191 amigtt Er habe sinem nah¬
1725 1116 2588 1261 suren Hens baderli uff ein
1744 1218 2610 1371 zytt ein radt von sinem hus
1729 1308 2663 1471 wasen, mitt angaug er habe saull
1727 1410 2598 1557 zwallits an ai ghan, doch
1712 1503 2651 1663 habe Bemeliter Faderli stules
1714 1619 2636 1750 woll gwaͤset und im anzoifftt
1700 1687 2603 1851 wil es hause habe darach
1703 1790 2658 1954 daselb Radt wider zerschente
1712 1884 2686 2051 fan us pheysz des Peyweybes
1698 2002 2618 2137 danntt es gunet wurde wie
1767 2070 2678 2226 vorhin und symt um dasalb
1699 2180 2680 2351 woll vereinbarett und vsprichen
1717 2285 1948 2382 worden,
1694 2383 2593 2556 denne im janer erieg
1713 2486 2563 2647 habe er in thurn, em
1712 2573 2281 2717 par ofu pnomen.
1686 2727 2640 2900 fet des farren halb darin
1687 2811 2641 2986 Er anzogt solle im gwarttet
1709 2907 2608 3083 han, hatt er anzaihtt es
1723 2970 2605 3158 sy einen so by dem wirtt
1705 3107 2617 3256 zu offfurtt dienett, seye er
1701 3194 2635 3381 mit demselben, alls er henn¬
