<?xml version="1.0" encoding="UTF-8" standalone="yes"?>
<PcGts xmlns="http://schema.primaresearch.org/PAGE/gts/pagecontent/2013-07-15" xmlns:xsi="http://www.w3.org/2001/XMLSchema-instance" xsi:schemaLocation="http://schema.primaresearch.org/PAGE/gts/pagecontent/2013-07-15 http://schema.primaresearch.org/PAGE/gts/pagecontent/2013-07-15/pagecontent.xsd">
    <Metadata>
        <Creator>prov=University of Rostock/Institute of Mathematics/CITlab|PLANET AI GmbH/Gundram Leifert/gundram.leifert@planet-ai.de:name=German_Kurrent_XVI-XVIII_M1(htr_id=19584)::::v=2.6.6
prov=University of Rostock/Institute of Mathematics/CITlab|PLANET AI GmbH/Tobias Gruening/tobias.gruening@planet-ai.de:name=de.uros.citlab.module.baseline2polygon.B2PSeamMultiOriented:v=2.6.6
prov=University of Rostock/Institute of Mathematics/CITlab|PLANET AI GmbH/Tobias Gruening/tobias.gruening@planet-ai.de:name=/net_tf/LA73_249_0mod360.pb:de.uros.citlab.segmentation.CITlab_LA_ML:v=2.6.6
Transkribus</Creator>
        <Created>2020-10-11T13:10:38.213+02:00</Created>
        <LastChange>2022-09-09T15:21:02.409+02:00</LastChange>
        <TranskribusMetadata docId="1334770" pageId="52353396" pageNr="109" tsid="114634951" status="IN_PROGRESS" userId="9570" imgUrl="https://files.transkribus.eu/Get?id=QQUBFHFEWCVZTWCGPZDHOSID&amp;fileType=view" xmlUrl="https://files.transkribus.eu/Get?id=ZTTOVEDXQEMFPBRBANJJGDRP" imageId="16491470"/>
    </Metadata>
    <Page imageFilename="IMG_2339.JPG" imageWidth="3024" imageHeight="4032">
        <ReadingOrder>
            <OrderedGroup id="ro_1687514100865" caption="Regions reading order">
                <RegionRefIndexed index="0" regionRef="r1"/>
                <RegionRefIndexed index="1" regionRef="r2"/>
            </OrderedGroup>
        </ReadingOrder>
        <TextRegion orientation="0.0" id="r1" custom="readingOrder {index:0;}">
            <Coords points="804,423 804,2822 1716,2822 1716,423"/>
            <TextLine id="r1l1" custom="readingOrder {index:0;}">
                <Coords points="853,472 926,530 1030,471 1142,552 1198,518 1320,521 1536,563 1597,615 1647,605 1658,503 1554,527 1389,464 1301,483 1155,380 1045,429 863,405"/>
                <Baseline points="861,459 900,466 939,473 978,478 1017,483 1056,488 1095,492 1135,497 1174,502 1213,506 1252,511 1291,515 1330,521 1369,526 1409,532 1448,539 1487,547 1526,556 1565,564 1604,574 1644,585"/>
                <TextEquiv>
                    <Unicode>bogli daselbs, aber mit bes</Unicode>
                </TextEquiv>
            </TextLine>
            <TextLine id="r1l2" custom="readingOrder {index:1;}">
                <Coords points="837,606 884,605 915,624 965,581 1035,585 1073,569 1177,601 1181,549 1140,551 1116,529 1073,544 1001,545 985,532 926,529 890,507 844,508"/>
                <Baseline points="846,560 871,556 896,554 921,554 946,554 971,555 996,558 1022,560 1047,563 1072,567 1097,570 1122,572 1147,574 1173,575"/>
                <TextEquiv>
                    <Unicode>ghanwit ✳</Unicode>
                </TextEquiv>
            </TextLine>
            <TextLine id="r1l3" custom="readingOrder {index:2;}">
                <Coords points="859,686 1243,731 1274,766 1384,746 1418,775 1574,781 1637,821 1678,807 1688,727 1532,731 1472,660 1394,691 1317,642 1238,689 1123,695 869,603"/>
                <Baseline points="864,698 904,699 945,702 985,705 1026,708 1066,713 1107,717 1147,722 1188,726 1228,731 1269,737 1309,741 1350,746 1390,752 1431,758 1471,764 1512,770 1552,776 1593,782 1633,788 1674,795"/>
                <TextEquiv>
                    <Unicode>Vber vnner In Einem dorff</Unicode>
                </TextEquiv>
            </TextLine>
            <TextLine id="r1l4" custom="readingOrder {index:3;}">
                <Coords points="855,767 923,824 950,806 994,840 1047,803 1138,826 1170,809 1276,818 1316,851 1419,831 1664,877 1667,831 1468,819 1336,749 1204,787 1167,742 1126,766 1039,707 858,738"/>
                <Baseline points="861,770 900,775 940,780 980,784 1020,788 1060,793 1100,797 1140,802 1180,807 1220,811 1260,817 1299,820 1339,826 1379,830 1419,835 1459,840 1499,845 1539,850 1579,855 1619,860 1659,866"/>
                <TextEquiv>
                    <Unicode>by sollethern, Des namen er</Unicode>
                </TextEquiv>
            </TextLine>
            <TextLine id="r1l5" custom="readingOrder {index:4;}">
                <Coords points="797,876 1000,879 1211,934 1268,900 1550,950 1575,893 1528,894 1491,851 1416,888 1349,858 1265,873 1169,810 1118,809 1055,854 908,824 801,842"/>
                <Baseline points="804,863 842,864 880,867 918,870 956,873 994,877 1032,880 1070,884 1108,889 1146,892 1185,897 1223,900 1261,905 1299,910 1337,914 1375,917 1413,921 1451,924 1489,927 1527,930 1566,932"/>
                <TextEquiv>
                    <Unicode>mitt wusse, mitt ener</Unicode>
                </TextEquiv>
            </TextLine>
            <TextLine id="r1l6" custom="readingOrder {index:5;}">
                <Coords points="845,972 997,1014 1095,972 1135,1011 1173,985 1345,998 1426,1067 1544,1024 1601,1084 1686,1050 1694,973 1566,980 1497,935 1392,965 1099,953 1004,888 851,910"/>
                <Baseline points="852,966 893,965 935,965 976,966 1018,967 1059,969 1101,972 1142,975 1184,978 1225,983 1267,987 1308,990 1350,995 1391,1001 1433,1006 1474,1011 1516,1016 1557,1021 1599,1027 1640,1031 1682,1037"/>
                <TextEquiv>
                    <Unicode>wysen gurren eschaff₎ ghoft</Unicode>
                </TextEquiv>
            </TextLine>
            <TextLine id="r1l7" custom="readingOrder {index:6;}">
                <Coords points="842,1073 1076,1069 1123,1121 1251,1090 1329,1157 1462,1091 1499,1125 1667,1113 1654,1066 1576,1083 1464,1047 1428,1067 1377,1014 1314,1061 1084,1021 961,1040 899,977 850,970"/>
                <Baseline points="849,1062 889,1062 930,1062 970,1062 1011,1064 1052,1065 1092,1067 1133,1070 1173,1072 1214,1076 1255,1079 1295,1083 1336,1086 1376,1090 1417,1093 1458,1097 1498,1100 1539,1103 1579,1107 1620,1110 1661,1113"/>
                <TextEquiv>
                    <Unicode>da er uff ein stack gstand</Unicode>
                </TextEquiv>
            </TextLine>
            <TextLine id="r1l8" custom="readingOrder {index:7;}">
                <Coords points="856,1161 953,1146 1062,1197 1132,1168 1272,1204 1363,1182 1436,1226 1566,1247 1619,1224 1669,1272 1700,1264 1708,1168 1628,1111 1513,1171 1406,1141 1326,1155 1289,1118 1122,1121 1078,1070 860,1112"/>
                <Baseline points="864,1142 905,1147 947,1151 989,1153 1030,1155 1072,1159 1114,1161 1155,1164 1197,1166 1239,1167 1281,1170 1322,1172 1364,1175 1406,1178 1447,1182 1489,1186 1531,1192 1572,1197 1614,1204 1656,1211 1698,1220"/>
                <TextEquiv>
                    <Unicode>und bose weich mit drafflegt</Unicode>
                </TextEquiv>
            </TextLine>
            <TextLine id="r1l9" custom="readingOrder {index:8;}">
                <Coords points="863,1302 975,1311 1015,1289 1131,1347 1270,1308 1354,1366 1454,1336 1647,1355 1650,1306 1623,1295 1454,1300 1354,1246 1275,1273 1156,1194 1015,1266 870,1210"/>
                <Baseline points="870,1292 908,1292 947,1292 985,1293 1024,1294 1062,1296 1101,1298 1139,1301 1178,1304 1216,1306 1255,1310 1294,1314 1332,1317 1371,1320 1409,1323 1448,1328 1486,1331 1525,1334 1563,1338 1602,1340 1641,1343"/>
                <TextEquiv>
                    <Unicode>Dene daselbs ouch mitt einer</Unicode>
                </TextEquiv>
            </TextLine>
            <TextLine id="r1l10" custom="readingOrder {index:9;}">
                <Coords points="858,1380 1072,1391 1125,1432 1220,1394 1285,1425 1455,1415 1537,1451 1589,1421 1646,1435 1650,1380 1593,1347 1493,1389 1417,1382 1379,1346 1065,1361 931,1304 861,1333"/>
                <Baseline points="864,1371 902,1373 941,1374 980,1377 1019,1379 1058,1381 1097,1383 1135,1386 1174,1389 1213,1392 1252,1394 1291,1398 1330,1401 1369,1404 1407,1408 1446,1411 1485,1413 1524,1418 1563,1421 1602,1424 1641,1428"/>
                <TextEquiv>
                    <Unicode>brunde guren die er In</Unicode>
                </TextEquiv>
            </TextLine>
            <TextLine id="r1l11" custom="readingOrder {index:10;}">
                <Coords points="883,1523 918,1533 1031,1470 1111,1489 1158,1538 1251,1491 1289,1494 1332,1542 1408,1500 1627,1521 1630,1446 1531,1475 1398,1412 1286,1459 1235,1428 1142,1451 1102,1415 1031,1421 961,1379 891,1389"/>
                <Baseline points="893,1455 929,1460 965,1463 1002,1467 1038,1471 1075,1474 1111,1477 1148,1479 1184,1482 1221,1484 1257,1487 1293,1488 1330,1491 1366,1493 1403,1494 1439,1496 1476,1497 1512,1499 1549,1499 1585,1500 1622,1500"/>
                <TextEquiv>
                    <Unicode>Ein weydt pfürtt orch</Unicode>
                </TextEquiv>
            </TextLine>
            <TextLine id="r1l12" custom="readingOrder {index:11;}">
                <Coords points="899,1568 971,1556 1063,1608 1123,1574 1577,1607 1640,1592 1642,1560 1573,1559 1511,1516 1452,1564 1392,1528 1333,1543 1298,1505 1249,1544 1168,1549 1082,1484 983,1529 900,1529"/>
                <Baseline points="905,1557 941,1559 977,1562 1014,1565 1050,1569 1087,1571 1123,1573 1160,1575 1196,1577 1233,1578 1269,1580 1305,1583 1342,1583 1378,1584 1415,1586 1451,1587 1488,1589 1524,1589 1561,1590 1597,1592 1634,1593"/>
                <TextEquiv>
                    <Unicode>io bosen willen mitt</Unicode>
                </TextEquiv>
            </TextLine>
            <TextLine id="r1l13" custom="readingOrder {index:12;}">
                <Coords points="837,1695 943,1667 1040,1692 1108,1665 1186,1730 1283,1691 1286,1620 1249,1632 1208,1599 1175,1612 1091,1590 1034,1623 954,1615 905,1633 840,1631"/>
                <Baseline points="845,1647 870,1648 895,1649 921,1650 946,1652 972,1652 997,1653 1023,1655 1048,1656 1074,1657 1099,1659 1125,1659 1150,1661 1176,1662 1201,1663 1227,1665 1252,1666 1278,1667"/>
                <TextEquiv>
                    <Unicode>fra frahet </Unicode>
                </TextEquiv>
            </TextLine>
            <TextLine id="r1l14" custom="readingOrder {index:13;}">
                <Coords points="817,1839 868,1860 945,1830 995,1857 1138,1816 1214,1876 1368,1835 1498,1849 1571,1895 1652,1864 1655,1756 1547,1790 1497,1773 1438,1808 1314,1759 1265,1785 1215,1760 956,1765 918,1728 818,1791"/>
                <Baseline points="824,1824 865,1823 906,1823 947,1823 988,1823 1029,1823 1070,1823 1112,1823 1153,1824 1194,1824 1235,1826 1276,1827 1317,1827 1358,1829 1400,1830 1441,1832 1482,1833 1523,1836 1564,1838 1605,1839 1647,1842"/>
                <TextEquiv>
                    <Unicode>Er habe ouch mit einer geys</Unicode>
                </TextEquiv>
            </TextLine>
            <TextLine id="r1l15" custom="readingOrder {index:14;}">
                <Coords points="863,1979 933,1988 992,1937 1069,1916 1101,1933 1167,1933 1211,1966 1274,1968 1274,1863 1243,1856 1180,1884 1128,1836 1103,1857 1032,1843 970,1864 941,1842 898,1877 863,1881"/>
                <Baseline points="869,1923 895,1920 922,1915 948,1913 975,1911 1002,1911 1028,1910 1055,1911 1081,1911 1108,1913 1135,1914 1161,1915 1188,1916 1214,1917 1241,1917 1268,1917"/>
                <TextEquiv>
                    <Unicode>ghandleet etc.</Unicode>
                </TextEquiv>
            </TextLine>
            <TextLine id="r1l16" custom="readingOrder {index:15;}">
                <Coords points="893,2043 1032,2042 1097,2080 1150,2046 1282,2041 1343,2095 1387,2056 1450,2054 1534,2109 1660,2103 1662,1969 1576,1929 1501,1989 1447,1991 1375,1939 1307,1983 1132,1938 1050,1973 1005,1949 894,2010"/>
                <Baseline points="899,2037 936,2036 974,2036 1012,2036 1050,2036 1088,2036 1126,2037 1163,2038 1201,2039 1239,2040 1277,2041 1315,2043 1353,2043 1391,2045 1428,2045 1466,2045 1504,2046 1542,2045 1580,2045 1618,2043 1656,2042"/>
                <TextEquiv>
                    <Unicode>und uff der fryer stras</Unicode>
                </TextEquiv>
            </TextLine>
            <TextLine id="r1l17" custom="readingOrder {index:16;}">
                <Coords points="867,2158 1167,2120 1248,2186 1334,2199 1464,2134 1562,2153 1700,2132 1681,2090 1534,2109 1449,2054 1359,2101 1287,2048 1218,2100 1029,2100 953,2045 867,2083"/>
                <Baseline points="873,2133 914,2131 955,2130 996,2129 1037,2129 1078,2129 1119,2129 1160,2130 1201,2130 1242,2132 1283,2133 1324,2134 1365,2135 1406,2136 1447,2136 1488,2136 1529,2136 1570,2136 1611,2135 1652,2132 1694,2129"/>
                <TextEquiv>
                    <Unicode>fer mitt ncht einmoren</Unicode>
                </TextEquiv>
            </TextLine>
            <TextLine id="r1l18" custom="readingOrder {index:17;}">
                <Coords points="905,2278 999,2312 1063,2266 1146,2317 1209,2255 1349,2251 1390,2281 1463,2246 1497,2270 1631,2232 1692,2248 1694,2161 1642,2142 1550,2204 1358,2193 1311,2227 1223,2222 1120,2152 1028,2193 901,2168"/>
                <Baseline points="911,2262 950,2261 989,2258 1028,2257 1067,2255 1106,2255 1145,2253 1184,2252 1223,2252 1262,2250 1301,2249 1340,2247 1379,2247 1418,2244 1457,2243 1496,2241 1535,2238 1574,2236 1613,2232 1652,2228 1691,2223"/>
                <TextEquiv>
                    <Unicode>znste siye er by 27 feen</Unicode>
                </TextEquiv>
            </TextLine>
            <TextLine id="r1l19" custom="readingOrder {index:18;}">
                <Coords points="883,2398 995,2357 1131,2384 1183,2351 1364,2338 1476,2381 1546,2333 1681,2316 1678,2249 1595,2292 1528,2246 1461,2297 1407,2268 1161,2321 1062,2268 1006,2315 935,2292 880,2328"/>
                <Baseline points="887,2357 926,2355 965,2352 1005,2351 1044,2349 1084,2348 1123,2346 1163,2345 1202,2343 1242,2342 1281,2340 1320,2339 1360,2337 1399,2336 1439,2333 1478,2331 1518,2328 1557,2326 1597,2324 1636,2320 1676,2318"/>
                <TextEquiv>
                    <Unicode>in disem landt gsin ud</Unicode>
                </TextEquiv>
            </TextLine>
            <TextLine id="r1l20" custom="readingOrder {index:19;} person {offset:12; length:6;}">
                <Coords points="869,2512 922,2520 1009,2448 1104,2459 1162,2505 1246,2433 1471,2495 1565,2430 1723,2432 1719,2363 1632,2396 1550,2350 1474,2381 1361,2341 1276,2374 1159,2356 989,2419 930,2385 864,2420"/>
                <Baseline points="872,2460 914,2457 956,2455 998,2452 1040,2450 1083,2447 1125,2445 1167,2442 1209,2441 1251,2438 1294,2436 1336,2433 1378,2431 1420,2430 1462,2427 1505,2425 1547,2423 1589,2421 1631,2418 1673,2417 1716,2415"/>
                <TextEquiv>
                    <Unicode>hir vnd har Ferlih dienen</Unicode>
                </TextEquiv>
            </TextLine>
            <TextLine id="r1l21" custom="readingOrder {index:20;}">
                <Coords points="880,2646 964,2611 1170,2610 1204,2586 1257,2612 1633,2605 1677,2589 1676,2506 1529,2545 1473,2523 1418,2566 1293,2528 1027,2579 909,2540 878,2561"/>
                <Baseline points="885,2610 924,2607 963,2604 1002,2601 1042,2599 1081,2597 1120,2595 1160,2595 1199,2594 1238,2594 1278,2593 1317,2592 1356,2592 1395,2592 1435,2592 1474,2591 1513,2591 1553,2589 1592,2588 1631,2587 1671,2585"/>
                <TextEquiv>
                    <Unicode>ist anmall Bar, das ander</Unicode>
                </TextEquiv>
            </TextLine>
            <TextLine id="r1l22" custom="readingOrder {index:21;}">
                <Coords points="866,2711 1009,2683 1176,2711 1253,2694 1339,2740 1410,2704 1522,2748 1659,2681 1658,2650 1569,2597 1530,2623 1475,2610 1443,2644 1237,2624 1198,2657 1132,2641 1095,2663 957,2629 865,2674"/>
                <Baseline points="872,2702 911,2698 950,2694 989,2692 1028,2690 1067,2688 1106,2687 1145,2685 1184,2685 1223,2684 1262,2684 1301,2684 1340,2684 1379,2683 1418,2682 1457,2682 1496,2681 1535,2679 1574,2677 1613,2674 1653,2670"/>
                <TextEquiv>
                    <Unicode>mall mitt dem grosen stein</Unicode>
                </TextEquiv>
            </TextLine>
            <TextLine id="r1l23" custom="readingOrder {index:22;}">
                <Coords points="857,2841 909,2844 935,2820 981,2859 1003,2845 1029,2850 1107,2781 1164,2804 1201,2789 1198,2737 1130,2752 1076,2718 1059,2726 1016,2702 966,2707 952,2697 894,2760 853,2770"/>
                <Baseline points="861,2801 886,2798 912,2795 937,2792 963,2790 989,2788 1014,2786 1040,2783 1065,2781 1091,2781 1117,2780 1142,2781 1168,2782 1194,2786"/>
                <TextEquiv>
                    <Unicode>ffzogen ✳</Unicode>
                </TextEquiv>
            </TextLine>
            <TextEquiv>
                <Unicode>bogli daselbs, aber mit bes
ghanwit ✳
Vber vnner In Einem dorff
by sollethern, Des namen er
mitt wusse, mitt ener
wysen gurren eschaff₎ ghoft
da er uff ein stack gstand
und bose weich mit drafflegt
Dene daselbs ouch mitt einer
brunde guren die er In
Ein weydt pfürtt orch
io bosen willen mitt
fra frahet 
Er habe ouch mit einer geys
ghandleet etc.
und uff der fryer stras
fer mitt ncht einmoren
znste siye er by 27 feen
in disem landt gsin ud
hir vnd har Ferlih dienen
ist anmall Bar, das ander
mall mitt dem grosen stein
ffzogen ✳</Unicode>
            </TextEquiv>
        </TextRegion>
        <TextRegion orientation="0.0" id="r2" custom="readingOrder {index:1;}">
            <Coords points="1799,330 1799,3271 2796,3271 2796,330"/>
            <TextLine id="r2l1" custom="readingOrder {index:0;}">
                <Coords points="2629,403 2647,403 2665,393 2682,402 2698,393 2724,392 2718,315 2704,321 2697,319 2692,324 2675,319 2666,324 2655,320 2636,340 2624,341"/>
                <Baseline points="2633,380 2661,380 2689,376 2717,374"/>
                <TextEquiv>
                    <Unicode>103</Unicode>
                </TextEquiv>
            </TextLine>
            <TextLine id="r2l2" custom="readingOrder {index:1;} date {offset:0; length:22; continued:true;}">
                <Coords points="1904,586 1973,611 2028,570 2223,603 2294,573 2402,571 2497,516 2617,522 2650,499 2643,438 2594,476 2463,447 2350,499 2211,480 2129,511 2016,477 1895,509"/>
                <Baseline points="1908,576 1944,575 1981,572 2018,571 2055,567 2091,566 2128,562 2165,558 2202,555 2238,551 2275,547 2312,542 2349,538 2385,533 2422,529 2459,523 2496,518 2532,512 2569,507 2606,501 2643,495"/>
                <TextEquiv>
                    <Unicode>uff fryttag dem 28 tag</Unicode>
                </TextEquiv>
            </TextLine>
            <TextLine id="r2l3" custom="readingOrder {index:2;} date {offset:0; length:17; continued:true;}">
                <Coords points="1889,675 1968,656 2005,687 2085,644 2194,651 2240,614 2437,649 2538,583 2632,618 2727,577 2715,468 2667,461 2615,523 2496,523 2440,581 2370,565 2200,598 2026,570 1969,617 1879,580"/>
                <Baseline points="1893,663 1934,657 1975,651 2017,646 2058,642 2099,637 2141,633 2182,630 2223,626 2265,622 2306,618 2347,615 2389,609 2430,606 2471,602 2513,596 2554,592 2595,587 2637,579 2678,573 2720,566"/>
                <TextEquiv>
                    <Unicode>Herpstmonar 1585 ir bysin</Unicode>
                </TextEquiv>
            </TextLine>
            <TextLine id="r2l4" custom="readingOrder {index:3;} person {offset:4; length:21;}">
                <Coords points="1875,780 1999,737 2046,761 2112,718 2184,746 2328,704 2389,730 2738,648 2731,592 2653,631 2528,589 2444,650 2282,629 2180,669 2077,649 2009,691 1980,668 1864,683"/>
                <Baseline points="1878,755 1920,745 1963,738 2006,730 2048,724 2091,718 2134,712 2176,707 2219,702 2262,698 2305,693 2347,688 2390,684 2433,680 2475,676 2518,672 2561,669 2603,664 2646,660 2689,655 2732,650"/>
                <TextEquiv>
                    <Unicode>Hun Abrahamm u graffenred</Unicode>
                </TextEquiv>
            </TextLine>
            <TextLine id="r2l5" custom="readingOrder {index:4;}">
                <Coords points="1887,862 1953,836 2076,869 2134,816 2562,746 2607,769 2713,756 2747,736 2740,675 2551,725 2425,706 2317,760 2152,721 2065,769 1996,741 1945,789 1878,788"/>
                <Baseline points="1890,837 1932,830 1975,824 2017,818 2060,812 2102,805 2145,798 2187,794 2230,788 2272,782 2315,777 2358,771 2400,767 2443,763 2485,758 2528,754 2570,750 2613,747 2655,743 2698,740 2741,737"/>
                <TextEquiv>
                    <Unicode>grosweglelh und derweys</Unicode>
                </TextEquiv>
            </TextLine>
            <TextLine id="r2l6" custom="readingOrder {index:5;}">
                <Coords points="1864,923 2147,890 2219,929 2291,872 2334,899 2385,861 2514,908 2573,847 2689,864 2781,834 2775,766 2731,781 2666,748 2606,784 2556,750 2460,804 2395,773 2040,874 1857,851"/>
                <Baseline points="1868,911 1913,905 1958,899 2003,894 2049,888 2094,883 2139,878 2185,874 2230,870 2275,866 2321,861 2366,857 2411,853 2456,850 2502,846 2547,843 2592,840 2638,837 2683,834 2728,830 2774,827"/>
                <TextEquiv>
                    <Unicode>Von miner g hn ist hars</Unicode>
                </TextEquiv>
            </TextLine>
            <TextLine id="r2l7" custom="readingOrder {index:6;} place {offset:11; length:6;}">
                <Coords points="1861,1012 2234,960 2390,971 2429,939 2548,988 2648,925 2642,874 2384,911 2301,877 2215,933 2148,941 2024,899 1853,945"/>
                <Baseline points="1866,999 1904,996 1943,992 1982,989 2020,985 2059,980 2098,976 2136,970 2175,966 2214,961 2253,956 2291,950 2330,945 2369,940 2407,936 2446,932 2485,927 2523,923 2562,920 2601,915 2640,912"/>
                <TextEquiv>
                    <Unicode>herrnn von Lonpen alhie</Unicode>
                </TextEquiv>
            </TextLine>
            <TextLine id="r2l8" custom="readingOrder {index:7;}">
                <Coords points="1855,1105 2083,1064 2255,1097 2315,1052 2464,1071 2574,1019 2766,1005 2760,940 2547,989 2418,940 2345,982 2150,968 2084,1025 1995,992 1912,1045 1849,1046"/>
                <Baseline points="1859,1085 1904,1078 1949,1073 1994,1068 2039,1064 2084,1058 2129,1055 2174,1050 2219,1045 2264,1041 2309,1037 2354,1033 2399,1029 2444,1025 2489,1020 2534,1015 2579,1011 2624,1006 2669,1002 2714,997 2759,990"/>
                <TextEquiv>
                    <Unicode>in der keffi befragtt worden</Unicode>
                </TextEquiv>
            </TextLine>
            <TextLine id="r2l9" custom="readingOrder {index:8;}">
                <Coords points="1829,1190 2010,1165 2082,1209 2212,1136 2313,1160 2388,1135 2440,1169 2560,1113 2734,1093 2730,1048 2625,1014 2534,1071 2490,1053 2404,1088 2299,1056 2269,1092 2226,1074 2152,1119 1825,1135"/>
                <Baseline points="1833,1167 1877,1163 1922,1160 1967,1157 2011,1153 2056,1149 2101,1146 2145,1142 2190,1138 2235,1134 2280,1132 2324,1127 2369,1123 2414,1119 2458,1116 2503,1112 2548,1107 2592,1103 2637,1098 2682,1095 2727,1089"/>
                <TextEquiv>
                    <Unicode>vonwagen des erschs so er</Unicode>
                </TextEquiv>
            </TextLine>
            <TextLine id="r2l10" custom="readingOrder {index:9;} person {offset:5; length:12;}">
                <Coords points="1879,1255 2190,1236 2346,1279 2460,1219 2762,1197 2757,1136 2704,1112 2550,1123 2488,1176 2345,1185 2224,1154 2080,1210 1876,1217"/>
                <Baseline points="1884,1248 1927,1245 1971,1241 2014,1238 2058,1235 2101,1231 2145,1227 2188,1224 2232,1221 2275,1218 2319,1215 2362,1211 2406,1208 2449,1204 2493,1201 2536,1197 2580,1194 2623,1191 2667,1187 2710,1183 2754,1179"/>
                <TextEquiv>
                    <Unicode>mitt anna hidterj getroffen, da</Unicode>
                </TextEquiv>
            </TextLine>
            <TextLine id="r2l11" custom="readingOrder {index:10;}">
                <Coords points="1848,1394 2014,1332 2138,1364 2200,1324 2314,1312 2420,1346 2486,1298 2745,1282 2703,1230 2578,1217 2348,1281 2279,1254 2237,1275 2188,1238 2038,1302 1974,1261 1837,1270"/>
                <Baseline points="1850,1347 1894,1343 1938,1337 1983,1332 2027,1328 2072,1324 2116,1320 2160,1317 2205,1313 2249,1309 2294,1307 2338,1304 2382,1299 2427,1296 2471,1293 2516,1289 2560,1286 2604,1281 2649,1277 2693,1271 2738,1266"/>
                <TextEquiv>
                    <Unicode>sy im ein sturck mattkant und</Unicode>
                </TextEquiv>
            </TextLine>
            <TextLine id="r2l12" custom="readingOrder {index:11;}">
                <Coords points="1845,1435 1928,1454 1992,1421 2105,1432 2355,1393 2492,1412 2648,1384 2686,1361 2684,1321 2569,1285 2533,1318 2478,1300 2423,1355 2331,1315 2256,1373 2146,1392 2024,1379 1974,1344 1921,1392 1842,1401"/>
                <Baseline points="1850,1424 1891,1421 1933,1418 1974,1416 2016,1413 2057,1411 2099,1407 2140,1405 2182,1402 2223,1399 2265,1396 2307,1394 2348,1391 2390,1387 2431,1385 2473,1382 2514,1379 2556,1376 2597,1372 2639,1369 2681,1365"/>
                <TextEquiv>
                    <Unicode>er ira 12 as dircken solle.</Unicode>
                </TextEquiv>
            </TextLine>
            <TextLine id="r2l13" custom="readingOrder {index:12;}">
                <Coords points="1832,1573 1936,1516 2005,1569 2056,1518 2151,1501 2399,1541 2581,1467 2743,1520 2736,1415 2649,1400 2539,1442 2411,1403 2358,1446 2013,1423 1826,1474"/>
                <Baseline points="1835,1515 1879,1512 1924,1509 1969,1507 2014,1504 2059,1501 2104,1498 2148,1494 2193,1492 2238,1488 2283,1485 2328,1482 2373,1479 2418,1475 2462,1472 2507,1469 2552,1466 2597,1464 2642,1461 2687,1458 2732,1455"/>
                <TextEquiv>
                    <Unicode>gete hann und aber sy emn alleten</Unicode>
                </TextEquiv>
            </TextLine>
            <TextLine id="r2l14" custom="readingOrder {index:13;}">
                <Coords points="1831,1615 1938,1604 2049,1650 2103,1594 2176,1594 2230,1642 2325,1580 2450,1578 2510,1613 2562,1572 2735,1554 2733,1520 2684,1499 2546,1505 2444,1548 2316,1543 2252,1500 2189,1556 2002,1570 1937,1517 1829,1575"/>
                <Baseline points="1836,1601 1880,1599 1925,1597 1969,1595 2014,1593 2059,1590 2103,1587 2148,1585 2193,1583 2237,1580 2282,1578 2327,1575 2371,1572 2416,1569 2461,1568 2505,1565 2550,1562 2595,1560 2639,1557 2684,1555 2729,1553"/>
                <TextEquiv>
                    <Unicode>ubelmogende frouw ✳ ouf unbe¬</Unicode>
                </TextEquiv>
            </TextLine>
            <TextLine id="r2l15" custom="readingOrder {index:14;}">
                <Coords points="1842,1703 1887,1686 1928,1718 2059,1685 2134,1719 2219,1672 2265,1696 2617,1672 2754,1650 2752,1608 2573,1629 2336,1596 2229,1658 1985,1624 1840,1660"/>
                <Baseline points="1847,1688 1892,1686 1937,1685 1982,1685 2027,1683 2072,1680 2117,1679 2162,1677 2207,1675 2252,1673 2297,1670 2342,1667 2387,1665 2432,1662 2477,1659 2522,1657 2567,1654 2612,1652 2657,1647 2702,1645 2748,1641"/>
                <TextEquiv>
                    <Unicode>nofffett gsin und warem er on</Unicode>
                </TextEquiv>
            </TextLine>
            <TextLine id="r2l16" custom="readingOrder {index:15;}">
                <Coords points="1825,1807 2080,1777 2151,1825 2274,1775 2342,1819 2481,1755 2542,1798 2616,1751 2780,1741 2777,1692 2718,1706 2641,1666 2614,1692 2566,1668 2477,1727 2350,1703 2236,1728 2174,1685 2045,1726 1889,1689 1822,1736"/>
                <Baseline points="1830,1782 1877,1780 1924,1778 1971,1776 2018,1773 2066,1772 2113,1770 2160,1767 2207,1766 2254,1764 2302,1761 2349,1760 2396,1757 2443,1755 2490,1752 2538,1750 2585,1748 2632,1745 2679,1742 2726,1739 2774,1736"/>
                <TextEquiv>
                    <Unicode>beieff und sipell farnn in dier</Unicode>
                </TextEquiv>
            </TextLine>
            <TextLine id="r2l17" custom="readingOrder {index:16;}">
                <Coords points="1843,1895 1990,1871 2085,1925 2168,1877 2238,1903 2352,1858 2576,1871 2616,1840 2715,1841 2695,1783 2584,1813 2492,1778 2358,1824 2274,1775 2184,1824 2104,1791 2033,1836 1841,1819"/>
                <Baseline points="1848,1875 1891,1872 1934,1869 1977,1867 2020,1865 2063,1863 2106,1862 2149,1862 2192,1860 2235,1860 2278,1860 2321,1859 2364,1859 2407,1858 2450,1857 2493,1856 2536,1854 2579,1853 2622,1851 2665,1848 2709,1845"/>
                <TextEquiv>
                    <Unicode>andern Erschafftt, vnd nitt ind</Unicode>
                </TextEquiv>
            </TextLine>
            <TextLine id="r2l18" custom="readingOrder {index:17;}">
                <Coords points="1815,1971 2077,1955 2178,1999 2255,1941 2331,1993 2384,1963 2443,1994 2536,1953 2702,1992 2744,1984 2744,1885 2680,1893 2617,1853 2343,1923 2173,1877 2074,1939 1918,1898 1815,1918"/>
                <Baseline points="1821,1958 1866,1957 1912,1956 1958,1956 2004,1955 2050,1955 2096,1955 2142,1955 2188,1955 2234,1955 2280,1953 2325,1953 2371,1953 2417,1953 2463,1953 2509,1953 2555,1953 2601,1953 2647,1953 2693,1953 2739,1952"/>
                <TextEquiv>
                    <Unicode>Lowpen uffrilt₎ lassen des</Unicode>
                </TextEquiv>
            </TextLine>
            <TextLine id="r2l19" custom="readingOrder {index:18;}">
                <Coords points="1832,2081 1938,2057 2064,2090 2148,2049 2267,2108 2365,2056 2460,2056 2518,2097 2628,2049 2756,2045 2755,1992 2722,2016 2574,1959 2495,2014 2448,1991 2390,2027 2301,1973 2254,2011 2215,1974 2161,1999 2066,1966 1998,2006 1953,1970 1831,2018"/>
                <Baseline points="1838,2048 1883,2049 1929,2049 1974,2049 2020,2049 2066,2051 2111,2051 2157,2051 2202,2050 2248,2049 2294,2049 2339,2049 2385,2048 2430,2048 2476,2046 2522,2045 2567,2043 2613,2042 2658,2041 2704,2039 2750,2036"/>
                <TextEquiv>
                    <Unicode>halbt müsse er sy mittpferden</Unicode>
                </TextEquiv>
            </TextLine>
            <TextLine id="r2l20" custom="readingOrder {index:19;}">
                <Coords points="1836,2184 1943,2163 2036,2202 2107,2139 2180,2180 2255,2146 2594,2167 2635,2139 2730,2152 2730,2109 2525,2101 2466,2058 2411,2094 2367,2064 2266,2107 2163,2059 2079,2103 1920,2070 1836,2114"/>
                <Baseline points="1842,2136 1886,2136 1930,2136 1974,2136 2018,2138 2062,2138 2106,2138 2150,2139 2194,2139 2238,2139 2283,2141 2327,2141 2371,2141 2415,2141 2459,2141 2503,2141 2547,2139 2591,2139 2635,2138 2679,2136 2724,2135"/>
                <TextEquiv>
                    <Unicode>findergangen und eetrosen</Unicode>
                </TextEquiv>
            </TextLine>
            <TextLine id="r2l21" custom="readingOrder {index:20;}">
                <Coords points="1830,2272 1891,2287 2025,2222 2294,2271 2428,2248 2531,2289 2623,2247 2698,2285 2762,2259 2763,2208 2570,2155 2470,2156 2408,2195 2352,2163 2157,2215 1992,2203 1943,2163 1831,2185"/>
                <Baseline points="1836,2223 1882,2225 1928,2226 1974,2228 2020,2229 2066,2229 2112,2231 2158,2232 2204,2234 2250,2234 2296,2235 2342,2235 2388,2237 2434,2237 2480,2237 2526,2237 2572,2237 2618,2237 2664,2237 2710,2237 2756,2235"/>
                <TextEquiv>
                    <Unicode>an inn wie im trieff pe¬</Unicode>
                </TextEquiv>
            </TextLine>
            <TextLine id="r2l22" custom="readingOrder {index:21;}">
                <Coords points="1848,2327 2326,2332 2463,2392 2527,2352 2554,2380 2611,2344 2674,2370 2801,2342 2803,2281 2638,2304 2594,2270 2526,2290 2409,2248 2361,2278 2256,2249 2092,2291 1974,2250 1849,2285"/>
                <Baseline points="1854,2307 1901,2310 1948,2312 1995,2315 2042,2316 2089,2318 2136,2319 2183,2321 2230,2322 2277,2324 2325,2325 2372,2325 2419,2327 2466,2327 2513,2327 2560,2327 2607,2327 2654,2327 2701,2327 2748,2327 2796,2325"/>
                <TextEquiv>
                    <Unicode>melldert, er habe er plich aufents</Unicode>
                </TextEquiv>
            </TextLine>
            <TextLine id="r2l23" custom="readingOrder {index:22;}">
                <Coords points="1844,2430 2291,2431 2369,2475 2437,2434 2550,2439 2582,2473 2729,2426 2730,2402 2639,2347 2570,2391 2503,2363 2443,2399 2368,2352 2250,2409 2189,2363 2155,2389 2025,2388 1847,2326"/>
                <Baseline points="1851,2412 1894,2412 1938,2412 1981,2412 2025,2413 2069,2415 2112,2415 2156,2417 2200,2419 2243,2421 2287,2423 2331,2424 2374,2426 2418,2426 2462,2427 2505,2429 2549,2429 2593,2429 2636,2427 2680,2426 2724,2424"/>
                <TextEquiv>
                    <Unicode>die 12 gt durch ubergeben</Unicode>
                </TextEquiv>
            </TextLine>
            <TextLine id="r2l24" custom="readingOrder {index:23;}">
                <Coords points="1841,2561 2095,2513 2186,2567 2277,2527 2416,2570 2460,2537 2547,2556 2652,2520 2739,2550 2740,2488 2654,2447 2604,2484 2446,2453 2369,2493 2250,2434 2126,2468 1981,2423 1843,2429"/>
                <Baseline points="1848,2505 1892,2507 1936,2507 1980,2508 2025,2508 2069,2510 2113,2511 2157,2513 2202,2515 2246,2516 2290,2517 2334,2519 2379,2520 2423,2520 2467,2520 2511,2520 2556,2520 2600,2520 2644,2519 2688,2517 2733,2514"/>
                <TextEquiv>
                    <Unicode>sye sy sich darueh gstorben</Unicode>
                </TextEquiv>
            </TextLine>
            <TextLine id="r2l25" custom="readingOrder {index:24;}">
                <Coords points="1793,2592 1961,2604 2041,2658 2148,2600 2209,2625 2744,2628 2746,2569 2661,2520 2595,2573 2462,2537 2419,2570 2368,2546 2332,2580 2214,2579 2043,2514 1794,2563"/>
                <Baseline points="1799,2582 1846,2586 1893,2589 1940,2592 1987,2595 2034,2597 2081,2599 2128,2600 2175,2601 2222,2603 2269,2604 2316,2605 2363,2606 2410,2607 2457,2607 2504,2609 2551,2610 2598,2610 2645,2612 2692,2613 2739,2615"/>
                <TextEquiv>
                    <Unicode>vnd hatt man aber das korn</Unicode>
                </TextEquiv>
            </TextLine>
            <TextLine id="r2l26" custom="readingOrder {index:25;}">
                <Coords points="1859,2688 1944,2699 2016,2755 2122,2706 2207,2744 2299,2718 2339,2752 2394,2707 2577,2711 2578,2656 2463,2615 2419,2647 2373,2619 2314,2662 2249,2618 2182,2671 2104,2629 2061,2659 1981,2628 1953,2652 1860,2655"/>
                <Baseline points="1865,2682 1900,2685 1935,2687 1970,2688 2006,2688 2041,2690 2076,2691 2112,2691 2147,2691 2182,2693 2218,2693 2253,2693 2288,2693 2323,2694 2359,2694 2394,2694 2429,2696 2465,2697 2500,2698 2535,2699 2571,2702"/>
                <TextEquiv>
                    <Unicode>mitt finder fra funden</Unicode>
                </TextEquiv>
            </TextLine>
            <TextLine id="r2l27" custom="readingOrder {index:26;}">
                <Coords points="1823,2852 1972,2887 2035,2861 2335,2863 2450,2920 2535,2880 2651,2911 2656,2791 2525,2825 2472,2786 2378,2840 2159,2835 2062,2808 1966,2722 1909,2771 1829,2754"/>
                <Baseline points="1830,2843 1870,2844 1911,2847 1952,2849 1993,2852 2034,2855 2074,2856 2115,2858 2156,2861 2197,2863 2238,2865 2278,2868 2319,2870 2360,2872 2401,2874 2442,2877 2482,2878 2523,2880 2564,2882 2605,2884 2646,2885"/>
                <TextEquiv>
                    <Unicode>daruff er ansamtt es sye mit</Unicode>
                </TextEquiv>
            </TextLine>
            <TextLine id="r2l28" custom="readingOrder {index:27;}">
                <Coords points="1875,2927 2060,2939 2184,2980 2249,2944 2416,3005 2525,2964 2698,2990 2702,2937 2467,2933 2420,2890 2354,2881 2297,2905 2250,2862 1878,2884"/>
                <Baseline points="1881,2919 1921,2921 1962,2922 2002,2925 2043,2927 2084,2930 2124,2932 2165,2936 2206,2939 2246,2943 2287,2946 2328,2949 2368,2952 2409,2955 2450,2958 2490,2961 2531,2963 2572,2964 2612,2966 2653,2967 2694,2967"/>
                <TextEquiv>
                    <Unicode>inder dan das sy ein allere</Unicode>
                </TextEquiv>
            </TextLine>
            <TextLine id="r2l29" custom="readingOrder {index:28;}">
                <Coords points="1847,3053 2036,3012 2121,3053 2183,3018 2346,3024 2510,3112 2593,3063 2704,3070 2706,3035 2627,2983 2560,3021 2480,2984 2394,3002 2324,2956 2191,2993 2134,2952 2007,2976 1856,2934"/>
                <Baseline points="1857,2999 1899,3002 1941,3003 1983,3006 2025,3008 2067,3011 2109,3014 2151,3018 2193,3022 2235,3025 2278,3029 2320,3033 2362,3036 2404,3039 2446,3043 2488,3045 2530,3048 2572,3051 2614,3053 2656,3054 2699,3054"/>
                <TextEquiv>
                    <Unicode>frouw stye unnd habe grosen</Unicode>
                </TextEquiv>
            </TextLine>
            <TextLine id="r2l30" custom="readingOrder {index:29;}">
                <Coords points="1862,3093 1965,3097 1995,3133 2064,3113 2135,3156 2223,3110 2497,3140 2566,3182 2645,3151 2728,3208 2738,3109 2662,3109 2598,3068 2510,3112 2459,3080 2399,3100 2264,3026 2184,3018 2132,3060 2044,3015 1973,3054 1868,3037"/>
                <Baseline points="1869,3083 1911,3083 1954,3084 1997,3086 2040,3089 2083,3092 2126,3096 2169,3101 2212,3106 2255,3111 2298,3116 2340,3121 2383,3126 2426,3131 2469,3136 2512,3140 2555,3144 2598,3148 2641,3150 2684,3153 2727,3153"/>
                <TextEquiv>
                    <Unicode>nangell ghan, da er samlich</Unicode>
                </TextEquiv>
            </TextLine>
            <TextLine id="r2l31" custom="readingOrder {index:30;}">
                <Coords points="1864,3183 1958,3237 2109,3209 2279,3273 2353,3240 2391,3286 2535,3227 2734,3311 2742,3235 2584,3177 2545,3189 2488,3146 2281,3165 2214,3113 2133,3154 2087,3125 2004,3140 1965,3097 1872,3098"/>
                <Baseline points="1871,3174 1914,3173 1957,3173 2000,3173 2043,3174 2087,3177 2130,3180 2173,3183 2216,3186 2259,3192 2303,3197 2346,3202 2389,3208 2432,3214 2475,3219 2519,3225 2562,3230 2605,3235 2648,3241 2691,3246 2735,3249"/>
                <TextEquiv>
                    <Unicode>gush mitt fra gersanm, name</Unicode>
                </TextEquiv>
            </TextLine>
            <TextEquiv>
                <Unicode>103
uff fryttag dem 28 tag
Herpstmonar 1585 ir bysin
Hun Abrahamm u graffenred
grosweglelh und derweys
Von miner g hn ist hars
herrnn von Lonpen alhie
in der keffi befragtt worden
vonwagen des erschs so er
mitt anna hidterj getroffen, da
sy im ein sturck mattkant und
er ira 12 as dircken solle.
gete hann und aber sy emn alleten
ubelmogende frouw ✳ ouf unbe¬
nofffett gsin und warem er on
beieff und sipell farnn in dier
andern Erschafftt, vnd nitt ind
Lowpen uffrilt₎ lassen des
halbt müsse er sy mittpferden
findergangen und eetrosen
an inn wie im trieff pe¬
melldert, er habe er plich aufents
die 12 gt durch ubergeben
sye sy sich darueh gstorben
vnd hatt man aber das korn
mitt finder fra funden
daruff er ansamtt es sye mit
inder dan das sy ein allere
frouw stye unnd habe grosen
nangell ghan, da er samlich
gush mitt fra gersanm, name</Unicode>
            </TextEquiv>
        </TextRegion>
    </Page>
</PcGts>
