3024 4032
587 360 1279 513 Denne beraffennen sinen
581 423 1305 595 gsellen gnmpt Jacob Erb
586 529 1340 669 us dem trickthall han er an
595 618 1305 752 eignnd er im die kasz zuͦ
601 692 1324 834 ignme nit habe gholffenn
584 718 1338 903 neinen noch kein handanglei
575 826 1382 986 Er habe aaber wol zu ime gsagn
581 895 1300 1041 er söl die fas hinwag.
569 962 929 1096 trasgenn.
560 1108 659 1192 il
716 1095 1355 1257 gunst nit wicher bkhantlich
601 1194 702 1285 ei
707 1194 1240 1321 bitter umb gnad
932 1335 1149 1458 as lassen
651 1415 1331 1548 Toden uff bemelttem
756 1523 1323 1623 tag inn gegenwertig.
734 1590 1287 1702 bhyytt vorstatt
512 1688 1314 1844 Ist wilhelm Ballanndonn
540 1814 1326 1916 von Morste ouch zu Marzil be¬
507 1863 1271 1987 fragt uund im fürgehaltten
527 1941 1315 2049 Als er hiuor ouch ettlich
510 1992 1379 2129 mißghatten halb, alh ie zun pfengck
522 2074 1257 2178 nus eihaltten unnd Ime
496 2132 1363 2237 Domaln sin verwurcke habenn
523 2193 1314 2311 gschrnckt unnd allein mit pur
513 2271 1329 2373 usbgschwungen worden habe
507 2333 1313 2441 Er sich im daran gstossenn
528 2391 1331 2510 noch gebesseren, dann das er für
518 2468 1344 2568 unnd für mif dem stallen und
547 2526 1340 2634 richoffsrech fürgfaren und
519 2594 1269 2728 nnsonderheit, das vr dem Jorg
531 2662 1308 2764 müllern von thonong bykoupt₎n
521 2714 1303 2850 habe gcholff einen füsgeniden
539 2777 1359 2915 gsellen, ermurdeneßhalb sole
507 2862 1349 2968 Er. Die warheytt ni verhalten
506 2915 1311 3029 so madeds annzeigen
1468 330 2313 523 daruff er sin verantwuntuung
1496 422 2226 605 also gebe, nach dem er hieuor
1464 470 2282 661 durch nin g herren gstraffe
1513 523 2331 714 worden, hab mann ju inn sein keimer
1503 635 2266 816 Ist gwisen, da er augentz heim
1526 693 2276 888 zog und wie er heim komen hab
1503 763 2238 940 man im sin zins verkauffen
1520 833 2265 1004 so das er nntzet uier funnden
1484 912 2288 1076 Deßhalb er gan folochuusn zegen
1515 1001 2331 1123 unnd dadanen mi den solocher.
1524 1052 2249 1209 een jem krieg zogen uund
1515 1118 2314 1260 als er widerumb vgg dem krieg
1496 1192 2277 1331 komen habe erzu nuwenburg
1480 1273 2292 1431 inn den räben gwerchen und
1494 1359 2220 1460 dadanen der arnd nach gann
1506 1405 2320 1547 Bassel und der ärid nachzogen
1499 1494 2309 1613 und sich also mit werchen bißhar.
1473 1573 2234 1688 Euntthaltt wie wol er zum
1515 1622 2293 1745 zytte mit werchen finden könden
1502 1678 2294 1819 dann mann den vrachhten von
1512 1774 2267 1870 wege das er alhie ein guttenn
1520 1829 2255 1937 usgesthwungt worde unnd
1499 1889 2262 2015 den verschien fry ttag wye er
1512 1963 2286 2073 alhär kosmen willenns fnn siin
1494 2034 2271 2144 gennonzezuren und zur zolgen
1513 2104 2266 2206 Herberg gein, Da iro zwei
1508 2146 2319 2280 Bartten für har zog₎ unnd unnder
1519 2226 2350 2342 zwogen shant habe er vier beyen
1519 2286 2252 2404 gwunen, daruf er zwo maß
1524 2357 2303 2464 bzallen müßenn dieselbigem
1518 2414 2324 2524 so ermicken darnach inn die wurti
1499 2489 2330 2607 Inn ein gnach an Luffe glege
1506 2558 2259 2677 Daspeast ers mit erzugen mögten
1478 2619 2352 2757 und deßhalb, die wurin geparn
1486 2688 2378 2810 im die husschur uffzechen sonst
1515 2765 2258 2886 wolle er thure gerbrechen vnnd
1495 2817 2372 2935 deßhalb, mit aiandern unsins
1540 2890 2287 3018 worden, Indem Im die huß thur
1505 2941 2419 3148 uff iha worden da spr er gfange₎n worden
