3024 4032
644 243 1473 473 doch weile er das fell keis
641 346 1413 514 unn die fusz samptt dem
631 419 1424 603 kopff und grick bhallt
628 527 1432 689 das übrig in einem sack₎
634 607 1460 806 ain sampstag darnah uff
620 707 1459 908 dnn flys abhin in Puff
607 796 1429 967 huß schicken, Da sollen
614 892 1501 1060 sey es Reychenn wolle er inen
617 1029 1520 1185 an alles fellen halberen, solltent
597 1070 1449 1258 Ime nun mitt dem gelltt wie
611 1184 1499 1354 sy es im Perheysen, mit fallen,
620 1302 1443 1450 vnd daruff habe der inng
611 1394 1526 1539 mur, gfragtt, wie anttwadere
588 1477 1458 1674 hiese, spreche er, ich heysen
610 1608 1470 1753 Hans Larttnan, neme er slich
590 1670 1466 1860 die Eriden in dhandt scheck
606 1780 1451 1928 allso sin namen uff an die
590 1885 1454 2044 stadt bum meyger banck, da
609 1992 1408 2142 das wag hanpett, somlche
594 2078 1467 2236 alles sie beschechen in bysin
605 2182 1480 2344 etter Enderlis, bendiste schreck
597 2307 1408 2434 von gunpei ✳ und marin
576 2368 1435 2526 enng ✳ von thuͦn ✳ die spnclh
599 2465 1467 2619 gfortt, das Inen der menger
596 2550 1424 2716 das zugeheytt ✳ unnd sife
573 2653 1469 2782 Domalen weder venner einer
591 2731 1443 2906 man, nach sie kalb meienr
582 2836 1452 2974 weder in der schall noch by
565 2919 1426 3088 und mit gsin, habe auh par
584 3023 1469 3167 mitt von ine gwust weder
559 3127 1422 3270 von im noch imein halb
556 3224 1465 3361 ob er eins geneygett der mit,
2481 108 2584 230 36
1683 248 2521 455 do sye das kalt so ime mur
1672 347 2552 543 geheyssen noch am stumpstag nit
1682 427 2640 623 komen, daruff er uff anhalltt
1686 529 2548 738 petter Enderlig am sunttag
1668 603 2530 815 guorgen, sin bassen fraun
1665 672 2618 903 harttman zu Hans Ruffe₎ hust
1683 823 2584 1001 gschickt nochmalln zelusen
1676 905 2556 1046 obr der floß komen, der
1674 978 2544 1144 aus am lande gstanden, sye
1663 1074 2584 1244 sy in Hans Suffe huß gansen
1662 1196 2607 1338 das falb gfordertt mitt an¬
1662 1270 2564 1450 zeng es ghore potter Endere
1694 1369 2598 1535 vnd Hans Harttman, Daruff
1673 1461 2613 1603 man ira das kalb guttwills
1646 1578 2606 1697 uberanttworttett, doch das man
1661 1657 2606 1813 Ime ein mas neie schicke, das
1685 1777 2610 1911 or das halb übernachtt thalte
1650 1851 2610 2001 Aber sin Buffen frouw möge
1669 1953 2588 2104 woll gwüste hann, das das
1655 2044 2555 2201 halb veiner zuuermans gsen
1664 2138 2629 2311 sy sye aber mir anheumsch sonder
1643 2233 2597 2401 In der bredig gin, vnd habe
1658 2329 2561 2507 er kheins wegs miitt gwust
1653 2427 2634 2580 das es venner innermans gsin
1652 2520 2628 2685 in dem so beziere er das man
1640 2625 2479 2783 in den jungen muri den
1679 2728 2639 2910 meyper, der im semlichs verheysen
1683 2800 2576 2985 selbs personlich vnderdonfenn
1666 2913 2620 3065 stelle, wolle er In des vnder¬
1667 3012 2635 3191 rustten, dan er noch jnns unser
1651 3073 2565 3277 farlich by 18 faren, megtte
1685 3174 2573 3346 billiset ettwan des vor sinem
