3024 4032
572 378 1352 554 hatt Jorg Müller von thonons
546 474 1370 632 Anzeigt wie das er Leider dem
593 555 1318 692 us blodigkheyt dem wilhelm
563 627 1296 764 Gallandon, unnd im selbs iun
589 696 1315 833 denn, daz er in auget er hab im
577 754 1300 897 helffen wurden unrecht gehann
572 840 1314 987 gab Im nie nitzet Helffen boß
540 923 1325 1047 verbring unnd er habe ouch
599 972 1301 1091 Gar. vnd mit gmurdt vnnd
579 1049 1371 1167 dem sost Hanns Buch Brandda
591 1109 1339 1225 unschuldig angebe dann sy und
589 1176 1332 1302 er vnsthuldig vnd solichs wie
597 1262 1359 1364 er aber anzeige nie vbracht er
562 1321 1326 1442 Er gloubt aber wol hallanden
600 1399 1350 1505 syr wol als bos eit stälen und
561 1450 1353 1566 wurdenn als er wiewol er im
610 1529 1359 1640 ne nitzet habe helff stellen
546 1604 1368 1750 Denne hatt er noch wicher diebstal
571 1702 1287 1820 dann hieuor anzeigt, vezachn
557 1772 1342 1869 vnd namliche habe er zu solochurn
552 1824 1270 1939 Im swtal ein schwarz fryberg
571 1901 1304 2000 tuchtmen mantel gnomen darzu
559 1960 1308 2066 Im prramorda gholffen welichen
567 2030 1376 2125 man tel sy im spital zu hoffingn
558 2079 1236 2190 umb i drckpt verkoufft
569 2180 1319 2301 Denne zu uttwil zur fronen
563 2271 1332 2365 ein min hoch parschu die erselbs
548 2362 763 2449 brochen.
529 2439 1288 2552 Denne sy sant urban uff
525 2504 1279 2634 einem hoff, ein Contsth rock
556 2574 1268 2696 euntfrombdert umd denselb
568 2644 1372 2757 einem landtfarer umb 2 dietpfe
537 2719 762 2797 verkonft
529 2805 1374 2911 Denne zu Borbach ein hußnehmen
527 2872 1294 2966 tuwen rock gno mer und darif
537 2929 1191 3033 ein dckenpfenns glößt
514 2985 1286 3131 Denne zu Urspbach iLaderrock
1512 337 2289 519 Dene zu Zelle zum Luerener
1521 413 2384 598 owen hab er ein hontschen grun
1503 482 2366 661 Woderroft so gmomen vnd eintr
1514 540 2354 724 gnemet groz achen so ein landt
1477 617 2293 800 farer umb 1fronen verken in
1478 712 2341 866 darzu ein gwen varhoßen gnanen
1505 774 2278 930 dieselbig umb ii dieppf
1511 862 1877 999 n und b
1481 933 2256 1100 Denne Im einan andern dorf
1493 1032 2219 1189 I Lntzerner geriet habe
1517 1115 2295 1245 und ein schurliz wariffl gnomen.
1486 1199 2342 1324 deun einem kramer zu sumeß
1523 1293 2107 1397 wald. ein fleinschen hin
1496 1407 2303 1501 Denne ob Porbach uff einem
1512 1482 2107 1592 off ✳ ii nass hembder
1482 1586 2344 1693 denne zuͦ Bitwel dem wirt
1516 1669 2256 1763 in Tschopplin so mit frauwem
1512 1728 2318 1834 hußruchtenen auch gfuttern gsin
1514 1793 2258 1906 gnomen und zu zoffung im
1527 1846 2271 1980 Uital umb 1 batz verkontt
1494 1963 2233 2086 Denne ob zoffung inn einem
1524 2034 2244 2139 dorff hab er vier Einlach
1520 2102 2278 2229 gnomen und 2 dibpf daris
1550 2167 1673 2246 gloßt
1493 2234 2224 2356 Denne daselbst ein grunen
1524 2311 2305 2409 4schoppt und ein sack gnomen
1515 2366 2298 2500 vß dem tschoppen vn costantzer
1506 2447 1791 2544 ben gloßt
