3024 4032
573 182 1454 393 Denne ist im ouch für¬
602 318 1467 492 schan, wie das er vil zmart
611 403 1451 571 Bange vnnd aber entze
591 486 1416 661 zkouff noch zuerkouffen
601 599 1459 760 habe, was er deß halb al¬
597 686 1459 822 was an den meritt thuge
628 798 1472 921 gatt er anzeigte dae er nit
611 856 1480 1006 vol zmard Bange dan
609 967 1468 1102 er zum zittn mi ein haber
601 1048 1493 1189 habe es sye dann dz ettwan
617 1157 1431 1260 gan erlach gange umb
620 1205 1440 1379 i sy soltz zekrufft und
569 1314 1457 1473 Wil sonnst gar kheiner
600 1419 1500 1570 bosen mis landlung sichtig
588 1497 1365 1660 und bfandtlich sin
710 1823 1494 1969 Eodem vff bemeln
802 1918 1502 2084 tag in bysin vorstat
569 2103 1440 2234 Ist Cristen Struch ouch
522 2187 1478 2313 von Hnns vnrdit antrefent
508 2259 1438 2407 und von wegen wie di er
560 2352 1454 2479 mit sampt ettlichen sinenn
559 2440 1494 2598 gestelen, einsen vff demarbers
557 2513 1480 2672 feld angriff₎n c. zu Marzil
575 2614 1417 2749 gfragt hatt er deselbigen
576 2692 1480 2869 gnntz und gar mit kantlich
593 2778 1430 2925 in wollen, mit anzeig die
569 2866 1463 3019 er nutzen, hier ni wusse,
551 3033 1450 3227 Denne zur furghalttenn
2513 116 2579 190 31
1689 159 2634 375 wie dae man frgtter bruht
1672 269 2631 476 das er mit ird dryen gselen
1713 343 2642 543 ob solochenn, all wegn nachts
1701 430 2649 623 am ableit in ein wurtshus
1686 552 2588 690 und den morzn vor tag
1683 619 2649 796 widerumb daruß ganzenn
1667 703 2588 891 und solichs drytag Lanng
1723 802 2614 967 tryffen, war mit sy inn der
1695 874 2592 1045 zygt umb gang₎ und ge¬
1706 947 2643 1111 handlen haben, hieruff
1736 1071 2533 1234 er sin bsechend geben wie das
1697 1166 2584 1282 er und noch wro vier mit
1689 1246 2552 1391 im uff iin zytt ✳ vier
1692 1292 2603 1472 waß nin win gan solohurn
1729 1411 2549 1552 sfürn da sy am abhin
1714 1462 2579 1644 faren, Inn einem dorff
1708 1585 2559 1733 vbernacht glegen, Im
1714 1654 2586 1818 solothurn iien vber nacht
1738 1748 2634 1890 glegen, vnd am vffhin faren
1729 1841 2619 1978 habent sy salz gfergen, da
1699 1916 2624 2064 st voh weg wùg witers
1707 2023 2615 2160 ei nacht zweg₎ zwegen
1734 2116 2630 2235 ryed vnd ein nachtt zrutte
1745 2189 2676 2324 bloben und aber nacht gelege
1721 2262 2543 2423 Sonnst sye er nie doch
1743 2359 2628 2493 dand umbl drr nacht
1747 2429 2590 2587 bfarer und die o by
1738 2518 2631 2678 im gsin syent al da ein
1773 2621 2580 2775 mit huß geseßen, dann
1757 2720 2625 2859 vgar nitt loß mit
1734 2798 2635 2977 eiandren miß gehandten
1721 2950 2666 3128 Er Ist ouch durch meister
1749 3051 2625 3217 maratin bsichttiget worden
