3024 4032
950 326 1756 544 wor an zetlichen gut anleigte
926 401 1741 632 Burh zu ihr page so s
892 535 1759 726 fn, dar über Nemen wol
1692 599 1732 665 4
909 593 1758 798 und gut wo nit wol er als
919 709 1754 902 mer allein ri ein dan
946 786 1744 988 selb ander unangsstechn siner
895 883 1742 1086 darwendung hibnn sy
915 991 1737 1149 einandern gnomen unnd
872 1096 1757 1274 weals  inn im husz komen
909 1149 1775 1356 habe, wa sich samgens erklagnt
907 1281 1745 1478 wir sy so in ebe für his
882 1345 1725 1527 kommet uim er habe spa
932 1463 1758 1637 bschiben und beraggen
923 1559 1741 1726 der einmal zu ir gesagt
878 1646 1718 1805 Er habe es doch ire zuor
915 1730 1756 1887 vnd er anzeeptt vnd spa hrs
897 1825 1771 1958 Wittens abgmant und ab¬
930 1929 1764 2058 vewysen als sy aber ni mit
917 2011 1740 2167 ein hushalfn wollen, se sy
869 2106 1778 2264 vvon iit Flüf und egfartih
916 2204 1765 2360 aen gotteeh vor jangfersih
867 2304 1783 2442 fr der bett zu Linenstan
1216 2396 1374 2467 da na
870 2408 1753 2555 iandtgtt ✳ s durch erren
874 2486 1764 2614 Lut beredt wolden wider.
909 2562 1776 2703 umb zu einandern zekberen
893 2648 1729 2822 und so ein minder als sy zu
887 2756 1752 2954 im komen in gfragt ob sr
894 2848 1762 3004 widerumb mir ira hus haben
913 2980 1728 3130 wolle, habe er ira grant,
897 3020 1791 3192 wurt er habe so eir heisen
894 3140 1742 3300 henwag gan wil spouch em
882 3241 1606 3426 heisten widerken etc.
912 3347 1708 3539 als mine schuldner im
922 3439 1698 3619 sun los ki und anders
916 3491 1783 3736 un das ser zuren zehund gsten
1492 3607 1769 3748 essergben
2690 270 2801 352 117
1959 390 2120 490 Ist
1847 324 2828 562 Er, ouch angel als sy einmals
1872 419 2847 676 ein stuck bror us dem hafn
1892 542 2776 764 gronsen dzs er ir daselbig
1871 624 2823 860 ns den hùnde gezuckt und
1875 704 2831 944 zu frgsprochen, sy soll ußhin
1864 830 2797 1047 uff Bitsman gan unnd mit
1922 894 2842 1092 men finden haber marck frasten
1870 1016 2808 1233 faß soliche hab er solchs gethann
1917 1130 2725 1287 d so für und fürafen
1890 1195 2785 1375 soweßet er hab sy bschifgen
1897 1312 2829 1485 vnd bewosen vnd sonderlichen
1872 1426 2780 1588 deßweg da sy ius maltter
1857 1523 2742 1681 konns zu am gebracht
1914 1614 2739 1744 dieselben s in beinen
1886 1713 2812 1877 vnd Rnderer gstalt. hin¬
1901 1812 2760 1959 weg geflöckt, habe In dz
1892 1920 2792 2059 ouch befuret wan er jnng
1892 2001 2770 2162 husz konnnn sye sy darus
1883 2084 2800 2262 arg vnd d I zuuor des
1901 2188 2820 2350 man schept und mit dem
1875 2256 2785 2462 imer ihn krieg gstn, das
1912 2388 2797 2533 s im aber hieuor kheins
1856 2493 2596 2636 ege anzeigt habe
1877 2640 2738 2809 Er pat ouch uf zu ime.
1903 2731 2747 2874 gehadee fürrhalttung für
1922 2828 2843 3019 kb. das er in denen pso wuche
1886 2905 2745 3106 In deman er sie frouwen
1920 3019 2805 3168 schept nit inser dann ein
1930 3090 2810 3316 mahn der erlichen wercken mit
1874 3206 2851 3386 Fra gepflegt sonnders
