3024 4032
616 331 1384 514 wolichen sy darnach inneiner
616 396 1399 598 marthende dergrabenn daselb
612 450 1398 673 y orth er ouch wol zegen kind
530 536 1381 755 unnd habe gebachtter sin iste
587 629 1341 795 Domaln ein schwerdt unnd
559 688 1359 898 Er allei ein stecke ghesten
574 879 1359 1113 Dem hernder
535 1010 1298 1163 einer gnempt dica muld
554 1108 1381 1250 unngfarlich ✳ des oder um wechen
509 1168 1360 1306 Er er micber gfanngttnn
562 1255 1319 1391 worde ouch eienfußgandenn
583 1300 1360 1449 gsollen dnner von Huttwil
563 1400 1363 1531 uff einer strass ernurtt
547 1474 1352 1599 by demselben sy zwen nuld
555 1533 1337 1673 funden diel sy zecheln unnd
536 1621 1336 1754 inn dar nach nit₎ wytt da
549 1697 1349 1815 danen vergraben, daselbig
564 1772 1306 1885 ore so sy ann begrabenn
549 1818 1131 1958 er woltzeig woll
528 1949 1363 2101 Denne anntreffennt sin gseln
557 2064 1256 2165 so mit ime gfangen wrdn
575 2113 1317 2235 gnenndt Jacob Erb us dem
561 2185 1337 2312 frenckhall hatt er imeinhalb
577 2264 1330 2378 sheid ges das er mitzsit von
568 2342 1382 2446 Im wüsten das er bos shandle
532 2409 1369 2520 noch ime zestellen gholffen habe
524 2496 1319 2594 Dame das er im anzeigt wann
551 2531 1367 2648 er müller schon widerum ledig
524 2607 1334 2725 glassen werde werde er in
523 2669 1253 2789 mog vom stelle lassenn
525 2729 1390 2846 und er Jacob Erd spe mit haub
528 2799 1380 2903 Els Dem schwid von underwalden
547 2870 1338 2970 sin jar umbherzogen und
557 2913 1349 3063 pefer mit stalen hürig gsn
530 3018 1300 3177 wie sonst nin wich okhantlich
1554 326 2313 486 Ist des Ersten mit dem
1548 387 2350 570 Großen stein, dem nach aber
1569 472 2320 625 nin dem großen under mit
1574 546 2308 694 Eisten stein aneiandern
1577 608 2380 789 schrnckt ffzogen worden.
1880 714 2048 800 eßlasen
1521 905 2217 1043 vff Monntag dem 12
1513 970 2257 1142 Novembris im 1564 jar
1537 1050 2276 1199 presentibe, Herren Hanns
1531 1117 2267 1258 Anthenn Tillzuers des jars
1522 1193 2323 1322 Barchlome Amans der burgern
1527 1251 2290 1388 Hanns Shnn Großweibels
1504 1342 2235 1448 unnd der weitren mnte g
1553 1413 2022 1532 hern Gmeinlich.
1447 1568 2335 1692 Ist Jorg Müller von Thonong aber
1485 1636 2276 1744 maln zu Marzili antreffend und
1479 1704 2266 1818 von weg siner hieuor anzeigen
1475 1773 2312 1877 nußhandlung nach allein ernst
1483 1828 2246 1951 bffragt mit anzeig ob er im
1460 1900 2286 2019 DochSitmaln er die greber der
1499 1975 2249 2083 durch inn und siner gsellenn
1479 2033 2285 2126 Ermurtten Biderbeulut nit
1494 2099 2297 2213 Zeig konndi vnrecht gehan habe
1470 2165 2307 2284 Darüber er sin bscheid alß gebennd
1484 2238 2268 2333 das er es goutzlich bi seiner hievor
1488 2301 2292 2410 gehanen erzucht blicben lasse vor
1494 2367 2327 2481 also ergangen unnd thege im mi
1480 2426 2293 2542 unrecht woll ouch daruff
1517 2490 2318 2631 terben unnd guechen, das er solchs
1493 2578 2341 2670 alles, namlich die diesstal allein
1484 2621 2299 2755 vnd die mordt mit hilff semer
1492 2692 2375 2838 hieuor anzeige gsellen derbracht
1466 2737 2285 2898 vnnd spe das auch die ursach das er
1457 2798 2347 2937 die greber by burgdorff und
1493 2875 2350 3033 hetwill nit zeigt fandi von wegn
1500 2949 2354 3101 das sy die selbig beder Rlurt zwusch₎n
1489 3004 2363 3156 tag und nacht ermurt haben
