3024 4032
741 146 1575 398 a de w ge
721 266 1569 500 ein sit gan Lutzsch flü fey
724 331 1501 565 euter ken de sigh
674 439 1560 681 friende einer fun der steben
703 546 1553 763 zu tysch gstesten bensellen
666 630 1553 859 haben, er wellen geleshausen
700 739 1581 957 Inn dem der weybel kone
683 825 1538 1043 zudem er gsagt von wegen
642 913 1528 1134 da er In zenache Im vorhin
674 1004 1509 1246 betromet, ob er fun jetz
671 1125 1502 1322 fachen wel. Da der wirt ze
627 1221 1545 1398 gfraft ob er sin byort dien
615 1307 1509 1503 nen fach sole, da er im
631 1418 1551 1563 owals gesen sayende weder
671 1512 1488 1664 da wit daruff er Im
666 1593 1527 1776 sin dapen gnomen und sye
662 1689 1511 1838 nit willens gsin inn mitt
617 1756 1510 1932 dem sagen zeschlachen dann
645 1881 1492 2007 er nnt darumb dargang
611 1952 1506 2103 das er yemandt leides habe.
624 2016 1478 2192 wellen zu fugen und hiemit
608 2133 1467 2268 durch die ainen pflochenn
624 2223 1530 2361 vnd leider gsagt der weibl
590 2310 1457 2447 haber frund, die habent
611 2384 1454 2537 kasz gnomen und hienir
599 2482 1520 2620 Erlich shwir inn zeringen
605 2569 1463 2726 ein touffen lassen.
585 2660 1533 2817 und ouch zum weybel gsprochen
579 2757 1458 2908 kome er inn den pottt
562 2862 1512 2981 Leng Bart er wel im wol
586 2945 1487 3098 als heis machen als er im
606 3028 1488 3167 an ders soe es nit ergangen
543 3120 1494 3245 enne das er dem Jacob
525 3200 1488 3361 kipffenn sol wo mier haben
2579 201 2657 283 68
1708 269 2660 457 im si hus zeueroronen
1705 366 2641 520 Ist er nir bfhantlich er
1710 470 2590 599 hab aber wol zu in
1721 546 2648 717 gsagt als er kürffer iun
1744 639 2671 792 ein fulen Hudler gscholten
1724 750 2654 882 er wel im den fausz mit
1689 827 2601 988 Recht mal oder er muse
1708 910 2437 1069 Am den fan machen
1723 1019 2682 1205 ist sonnst mi wiher anerd
1774 1148 2360 1296 noch obhantlich ꝫ
1852 1445 2560 1559 uff mondag dem tag
1795 1530 2525 1655 Brachmonat Im 1465 jar
1753 1595 2626 1742 in sogonwurttigkheytt des
1736 1698 2621 1811 x W h petter im hags
1747 1777 2613 1906 des Thars Obrahamm von
1736 1852 2614 2009 graff vnriedis groß vnnd der
1734 1972 2285 2099 w miner g. hn
1661 2088 2576 2279 Fist Hans Faunsti von Hùb
1704 2221 2613 2374 in der Eeffi befragtt und
1697 2310 2480 2472 Im ferphallten vonwasen
1716 2396 2559 2553 mer hußhalltung wie er 10
1688 2508 2619 2665 furnt₎ wog hnser uberffenn
1702 2565 2591 2745 vnd bruren vnd aber weig
1685 2691 2502 2839 vermogen, zu dem habe er
1676 2750 2605 2947 ein bossin jnns mitt fùrar
1676 2840 2594 3017 und buben und ettwan fùrn
1679 2958 2471 3118 lch fra odrya oder viera
1661 3048 2614 3254 Kinderbottett ouch sin jung
1658 3143 2541 3329 frauw mitt Vich vberrert
